3838 5824
382 336 445 411 138
891 335 1005 399 Mysterll
1023 334 1225 402 Cosmogrspbicl

380 494 412 568 5)
436 506 560 553 centnm
580 497 660 569 plani
679 497 783 555 cubici·
808 504 943 569 enintque
965 496 1063 555 talium
1083 495 1217 555 linearum
1237 514 1298 563 sex,
1321 504 1352 551 et
1375 499 1444 555 situs
1467 498 1587 570 undique
1610 498 1737 569 sibiipsi

359 580 482 723 milii)
503 656 595 723 Quia
586 675 615 711 ιιι
629 657 770 726 pyramide
785 673 836 725 per
849 657 922 709 huno
935 654 1063 709 vitiosum
1077 655 1159 709 situm
1174 655 1341 725 impedimur,
1361 664 1394 712 ut
1407 658 1496 715 suedia
1510 659 1602 752 latera
1616 677 1736 731 nequea-

379 755 438 792 mus
456 754 588 884 liin'sliirric
603 833 670 870 sane
685 815 797 869 etiam
789 832 816 868 ιιι
836 814 979 884 pyramide
1002 813 1175 877 invenientur
1193 821 1313 884 quatuor
1330 816 1421 871 modia
1439 816 1547 887 latera3
1573 827 1639 873 tunc
1652 818 1739 879 etiam

377 897 447 951 situs
462 897 634 969 figurarum'
628 914 654 949 in
669 911 699 948 se
714 901 808 948 mutuo
822 895 953 962 respiciet
966 892 1068 965 leges
1060 894 1266 963 inscriptionum
1279 896 1518 986 geometricorum.

457 975 479 1040 l)
504 977 565 1029 Non
585 966 702 1045 possunt
722 973 833 1043 iuquam
852 991 1004 1045 congruere
1026 974 1117 1026 latera
1131 974 1211 1028 unius
1225 975 1317 1028 omnia
1330 977 1466 1031 lateribus
1482 977 1606 1041 alterius,
1629 978 1738 1033 minime

376 1056 495 1110 omnium
508 1054 668 1127 pyramidis.
711 1052 823 1107 Scilicet
844 1052 905 1106 ideo
919 1070 1041 1123 congrue
1065 1053 1130 1122 poni
1152 1071 1206 1107 non
1227 1062 1350 1124 possunt,
1376 1056 1441 1126 quia
1463 1056 1569 1113 initium
1592 1057 1736 1129 positionis

376 1153 430 1189 non
444 1135 547 1189 factum
561 1142 607 1188 est
619 1133 761 1204 regulare.

455 1227 495 1301 m)
519 1232 572 1287 Hie
592 1231 717 1303 equidem
740 1229 881 1302 legitimus
904 1233 1020 1289 duonum
1038 1234 1136 1289 honim
1156 1250 1302 1303 corporum
1312 1235 1391 1293 ‚situs
1405 1241 1451 1289 est
1470 1236 1506 1288 ed
1525 1251 1557 1288 se
1574 1241 1681 1289 mutuo:
1706 1242 1739 1291 at

376 1314 500 1369 ootaddri
514 1313 592 1375 situs,
608 1310 654 1382 qui
667 1312 708 1365 sic
721 1311 892 1375 adsciscitur,
906 1313 1069 1386 illegitimus
1083 1322 1136 1369 est.

454 1406 484 1474 ι)
511 1408 625 1465 Omnino
640 1410 729 1462 multa
742 1416 859 1471 restant,
876 1426 929 1480 quo
945 1409 1033 1465 minus
1049 1410 1102 1465 hoo
1116 1409 1207 1464 dicere
1221 1409 1366 1479 possimus.
1407 1409 1480 1464 Nam
1493 1408 1571 1471 situs,
1596 1409 1642 1481 qui
1655 1410 1737 1479 polu

373 1488 420 1544 bio
433 1488 537 1560 signat
556 1487 720 1560 illegitimus
735 1495 787 1541 est
831 1489 973 1552 Quatenus
987 1506 1054 1544 rere
1072 1489 1102 1549 in
1116 1491 1230 1551 (hobus,
1255 1491 1426 1544 dodecatdro
1441 1496 1471 1544 et
1488 1488 1641 1552 ioosaddro,
1664 1488 1737 1544 situs

373 1576 419 1623 εει
431 1568 581 1639 legitimus,
598 1567 712 1623 totidem
725 1575 843 1637 possunt
855 1586 918 1623 esse
926 1569 993 1639 poli,
1016 1576 1086 1640 quot
1098 1570 1196 1641 anguli
1212 1571 1303 1641 hujus,
1326 1570 1414 1639 piena
1427 1567 1511 1632 illius,
1531 1567 1673 1632 duodecim
1686 1585 1735 1632 sa,

374 1663 460 1718 quare
479 1664 567 1702 zonae
589 1647 769 1703 intermediae
789 1664 849 1703 sex.
891 1650 982 1703 Erunt
998 1649 1087 1722 igitur
1100 1649 1198 1704 incerti
1211 1651 1354 1720 planetae,
1376 1665 1505 1720 quorsum
1523 1655 1598 1702 eant.
1640 1649 1672 1702 lu
1684 1664 1736 1718 ge·

373 1744 440 1783 nere
454 1727 551 1782 obstat
564 1729 624 1790 hoo,
640 1729 713 1798 quod
725 1728 832 1799 figurae
847 1727 920 1783 istae
933 1728 1006 1782 reali
1019 1730 1076 1783 situ
1090 1728 1212 1799 partium
1225 1732 1261 1784 sd
1275 1746 1306 1782 se
1319 1737 1414 1784 munio
1434 1746 1490 1782 non
1503 1735 1569 1785 ειιιιι
1581 1743 1735 1797 expressae

373 1808 402 1861 in
419 1809 528 1870 mundo,
551 1809 599 1860 sed
621 1807 710 1861 solum
727 1807 870 1876 proportio
890 1809 996 1863 orbium
1008 1810 1177 1880 -dguralium
1197 1809 1282 1864 exiis
1303 1811 1431 1864 desumto
1451 1808 1479 1861 in
1498 1810 1579 1862 orbes
1598 1806 1738 1861 coelestes

373 1886 427 1942 snt
440 1887 582 1942 nanslets
590 1902 773 1955 numerusque
784 1886 891 1942 orbium
908 1903 927 1941 a
944 1887 1232 1958 tigurisconstitutus.
1273 1889 1387 1943 Rectius
1401 1887 1488 1959 igitur
1509 1888 1582 1943 hano
1595 1885 1736 1959 quaestio-

373 1983 448 2021 nem:
471 1983 530 2019 cur
553 1966 643 2019 hano
661 1966 790 2035 potius,
811 1983 912 2037 quam
933 1966 1309 2023 eliamvia-mourrant
1327 1968 1514 2036 planetae,
1537 1974 1571 2021 ut
1588 1968 1737 2022 absurdam

373 2044 542 2114 repellimus.
584 2044 655 2098 Nam
670 2046 866 2101 comessatio
878 2045 1033 2100 ἰιιιειιιίοιιε
1045 2047 1100 2101 Dei
1118 2047 1244 2111 circulus,
1267 2048 1386 2101 motibus
1407 2047 1585 2116 planetarum
1605 2061 1734 2101 necessa

372 2124 438 2186 rius,
460 2123 501 2178 illi
514 2125 592 2177 Deua
615 2141 666 2193 per
680 2122 861 2179 intentionem
879 2125 1031 2180 constituto
1050 2126 1195 2185 materiale
1214 2134 1245 2181 et
1268 2127 1412 2181 stellatum
1433 2126 1608 2195 sphaericam
1622 2127 1734 2179 circum·

368 2203 449 2274 jecit.
491 2203 550 2257 Nec
568 2202 704 2258 dubitatio
725 2204 821 2275 aliqua
831 2205 924 2261 Deum
942 2206 981 2259 ab
999 2222 1084 2274 opere
1106 2206 1230 2271 retinuit,
1254 2224 1309 2277 quo
1321 2205 1410 2260 minus
1433 2205 1540 2259 initium
1558 2204 1619 2273 ejus
1642 2206 1735 2259 iacere

372 2290 476 2352 posset,
496 2282 576 2353 quasi
589 2283 649 2341 εἰιε
662 2282 785 2345 ratioue;
806 2300 871 2339 nam
884 2291 951 2340 tuno
963 2300 1062 2354 eorpus
1077 2287 1183 2342 nullinn
1200 2286 1421 2356 praeexistebat,
1446 2285 1525 2353 cujus
1546 2284 1595 2338 ille
1614 2284 1736 2353 partium

371 2369 502 2431 respectu
525 2361 674 2417 dubitaret
716 2363 843 2433 Spatium
866 2381 932 2418 vero
954 2363 1013 2419 sine
1037 2382 1151 2435 corpore
1171 2382 1244 2436 pura
1256 2374 1301 2421 est
1323 2366 1451 2436 negatio:
1476 2363 1602 2434 satisque
1617 2363 1735 2418 rationis

372 2449 418 2496 est
430 2444 465 2497 ad
480 2442 634 2497 faciendum
649 2440 755 2497 initium
779 2443 806 2497 in
819 2442 925 2499 infinito
937 2443 1043 2507 nihilo,
1066 2446 1112 2498 rel
1134 2446 1262 2517 cogitare
1286 2446 1386 2500 leviter
1407 2447 1441 2499 de
1456 2444 1563 2515 aliquo:
1587 2445 1647 2499 tale
1660 2443 1736 2499 enim

372 2521 525 2592 cogitatum
544 2520 605 2589 jam
628 2522 724 2576 statim
747 2522 858 2577 infinitis
881 2525 966 2580 modis
981 2531 1026 2579 est
1045 2525 1244 2594 praestantius,
1269 2525 1375 2596 reliquo
1395 2524 1501 2579 infinito
1516 2542 1570 2579 uon
1585 2530 1658 2588 actu,
1684 2541 1738 2577 neo

371 2601 513 2663 existenti,
528 2619 579 2654 nec
593 2600 734 2672 cogitato,
755 2601 837 2657 etsie
851 2603 926 2673 prius
941 2604 990 2660 illo
1011 2610 1042 2658 et
1055 2603 1133 2659 initio
1148 2612 1253 2675 aptum.
1294 2607 1392 2675 Neque
1400 2621 1467 2658 rero
1482 2605 1585 2674 primus
1595 2621 1650 2675 ego
1664 2621 1732 2664 sum,

372 2681 419 2753 qui
442 2699 484 2735 me
506 2681 669 2750 ipsumhoc
692 2681 782 2737 inutili
796 2684 959 2752 quaestione
978 2683 1115 2756 fatigavi:
1139 2701 1196 2738 our
1220 2685 1368 2740 scilicet
1390 2686 1455 2739 hao
1477 2685 1663 2741 traductus
1687 2682 1735 2737 sit

372 2760 555 2824 zodiacus,
581 2778 652 2814 oum
674 2761 833 2831 potuerit
855 2763 945 2828 alia,
975 2764 1064 2818 locis
1087 2763 1272 2819 infinitis?
1314 2763 1441 2819 Invenias
1464 2763 1580 2817 similem
1599 2762 1683 2832 hujus
1705 2762 1734 2816 in

372 2840 502 2894 aristot:
518 2857 576 2894 cur
590 2840 807 2910 hancpotins
822 2841 855 2896 in
870 2843 1011 2916 plagam
1030 2851 1115 2899 eant
1132 2845 1317 2914 planetae,
1340 2860 1440 2915 quam
1459 2842 1491 2896 in
1505 2841 1583 2911 ejus
1598 2850 1733 2897 contra·

369 2918 472 2974 riam?
512 2920 583 2974 Nam
598 2938 632 2974 ne
646 2919 691 2974 hic
705 2921 813 2991 quidem
826 2922 898 2976 ratio
914 2934 959 2978 est
971 2925 1031 2979 ulla
1045 2924 1124 2978 unius
1147 2941 1215 2993 prae
1231 2925 1329 2988 altero,
1354 2940 1415 2977 oum
1434 2921 1520 2977 omnis
1535 2922 1617 2985 linea,
1642 2920 1733 2994 lougi-

372 2998 473 3053 tudinis
488 3000 651 3064 conditione,
674 3003 741 3054 duas
757 3002 884 3067 obtineat
897 3004 1008 3077 plagas,
1024 3021 1095 3075 quae
1111 3012 1175 3058 sunt
1189 3002 1304 3058 inrecta
1324 3020 1419 3057 versus
1435 3004 1501 3055 duos
1516 3000 1577 3069 ejus
1593 3003 1732 3056 terminos.

371 3080 488 3134 Fatetur
511 3080 620 3151 quidem
641 3079 680 3134 ibi
693 3081 861 3136 Aristoteles
886 3082 914 3136 in
931 3101 1044 3155 genere,
1069 3102 1122 3137 non
1138 3083 1255 3137 omnium
1276 3083 1399 3137 rationes
1423 3085 1518 3135 eodem
1537 3080 1616 3135 modo
1637 3080 1733 3152 quaeri

371 3176 466 3229 posse:
492 3160 617 3214 adoritur
640 3168 733 3215 tamen
757 3162 948 3231 quaestionem
970 3163 1056 3216 hanc:
1081 3171 1209 3216 naturam
1225 3163 1268 3216 ait
1287 3163 1360 3216 iuter
1379 3160 1525 3231 possibilia
1538 3178 1648 3230 semper
1661 3163 1734 3231 quod

371 3239 504 3307 optimum
521 3239 644 3310 eligere:
667 3239 764 3294 melius
784 3257 849 3294 vero
869 3258 939 3303 esse,
964 3248 997 3295 ut
1017 3241 1143 3296 ferantur
1164 3241 1255 3295 sidera
1278 3242 1304 3295 in
1329 3242 1444 3313 plagam
1465 3240 1630 3312 digniorem
1655 3240 1733 3310 atqui

370 3316 522 3386 digniorem
537 3334 599 3371 esse
613 3317 729 3389 plagam
742 3334 875 3388 prorsum,
899 3336 981 3389 quam
994 3327 1152 3373 retrorsum.
1189 3319 1324 3375 Ridicule.
1361 3320 1433 3373 Nam
1451 3320 1527 3389 prius
1547 3336 1629 3391 quam
1643 3328 1733 3375 motus

370 3404 453 3456 esset,
469 3403 570 3450 neutra
584 3398 681 3466 plaga,
704 3414 793 3466 noque
807 3414 941 3467 prorsum,
966 3414 1055 3469 neque
1077 3405 1228 3453 retrorsum
1252 3400 1409 3461 dicebatur;
1432 3399 1594 3469 principium
1617 3399 1732 3469 petitur.

369 3478 530 3547 Argutatur
543 3475 651 3545 quidem
669 3491 688 3528 a
701 3475 877 3529 similitudine
891 3476 983 3531 mundi
997 3494 1060 3532 cum
1080 3478 1252 3540 animalibus,
1274 3478 1406 3533 animalia
1420 3496 1481 3534 oum
1500 3478 1595 3550 plagis
1610 3480 1667 3534 suia
1681 3496 1734 3535 sex

369 3556 457 3608 ideam
473 3555 564 3609 mundi
578 3561 715 3608 statuens.
756 3556 843 3625 Atqui
856 3572 964 3610 rursum
978 3556 1140 3627 principium
1154 3558 1268 3628 petitur
1309 3559 1412 3612 Demus
1435 3557 1507 3613 enim
1530 3561 1657 3613 mundum
1671 3578 1732 3613 esse

370 3636 474 3688 iactum
496 3636 532 3707 ad
551 3633 754 3688 similitudinem
776 3635 915 3697 animalis;
940 3636 1014 3691 dicat
1035 3637 1123 3709 igitur
1141 3636 1217 3709 prius
1236 3638 1293 3692 de
1286 3656 1344 3708 ipso
1360 3638 1481 3703 animali,
1504 3656 1552 3692 our
1575 3638 1682 3692 hooilli
1697 3639 1734 3694 sit

368 3729 502 3783 prorsum,
517 3713 587 3767 illud
601 3720 768 3775 retrorsum,
791 3721 821 3768 et
834 3732 889 3769 non
898 3733 1032 3779 vicissim
1054 3719 1107 3771 hoc
1121 3725 1172 3781 est,
1194 3735 1241 3772 cur
1255 3718 1325 3772 oculi
1341 3734 1477 3789 auresque
1497 3724 1527 3771 et
1539 3735 1622 3772 nares
1637 3725 1667 3773 et
1681 3719 1731 3772 lin·

368 3810 428 3865 gua
447 3802 520 3848 etos
544 3809 640 3848 versus
655 3793 803 3865 imaginem
823 3794 852 3848 in
866 3797 978 3865 speculo
993 3797 1156 3869 dirigantur,
1176 3798 1359 3868 brachiorum,
1382 3814 1510 3852 manuum
1530 3797 1731 3870 digitorumque

368 3873 479 3927 articuli
502 3874 625 3928 illorsum
647 3875 803 3938 flectantur,
828 3877 928 3943 pedum
949 3878 1061 3946 palmae
1084 3878 1209 3932 illorsum
1232 3860 1429 3941 extendantur,
1455 3884 1484 3931 et
1503 3895 1557 3930 non
1573 3878 1673 3947 potius,
1700 3884 1731 3931 ut

365 3952 494 4024 imaginis
508 3953 537 4007 in
550 3954 664 4023 speculo
678 3956 802 4009 membra
815 3957 920 4019 eadem,
943 3963 1117 4012 retroversus
1132 3957 1281 4012 hominem:
1306 3957 1399 4029 potuit
1413 3957 1485 4011 enim
1504 3956 1591 4013 etiam
1602 3957 1642 4012 sio
1655 3958 1728 4012 fleri:

365 4033 419 4086 hoo
441 4041 493 4097 est,
518 4033 612 4104 potuit
625 4050 679 4097 cor,
696 4036 766 4104 quod
781 4052 853 4090 nunc
866 4041 912 4089 est
933 4036 962 4091 in
976 4037 1098 4103 sinistra,
1124 4037 1255 4091 collocari
1277 4035 1392 4100 insede,
1419 4053 1501 4108 quarn
1516 4056 1587 4091 nuno
1600 4045 1731 4108 putamus

366 4115 502 4169 dextram
544 4114 583 4168 Et
599 4120 632 4167 ut
645 4121 754 4168 constet
766 4115 838 4168 ratio
854 4115 881 4169 in
894 4117 948 4170 hac
962 4116 1025 4172 idea
1037 4117 1137 4181 mundi,
1161 4117 1244 4187 quid?
1268 4134 1304 4171 an
1318 4134 1372 4171 non
1388 4133 1476 4187 aeque
1494 4116 1577 4171 iaoile
1592 4118 1733 4173 contraria

365 4192 458 4263 potuit
471 4192 531 4262 ejus
555 4195 590 4246 ad
605 4194 698 4248 latera
720 4194 812 4249 muudi
833 4196 892 4249 fleri
917 4197 1087 4267 applicatio?
1108 4196 1172 4268 quid
1195 4196 1344 4267 impedivit,
1370 4214 1422 4268 quo
1437 4196 1525 4251 minus
1540 4197 1682 4253 sinistram
1696 4201 1731 4252 ad

366 4271 505 4328 meridiem
519 4273 655 4336 tenderet,
671 4275 800 4329 dextram
814 4276 849 4329 ad
863 4278 1090 4347 septentrionem,
1111 4278 1219 4347 quando
1233 4278 1336 4349 plagas
1352 4276 1442 4332 mundi
1457 4277 1558 4331 metari
1568 4278 1651 4347 jussa
1665 4283 1731 4333 esti

367 4351 406 4407 sio
424 4352 496 4407 enim
516 4352 616 4409 faciem
634 4353 766 4409 vertisset
779 4353 807 4407 iu
820 4355 945 4426 plagam,
970 4373 1041 4427 quae
1056 4356 1135 4411 nobis
1149 4374 1222 4410 nunc
1235 4373 1349 4411 occasus
1368 4355 1483 4418 dicitur;
1507 4357 1546 4410 sio
1564 4358 1730 4413 contrariam

366 4432 458 4487 sidera
473 4433 589 4504 plagam
601 4449 728 4503 prorsum
741 4434 945 4499 habuissent'
937 4454 964 4489 in
984 4452 1066 4506 quam
1084 4436 1203 4491 motibus
1223 4435 1279 4489 ειιίε
1304 4438 1459 4491 tenderent
1502 4437 1616 4491 Rectius
1635 4438 1730 4509 itaque

366 4512 569 4603 supersedisset
588 4512 756 4568 Aristoteles
776 4513 914 4568 solutione
937 4514 1020 4584 liujus
1036 4516 1147 4586 ineptae
1163 4516 1346 4587 quaestionis,
1371 4533 1438 4568 suae
1453 4515 1539 4585 ipsius
1555 4516 1730 4572 admonitioni

367 4580 572 4662 obtemperans.
602 4590 1065 4665 Namiuterea,quaeomn1aex
1082 4612 1170 4687 aequo
1185 4596 1347 4667 contingere
1362 4603 1485 4664 possent,
1510 4599 1730 4652 naturanullam

366 4672 472 4726 invenit
485 4670 605 4726 melioris
621 4678 651 4726 et
664 4673 810 4727 deterioris
825 4674 996 4737 electionem,
1022 4675 1073 4727 hoc
1088 4675 1159 4729 enim
1173 4675 1291 4729 involvit
1309 4675 1561 4731 contradictionem.
1605 4678 1730 4740 Quinimo

366 4750 405 4805 sic
419 4757 659 4824 argumentemur:
684 4770 744 4806 cum
757 4770 806 4807 ens
822 4772 876 4808 non
890 4758 955 4806 ente
968 4760 1104 4822 praestet,
1124 4757 1243 4809 nondum
1256 4755 1344 4826 igitur
1357 4754 1497 4808 existente
1512 4759 1619 4822 mundo,
1645 4773 1729 4828 quae-

365 4847 472 4904 cunque
486 4831 548 4901 ejus
562 4832 652 4904 plaga
665 4848 749 4901 prosa
762 4839 898 4904 concepta
911 4832 965 4887 nni
977 4832 1065 4896 initio,
1089 4833 1140 4888 illa
1157 4834 1277 4906 potiores
1301 4851 1372 4890 nunc
1386 4852 1423 4889 ex
1437 4852 1489 4890 sua
1502 4845 1583 4909 parte
1606 4838 1729 4892 rationes
