3814 5818
378 340 442 409 23ss
839 340 868 389 n
888 339 960 403 sps.
978 339 1056 402 nn.
1076 346 1164 389 eme·
1182 338 1270 388 nm

375 498 1075 563 mmfflatitadsomtasadoopnicl
1099 496 1737 561 lechone-ctissiliorem'mtellignstiamprae-

376 587 496 636 limm-
905 618 909 625 .

447 696 519 745 nne
542 692 730 744 insumunt
747 694 825 743 nnn
844 709 874 742 ω
893 680 1009 743 usonem
1027 695 1205 758 excerpam,
1232 709 1280 757 quo
1299 693 1362 742 nst·
1384 691 1416 740 es
1434 690 1482 739 soe
1500 688 1583 737 susan
1610 695 1637 737 es
1654 686 1738 736 were

376 773 514 816 musmo
532 766 652 828 pauciora
667 765 836 813 innotuerunt.
874 764 1017 826 'l'ycbonem
1037 770 1139 829 musque
1159 765 1301 828 „Epistnlss
1319 760 1514 813 usonem&
1534 759 1566 808 de
1577 759 1738 808 Botbmsnne

377 839 427 886 iere
445 839 545 886 unicum
563 843 652 885 testem
673 835 802 884 habemus.
840 835 926 884 Libros
943 851 1004 899 qnos
1023 851 1040 887 a
1058 852 1086 886 se
1105 838 1257 899 conscriptos
1269 835 1381 897 Tychoni
1398 833 1487 887 reiert.
1507 846 1556 879 non
1569 830 1660 893 publici
1676 830 1738 891 juris

377 909 451 964 iecit.
478 908 648 969 manuscripta
666 920 723 955 vero
741 905 893 955 Rothmanni
913 905 1030 957 Caerellia
1051 908 1125 958 bodie
1150 912 1314 956 mersantur.
1351 904 1446 953 Natum
1469 901 1656 950 Rothmannnm
1680 914 1737 962 per-

376 979 462 1027 bibent
479 977 617 1040 Bernburgi
636 992 659 1028 c.
677 976 787 1026 mochum
807 974 904 1039 (Tycho
927 976 1033 1040 loquitur
1052 993 1118 1027 anno
1139 975 1208 1026 1590
1232 978 1263 1027 de
1281 976 1435 1025 Βοϋηηιηηηί
1455 972 1571 1035 florentii
1589 971 1690 1021 aetate‘
1710 977 1738 1019 et

378 1052 430 1112 ipse
443 1048 617 1099 Rothmannhs
635 1062 663 1096 se
682 1048 769 1097 eodem
787 1062 853 1096 anno
872 1048 933 1097 dicit
952 1050 993 1104 „in
1011 1050 1071 1098 flore
1090 1051 1198 1098 stetistis‘⁴
1220 1044 1393 1105 constitutum)
1413 1060 1463 1094 sec.
1476 1042 1561 1100 XVL,
1579 1043 1646 1090 intra
1658 1056 1738 1090 annos

378 1116 517 1170 1577-99
545 1119 611 1182 apud
634 1119 792 1167 Gnilieimum
815 1118 923 1168 Hasna
942 1118 1128 1184 Landgrarinm
1154 1121 1326 1169 mbonemicis
1354 1116 1503 1166 inserviebat
1529 1114 1624 1163 studiis
1663 1116 1736 1160 auno

381 1189 447 1240 1599
466 1190 611 1241 Guilielmua
629 1190 694 1239 haec
712 1189 743 1239 de
761 1189 920 1239 Rothmenno
938 1192 1041 1240 nunciat
1059 1190 1183 1254 Tychoni:

448 1314 515 1364 Dass
533 1314 577 1361 wir
594 1311 658 1361 euch
675 1327 709 1360 ηη
726 1313 753 1361 in
771 1326 798 1360 so
817 1311 905 1377 langor
923 1312 982 1363 Zeit
999 1315 1070 1365 nicht
1086 1315 1256 1380 geschrieben.
1275 1315 1308 1361 ist
1326 1313 1365 1362 die
1386 1310 1496 1370 Vrsach,
1516 1310 1573 1357 dass
1591 1322 1663 1356 mser
1681 1289 1736 1354 its-

379 1386 527 1436 thematicus
539 1383 713 1433 Rothmsnnns
732 1384 771 1432 ein
790 1382 899 1447 aeitlang
917 1384 967 1432 fast
986 1386 1125 1448 mpasslich
1142 1400 1267 1450 genesen.
1287 1383 1374 1432 sudem
1388 1382 1452 1431 auch
1469 1379 1590 1429 unnmehr
1607 1378 1650 1425 vir
1663 1376 1739 1426 selbat

378 1466 429 1506 tam
460 1456 524 1503 mole
544 1455 645 1508 aetatis,
664 1467 737 1515 qnam
755 1453 866 1502 laborum
886 1460 960 1517 atque
984 1470 1098 1506 curarum
1117 1455 1258 1506 dennssscn
1277 1454 1399 1518 gedruckt
1416 1453 1529 1506 werden,
1558 1449 1615 1499 dass
1633 1450 1677 1496 vir
1694 1459 1741 1494 ms

311 1575 316 1581 ,
378 1528 422 1575 mit
440 1526 489 1575 den
507 1524 694 1574 oblectamentis
707 1523 893 1573 Mathematicis
912 1526 981 1573 nicht
998 1526 1067 1575 mehr
1084 1529 1131 1577 vie
1150 1527 1213 1576 wohl
1226 1541 1300 1576 suros
1312 1523 1461 1573 beschehcn.
1481 1522 1616 1571 oblectireu
1629 1521 1738 1568 kbnnen.

379 1596 456 1646 h'icbt
475 1597 544 1645 desto
563 1596 673 1659 weniger
691 1595 751 1643 eber
769 1595 928 1645 vnderlsssen
947 1599 990 1645 wir
1007 1613 1080 1646 rnser
1097 1599 1206 1647 studium
1218 1597 1423 1646 Mathematicum
1443 1593 1514 1642 nicht
1531 1609 1558 1640 sc
1575 1606 1621 1656 gar
1632 1590 1739 1641 bleiben.

377 1669 482 1717 condem
500 1666 608 1716 hinchen
626 1665 690 1714 nocb
708 1665 854 1733 bernecher,
873 1667 919 1716 wie
939 1669 978 1715 ein
996 1666 1035 1716 'alt
1054 1668 1126 1719 Weib
1145 1683 1186 1717 am
1206 1667 1323 1717 Stecien.

447 1738 508 1786 Was
533 1738 593 1786 aber
610 1750 700 1785 rnsern
718 1734 925 1785 Mathematicum
945 1738 1051 1795 betriiib.
1071 1740 1104 1788 ist
1122 1739 1258 1803 derselbige
1278 1738 1321 1786 der
1336 1735 1477 1799 Meynung.
1497 1749 1569 1782 venn
1588 1740 1615 1782 οι
1633 1747 1680 1780 nur
1698 1731 1737 1779 ein

378 1811 460 1873 wenig
477 1808 562 1857 rnecht
579 1807 713 1863 eandam
741 1809 789 1856 md
809 1808 849 1856 die
868 1807 936 1856 Lulib
954 1810 1104 1868 ventedorn.
1130 1811 1188 1860 dass
1217 1824 1243 1859 es
1263 1808 1379 1859 alssdcnn
1400 1807 1446 1854 mit
1463 1805 1513 1853 ihm
1539 1805 1623 1853 besses
1640 1803 1739 1851 werden

377 1880 452 1937 solte3
469 1879 560 1927 velchs
579 1878 623 1926 nir
640 1876 691 1925 ihm
710 1876 842 1926 eberhart
860 1878 1034 1937 vidcrrathep.
1072 1878 1105 1930 So
1116 1881 1162 1930 hat
1181 1896 1207 1930 er
1226 1881 1286 1930 aber
1303 1877 1366 1927 doch
1385 1878 1457 1926 einen
1470 1876 1575 1939 eigenen
1588 1873 1664 1936 Kopi‚
1683 1873 1739 1921 dem

378 1950 458 1999 isnlit
483 1964 509 1998 er
532 1949 581 1999 alle
598 1947 644 1997 Jar
669 1950 741 1997 einen
761 1949 866 2012 eigenen
885 1949 950 2009 Hut,
980 1951 1058 2000 damit
1080 1956 1180 2001 mtissen
1198 1952 1243 1999 wir
1259 1951 1301 1999 ihu
1327 1948 1409 1998 lassen
1428 1962 1550 2011 genereo.
1588 1945 1655 1993 Aber
1672 1942 1741 2005 leydt

378 2035 443 2070 vere
461 2035 489 2069 es
507 2034 566 2077 vus,
595 2032 667 2067 veen
685 2019 735 2067 ihm
759 2020 854 2083 einiger
871 2019 970 2070 Schsde
988 2022 1150 2071 viderlahren
1174 2022 1248 2081 nolte,
1276 2020 1342 2070 daun
1362 2034 1389 2068 er
1406 2021 1440 2067 ist
1463 2018 1605 2082 ingeniosus
1633 2014 1682 2063 rnd
1700 2014 1739 2062 ein

379 2093 459 2140 {einer
476 2090 601 2155 gelehrter
618 2089 709 2139 Gescll.
747 2089 860 2154 Begeren
879 2090 1015 2140 derbalben
1028 2093 1181 2157 gntdiglich
1201 2092 1239 2141 ihr
1255 2092 1339 2140 veltet
1357 2090 1420 2140 ench
1437 2089 1479 2137 ihu
1497 2104 1545 2136 ron
1557 2094 1640 2137 rosen
1653 2099 1739 2149 vegea

378 2163 461 2211 lassen
480 2161 593 2210 hefoblen
612 2173 674 2222 seyn
693 2157 738 2208 dc.

449 2231 544 2281 Datum
561 2232 588 2279 in
606 2244 679 2279 mser
697 2230 771 2280 Stadt
788 2232 837 2280 rnd
856 2231 973 2297 Vestnng
990 2232 1076 2283 Cesset
1096 2249 1137 2284 am
1158 2232 1199 2285 15.
1218 2232 1283 2295 Mali
1302 2247 1368 2281 anne
1388 2227 1465 2279 1599

452 2352 539 2415 Tycha
557 2353 633 2402 relect
649 2352 836 2403 Botbmannum
855 2357 967 2419 Augusto
985 2371 1071 2404 mense
1089 2356 1272 2420 Uraniburpum
1292 2356 1388 2404 venisse
1407 2361 1433 2404 et
1451 2369 1495 2417 pet
1512 2353 1606 2417 ahquot
1623 2350 1740 2413 septima·

378 2438 425 2475 nas
442 2438 528 2473 secum
545 2431 668 2473 moratum
686 2439 755 2484 esse,
782 2432 808 2474 et
824 2439 967 2488 quanquam
984 2427 1031 2476 sibi
1048 2429 1201 2491 proposuerit
1217 2427 1277 2475 hinc
1296 2425 1421 2476 Gaetulice
1439 2425 1533 2481 redire,
1553 2439 1604 2472 ηοη
1622 2423 1656 2472 ad
1673 2423 1739 2485 prin·

379 2497 460 2558 opem
476 2509 601 2544 reversum
618 2509 683 2545 esse.
718 2495 805 2545 Morbo
823 2502 926 2545 rmatns
945 2498 1085 2548 rebmh'
1102 2499 1206 2549 secessit
1223 2499 1250 2547 in
1267 2498 1353 2547 urbem
1370 2498 1478 2560 patriam
1495 2492 1739 2559 Bernbnrgium'ibi-

379 2581 426 2630 que
444 2572 556 2616 mortuus
574 2572 613 2615 est
631 2580 697 2616 auno
719 2563 794 2614 1599.
1738 2604 1742 2610 .

451 2704 480 2766 9)
499 2722 524 2771 p.
543 2705 603 2756 215.
641 2706 745 2772 Spectat
771 2707 809 2756 his
826 2707 950 2772 Keplerus
975 2709 1168 2760 admonitionem
1195 2712 1244 2768 „ad
1272 2711 1390 2760 lectorem
1414 2710 1444 2757 de
1467 2707 1642 2771 hypothesibus
1670 2705 1740 2767 hoJ'ns

380 2776 492 2842 eperia.“
512 2778 648 2840 praefixam
666 2779 769 2828 editioni
786 2781 881 2842 primae
905 2782 988 2842 operis
1007 2779 1137 2843 Gopernici
1155 2781 1276 2841 (Norimb.
1297 2777 1398 2840 1519).
1435 2780 1549 2828 Andreas
1568 2777 1739 2834 Osiander‚

379 2849 476 2899 celeber
488 2849 528 2898 iile
542 2849 670 2913 theologus
679 2848 889 2914 Norimbergensis
903 2848 967 2909 (nat
982 2852 1165 2902 Gunuenhnsae
1189 2848 1270 2909 tlte,
1289 2850 1477 2915 iBegiomonti
1492 2847 1583 2915 1552).
1602 2848 1738 2897 matheus&

379 2923 431 2970 tica
448 2934 545 2984 quoque
563 2920 639 2970 coluit
660 2920 894 2984 imprimendumque
913 2924 1009 2971 curarit
1025 2922 1203 2988 Norimbergae
1217 2923 1345 2986 Copernici
1361 2937 1420 2984 opus
1433 2923 1465 2971 de
1477 2920 1564 2969 Resol.
1578 2918 1738 2968 coelestibus.

378 2991 452 3041 Haec
469 2997 528 3041 sunt
546 2991 662 3041 Osiandri
679 2992 767 3042 rerba:
786 3026 793 3040 .
814 3027 820 3040 .
841 3027 847 3041 .
875 2992 961 3056 Neque
980 2994 1045 3042 enim
1063 3009 1166 3043 necesse
1185 3000 1235 3053 est,
1265 3008 1309 3043 eas
1331 2993 1480 3055 hypotheses
1505 3007 1561 3041 esse
1579 3003 1665 3047 veru,
1693 2990 1740 3037 5²¹⁰

288 3065 299 3076 '
379 3077 413 3113 ne
431 3061 576 3112 verisimiles
594 3063 707 3127 quidem,
735 3062 780 3112 sed
797 3063 903 3119 sufficit,
930 3066 950 3112 si
970 3064 1093 3113 calculum
1112 3066 1321 3115 observationibus
1340 3070 1517 3128 congruentem
1535 3062 1739 3111 exhibeant...

378 3134 447 3187 sats
464 3140 544 3194 potet,
563 3135 737 3195 apparentium
754 3134 921 3197 inaequalium
938 3142 1050 3184 montem
1063 3149 1153 3185 causes
1172 3138 1348 3185 astronomiam
1365 3137 1465 3198 penitus
1479 3141 1506 3183 et
1517 3133 1660 3197 simpliciter
1669 3131 1738 3194 igno·

378 3219 442 3254 rare.
480 3205 552 3254 Etsi
570 3218 632 3267 quas
649 3204 765 3267 fingendo
785 3205 923 3267 excogitet.
951 3219 1109 3268 nequaquam
1127 3216 1213 3257 tamen
1236 3208 1262 3256 in
1280 3207 1328 3256 hoc
1346 3208 1486 3270 excogitat.
1513 3212 1543 3255 ut
1559 3205 1597 3253 ita
1614 3217 1668 3252 esse
1687 3202 1736 3251 cui·

378 3289 453 3339 qnam
475 3274 639 3338 persuadeat,
661 3275 707 3323 sed
731 3280 829 3323 tantun
851 3282 879 3323 ut
898 3275 1021 3325 caleulum
1045 3283 1112 3326 recte
1137 3279 1277 3327 mentuunt
1315 3276 1431 3327 Sinamus
1455 3277 1531 3340 igitur
1554 3283 1580 3324 et
1596 3274 1644 3323 has
1661 3286 1737 3321 novas

377 3345 526 3408 hypotheses
544 3345 609 3394 inter
627 3352 721 3394 veteres
740 3344 816 3393 nihilo
835 3345 1012 3395 rensimilieres
1030 3347 1193 3397 innotmcere.
1233 3348 1321 3411 Neque
1339 3350 1470 3412 qnisquam
1488 3347 1552 3412 quod
1571 3345 1605 3395 ad
1621 3342 1739 3408 hypotheg

379 3417 530 3483 ses2sttinet
547 3414 681 3479 mileum
698 3415 760 3465 certi
778 3415 810 3465 ab
829 3417 981 3467 astronomia
998 3418 1133 3480 exspectet,
1153 3433 1209 3468 cum
1229 3421 1286 3483 ipsa
1302 3419 1363 3468 nibil
1380 3419 1434 3468 tale
1450 3424 1579 3482 praestare
1596 3422 1680 3480 queat

453 3552 499 3617 to)
517 3571 542 3619 p.
562 3551 623 3602 253.
660 3553 699 3604 De
721 3553 910 3619 Hieronymo
933 3558 1137 3610 Fracastorio
1164 3560 1228 3613 haec
1245 3560 1394 3611 Weidierum
1419 3560 1500 3609 sensti
1524 3565 1648 3609 notemus.
1684 3555 1738 3605 Me·

380 3628 464 3682 dicus,
489 3625 646 3690 philosophus
673 3631 699 3675 et
724 3630 798 3689 poeta
817 3625 967 3678 Veronensis
995 3627 1064 3691 (nat.
1089 3645 1112 3680 a.
1135 3628 1217 3687 stes,
1245 3633 1306 3683 obiit
1323 3646 1347 3683 a
1369 3627 1459 3691 1548.)
1484 3630 1571 3680 librum
1596 3630 1642 3678 sub
1668 3626 1738 3677 titulo

381 3697 661 3756 „Homocentrica“
681 3696 759 3747 edidit
777 3695 881 3756 (Venet.
904 3697 980 3750 1599.
1015 3701 1045 3750 In
1065 3701 1223 3766 „Operibusl
1242 3718 1305 3767 quae
1324 3718 1390 3752 anno
1411 3698 1476 3750 1591
1499 3701 1615 3766 Lugduni
1642 3699 1736 3762 prodie-

380 3774 438 3819 runt
456 3774 538 3818 exstat
555 3768 597 3818 ille
614 3773 738 3819 huntus
757 3775 823 3818 temo
842 3766 897 3830 tt).
935 3769 1030 3834 Scopns
1052 3776 1106 3836 ejus
1125 3782 1164 3822 est
1188 3774 1273 3823 toliere
1293 3774 1396 3825 circulos
1414 3772 1571 3836 planetarum
1589 3770 1738 3821 ecccutricos

380 3847 407 3889 st
423 3853 468 3902 per
484 3838 679 3889 homocentricoa
702 3854 789 3889 omnes
806 3848 888 3889 motus
905 3842 1025 3893 coelestes
1044 3844 1174 3907 explicare.
1213 3844 1285 3904 Quod
1306 3852 1336 3893 nt
1359 3845 1454 3894 efficiat
1476 3844 1550 3909 tingit
1568 3841 1735 3901 „circitorem“

379 3909 486 3974 aliquem
508 3910 601 3960 dnobus
625 3910 732 3960 motibus
749 3912 903 3975 praeditum,
928 3929 1029 3977 quorum
1049 3915 1112 3965 aiter
1136 3929 1153 3964 a
1171 3915 1370 3973 circumducente
1388 3914 1482 3979 pendet
1505 3929 1552 3978 qno
1571 3913 1737 3964 circumfertur

379 3981 482 4045 planeta
504 3983 530 4031 in
553 3981 724 4035 latitudinem,
753 3982 818 4032 aiter
842 3985 951 4047 proprius
975 3992 1078 4049 estque
1102 3987 1239 4035 successive
1266 3987 1370 4050 planeta
1394 3988 1418 4034 in
1438 3987 1552 4050 opposita
1569 3992 1696 4033 moveatur
1712 3988 1737 4030 et

380 4052 545 4116 trepidatione
563 4053 672 4116 quadam
690 4053 797 4111 teratur,
822 4054 889 4102 unde
908 4056 1013 4119 apogaei
1038 4063 1065 4105 et
1082 4054 1191 4120 perig‘aet
1210 4059 1313 4107 veriano
1333 4059 1452 4122 originem
1473 4056 1574 4106 habeat
1609 4054 1665 4105 Peli
1682 4067 1736 4102 vero

380 4123 445 4173 orbis
464 4124 613 4173 cenuarecti
637 4138 654 4173 a
673 4124 817 4181 „circitore“
842 4126 879 4173 sic
896 4133 1037 4183 morentrsr,
1066 4143 1114 4176 non
1137 4136 1166 4178 ut
1190 4128 1292 4178 circulos
1316 4129 1412 4178 iaciant
1433 4129 1458 4176 in
1476 4142 1503 4176 se
1521 4126 1667 4179 redeuntes.
1693 4123 1737 4173 sed

379 4192 471 4244 helices
489 4195 570 4259 magis
589 4201 615 4244 et
632 4195 760 4244 umbilicos
778 4192 824 4244 dc.
860 4195 956 4246 Motum
977 4196 1045 4247 hune
1064 4196 1296 4261 „tripudiationem“
1316 4198 1510 4263 nuncupandum
1532 4204 1627 4247 censet.
1664 4195 1736 4244 Hanc

379 4264 527 4328 hypothesin
544 4265 647 4330 singuiis
665 4266 772 4314 motibus
791 4266 946 4329 planetarum
965 4276 991 4317 et
1008 4268 1112 4318 tissrum
1124 4271 1297 4320 accommodat
1315 4277 1341 4320 et
1354 4269 1475 4334 quomodo
1487 4269 1669 4319 observationes
1681 4281 1735 4317 com

379 4335 423 4385 illa
445 4337 594 4387 conveniant
618 4342 756 4385 monstrare
773 4338 868 4386 nititur.
904 4338 976 4388 Haec
994 4346 1149 4397 commenta.
1175 4341 1246 4389 addit
1262 4342 1414 4399 Weidlems,
1439 4341 1602 4391 Thebitiauas
1619 4338 1734 4403 quodam·

380 4407 452 4457 modo
470 4407 569 4459 tabulas
587 4408 700 4471 sapiunt,
725 4407 757 4456 ad
774 4407 875 4458 ineundi
894 4409 982 4459 calculi
1000 4411 1108 4460 rationes
1127 4413 1213 4474 inepta
1229 4420 1295 4462 sunt.
1332 4413 1442 4463 inficiari
1458 4420 1546 4461 nmen
1563 4426 1612 4460 non
1629 4423 1735 4475 possum,

379 4491 411 4527 ea
427 4485 481 4528 toto
499 4477 561 4529 libro
579 4478 695 4528 foecundi
712 4477 861 4529 Fracartorii
878 4480 972 4544 ingenii
990 4481 1137 4532 facultatem
1154 4482 1252 4534 elucere
1269 4484 1456 4548 solertiamque.
1484 4497 1558 4546 qnam
1578 4483 1605 4531 in
1622 4482 1733 4530 observa·

380 4549 499 4606 tionibus.
518 4562 622 4614 quarum
640 4550 791 4599 mentionem
809 4550 895 4612 injicit.
913 4551 1072 4601 instituendis
1089 4553 1210 4613 adhibuit,
1227 4569 1274 4605 sua
1291 4555 1365 4604 laude
1382 4555 1526 4620 privandam
1544 4569 1594 4603 non
1613 4567 1675 4602 esse.

452 4686 497 4749 11)
515 4703 540 4753 p.
554 4685 614 4737 951.
645 4689 749 4740 Weidl
758 4705 831 4741 erus
842 4688 919 4753 (Hirr,
934 4694 1001 4742 dstr.
1012 4709 1038 4757 p.
1053 4691 1108 4754 68.)
1121 4696 1207 4745 refert:
1228 4696 1299 4756 Quod
1313 4698 1404 4747 Graeci
1420 4703 1514 4746 motum
1527 4695 1591 4745 Solis
1603 4694 1733 4749 etLunae.

380 4759 413 4811 ad
430 4772 504 4823 quem
521 4773 615 4809 unum
634 4774 707 4809 snum
725 4763 872 4812 conformem
890 4765 1037 4828 cupiebant,
1064 4764 1166 4817 Homeri
1185 4775 1212 4817 et
1228 4768 1332 4819 Hesiodi
1351 4774 1436 4818 aetate
1461 4769 1500 4819 rel
1518 4766 1586 4817 hand
1603 4767 1642 4815 its
1658 4764 1744 4814 multo,

379 4835 436 4895 pest
453 4844 505 4879 aon
522 4829 602 4880 obiter
617 4832 770 4896 propositum
785 4831 930 4893 habuerint,
960 4835 1183 4901 Olympiadem
1207 4841 1317 4890 mentio
1336 4845 1364 4891 st
1379 4854 1439 4889 osus
1455 4840 1552 4904 probat
1579 4836 1665 4887 Prima
1681 4837 1733 4901 qui·
