3814 5818
393 309 461 385 510
699 248 703 259 ¹
816 309 917 360 literae
933 307 1038 374 mun
1057 308 1207 374 adme
1227 315 1329 362 natum

394 473 589 555 geometrice.
635 471 716 537 Nam
742 469 876 551 quintilia
905 476 937 534 et
966 471 1133 553 biquintilis
1165 473 1209 536 sic
1237 471 1358 553 quidam
1390 478 1461 534 sunt
1492 470 1559 534 loco
1580 469 1757 549 pontefices

394 564 474 631 inter·
505 559 761 625 demonstrativas
792 559 922 639 figuras,
965 570 1000 623 ut
1029 561 1117 623 simul
1148 581 1203 642 per
1234 562 1311 624 hunc
1344 578 1495 623 recessum
1530 566 1563 621 et
1594 575 1648 637 per
1676 558 1758 623 banc

394 652 497 731 fugam
521 648 712 729 aequationis
735 648 930 728 perveniatur
952 648 982 709 in
996 650 1313 729 proportionalitatem
1328 648 1461 711 divinam
1475 647 1607 727 omnium
1630 665 1756 727 geome-

394 741 538 805 tricarum
560 756 668 803 rerum.
715 736 785 799 Etsi
816 736 919 816 itaque
950 737 998 799 his
1030 739 1118 800 dceet
1146 738 1388 810 numerabilitas,
1420 757 1474 799 seu
1497 743 1607 798 natura
1628 735 1755 809 numeri,

393 827 528 893 vicissim
550 834 654 897 tamen
681 825 756 905 ipsis
785 825 875 913 adest
901 827 1054 907 proportio
1078 827 1198 905 divina,
1237 846 1297 908 qua
1333 834 1439 889 carent
1467 832 1610 905 aspectus
1634 823 1754 887 imitati.

393 917 575 996 Propterea,
613 922 647 975 et
679 915 749 995 quia
786 915 1038 995 quinquangulum
1076 916 1236 987 adhibetur
1268 916 1308 977 ad
1348 915 1536 979 efficiendum
1573 931 1682 992 corpus
1724 920 1758 975 et

394 1005 514 1087 quidem
545 1002 737 1083 primarium,
773 1010 806 1064 et
843 1002 1016 1083 biquintiles
1052 1005 1165 1084 figurae
1207 1001 1247 1069 tt
1279 1004 1318 1067 ad
1341 1003 1581 1083 ‚pulcherrimum
1616 1003 1757 1082 regulare

396 1100 517 1159 anctum
541 1092 693 1165 (stellam)
716 1092 895 1167 faciendum,
921 1093 1095 1172 aspectibus
1119 1101 1192 1156 snut
1214 1093 1413 1156 accensenda.
1459 1092 1619 1155 Postrema
1641 1092 1756 1171 figura·
1828 1140 1832 1144 a

394 1202 460 1249 rum
483 1189 609 1262 utroque
637 1180 755 1243 nomine
779 1188 828 1243 est
854 1181 1132 1262 sesquiquadratns.
1180 1181 1323 1245 Ceterum
1352 1182 1382 1244 in
1410 1181 1518 1244 effectu
1546 1199 1652 1260 parum
1679 1197 1755 1260 pos-

395 1278 485 1341 sunt,
517 1270 585 1351 plns
609 1276 724 1344 tamen,
745 1286 849 1350 qnam
876 1270 1001 1350 quaevis
1030 1271 1092 1334 alia
1125 1290 1183 1333 non
1216 1271 1406 1345 harmonica,
1442 1269 1692 1349 quemadmodum
1724 1267 1756 1330 iu

316 1400 329 1413 x
394 1359 509 1431 musice
540 1365 631 1420 sexta
662 1358 761 1420 mollis
793 1360 993 1425 consonantia
1020 1368 1121 1422 tamen
1153 1368 1216 1431 est,
1249 1367 1297 1433 ut,
1331 1378 1397 1421 cum
1430 1357 1472 1420 sit
1494 1357 1668 1431 imbecillis,
1699 1375 1756 1419 nec

394 1448 500 1513 laedat
516 1466 622 1523 aures,
652 1455 687 1507 ιι
709 1466 785 1527 quae
809 1447 976 1510 dissonant.
1023 1449 1104 1513 Nam
1137 1448 1289 1511 sensibilis
1318 1448 1392 1511 haec
1424 1446 1555 1509 musices
1585 1465 1653 1509 cum
1680 1446 1756 1509 meis

395 1535 563 1603 rationibus
599 1535 780 1597 harmonicis
807 1537 1019 1599 convenientia
1057 1537 1256 1599 certissimum
1285 1537 1373 1611 iacit,
1410 1555 1497 1599 meas
1528 1535 1664 1597 rationes
1696 1553 1756 1597 non

395 1642 464 1689 esse
488 1624 692 1703 denegandas,
717 1642 809 1705 quare
833 1643 888 1689 nec
911 1626 940 1686 in
966 1626 1132 1706 astrologia
1154 1622 1399 1693 mutemneudas.
1414 1619 1438 1696 ¹)

482 1713 567 1774 Haec
590 1712 747 1787 hactonus,
772 1721 806 1776 nt
827 1732 875 1775 me
899 1721 931 1776 et
953 1723 983 1776 te
1003 1732 1183 1777 exercerem.

464 1851 651 1902 Fabricius:
670 1851 718 1901 Pro
736 1854 869 1917 generibus
887 1855 966 1903 missis
983 1856 1078 1919 gratias
1090 1855 1210 1903 maximas
1222 1853 1311 1907 habeo.
1349 1850 1452 1903 Utinam
1465 1852 1607 1902 accuratius
1620 1851 1757 1902 denotatae

394 1929 487 1979 ment
525 1922 585 1972 Sola
602 1924 768 1975 accidentium
788 1931 909 1974 accurata
926 1926 1063 1975 observatio
1083 1925 1257 1989 astrologiam,
1283 1937 1349 1974 nunc
1367 1926 1440 1988 quasi
1458 1924 1590 1980 infamem,
1615 1937 1660 1972 sno
1683 1923 1757 1972 nitori

394 1996 525 2047 mtituere
542 2000 635 2058 potest.
671 1994 766 2045 Vellem
784 2010 894 2059 quoque,
914 2002 939 2045 te
957 1998 984 2045 tn
1002 2005 1060 2046 tna
1077 1998 1204 2060 genesi.
1227 2010 1278 2045 non
1295 1994 1390 2046 infelici
1407 2002 1436 2045 ut
1455 2010 1501 2060 ego
1518 2000 1595 2059 puto,
1614 1993 1758 2044 accidentia

395 2066 479 2119 omnia
496 2066 522 2114 in
540 2066 613 2115 certis
632 2065 718 2115 diebus
736 2065 795 2115 milri
815 2068 1018 2117 communicasse.
1055 2066 1169 2117 Maxima
1185 2081 1243 2131 pars
1262 2068 1313 2117 late
1332 2067 1405 2116 modo
1424 2067 1545 2119 denoteta
1563 2072 1610 2120 est.
1628 2080 1676 2117 nec
1695 2080 1757 2132 cog·

393 2148 496 2186 noscere
520 2150 662 2199 pessumus,
691 2150 725 2186 an
750 2152 812 2185 noro
838 2136 877 2185 val
901 2139 978 2188 veteri
1001 2137 1065 2199 stylo
1089 2139 1175 2187 utaris.
1214 2137 1298 2198 Quare
1316 2138 1342 2186 in
1361 2145 1465 2202 utroque
1494 2144 1519 2186 te
1545 2138 1625 2202 magis
1644 2136 1756 2203 explica;

198 2218 210 2225 ·
281 2252 289 2258 .
393 2207 556 2270 pracsertim,
585 2204 938 2270 quodieannl91.Mmtis
956 2210 1076 2259 transitus
1095 2224 1139 2272 per
1156 2209 1335 2259 mcendentem
1362 2215 1387 2258 te
1406 2208 1478 2257 raldo
1499 2208 1627 2265 afflixerit,
1653 2213 1679 2258 et
1698 2223 1756 2273 quo·

393 2276 476 2327 modo.
515 2276 571 2337 Quo
599 2278 639 2327 die
667 2278 746 2327 (iratii
764 2277 892 2344 Ungarica
917 2278 992 2329 febris
1020 2286 1046 2330 te
1073 2281 1198 2330 invaserit.
1236 2279 1291 2340 Quo
1316 2279 1356 2329 die
1382 2280 1441 2328 anni
1468 2275 1510 2327 tu.
1530 2278 1660 2344 Ungarics
1685 2279 1758 2329 lebria

315 2348 326 2357 “
396 2348 498 2405 lentior,
526 2361 557 2397 ex
576 2344 683 2397 Saturno
701 2363 774 2413 super
792 2349 982 2408 ascendentem,
1011 2356 1036 2401 te
1056 2351 1178 2402 afflixedt.
1215 2350 1310 2401 Ultima
1327 2356 1452 2414 quartana
1471 2348 1499 2398 8.
1518 2349 1575 2400 Oct.
1598 2363 1632 2400 an
1649 2356 1699 2400 ret
1718 2349 1757 2400 rel

390 2433 456 2487 *noro
475 2417 557 2481 stylo?
592 2418 683 2470 Lassio
700 2421 756 2469 nasi
775 2420 885 2484 quodie.
920 2421 1048 2475 Maestum
1065 2422 1301 2488 genaainaihabes,
1320 2421 1465 2489 velimmihi
1478 2421 1652 2473 eommunicet.
1685 2420 1757 2472 Unde

395 2488 536 2540 Paradissn‘
554 2490 658 2555 genesin
674 2488 773 2540 habes?

483 2594 688 2674 Keplerus:
726 2593 876 2675 Exempla
899 2614 1050 2676 geneseou
1074 2597 1181 2661 mutila
1203 2596 1281 2659 misi.
1319 2597 1457 2677 Ignosce.
1501 2593 1587 2665 Cum,
1612 2605 1645 2658 ut
1661 2597 1756 2671 vides,

396 2682 569 2747 certitudini
594 2683 671 2745 artis
693 2684 724 2746 in
743 2684 946 2765 singularibus
969 2704 1075 2763 parum
1098 2687 1236 2761 tribuam,
1262 2685 1464 2766 negligentior
1488 2704 1557 2745 esee
1580 2684 1678 2759 soleo,
1704 2704 1757 2747 nec

397 2780 428 2835 te
451 2772 501 2834 hic
524 2774 650 2835 multum
669 2774 776 2853 juvare
799 2792 933 2853 possum.
981 2773 1042 2837 Sed
1067 2786 1100 2839 tu
1123 2775 1259 2856 deperire
1282 2774 1395 2837 videris
1419 2781 1534 2848 artem3
1563 2772 1643 2847 vide,
1666 2793 1704 2835 ne
1727 2783 1757 2836 te

397 2860 584 2936 ludificetur,
623 2862 740 2941 majora
778 2861 854 2923 enim
899 2864 1037 2927 humanis
1078 2864 1190 2927 viribus
1228 2864 1290 2925 ista
1324 2862 1396 2927 mihi
1422 2856 1591 2937 uidentur,
1630 2862 1756 2940 certitu·

398 2950 496 3012 dinem
521 2949 590 3011 inde
613 2957 732 3030 petere,
757 2951 807 3012 nbi
830 2948 915 3015 dulia
937 2971 1006 3013 esse
1029 2960 1145 3033 potest,
1177 2952 1299 3032 teipso
1323 2959 1420 3025 teste,
1444 2950 1495 3031 qni
1519 2950 1660 3013 concedis
1684 2970 1755 3015 ean·

392 3046 499 3101 'sarum
522 3038 651 3100 omnium
675 3059 837 3102 concursus
856 3041 947 3120 juxta
969 3040 1095 3103 coelum.
1143 3038 1224 3111 Quid
1248 3061 1286 3102 ex
1316 3040 1373 3103 hoc
1396 3049 1554 3121 sequatur,
1584 3039 1678 3118 probe
1702 3058 1756 3100 ex-

397 3128 528 3209 pendere
551 3134 582 3188 te
606 3128 715 3200 velim3
739 3147 809 3189 nam
831 3127 1064 3190 inconsideratis
1087 3130 1185 3209 prima
1207 3129 1307 3191 fronte
1332 3147 1392 3192 non
1417 3134 1556 3208 apparet.

485 3216 520 3275 ln
544 3233 609 3275 mea
634 3215 737 3293 genesi
762 3215 859 3296 stylus
883 3225 971 3277 vetus
994 3215 1091 3290 valet,
1121 3236 1215 3297 usque
1244 3218 1293 3279 ad·
1308 3236 1418 3280 annum
1442 3212 1495 3291 94,
1520 3234 1577 3296 quo
1602 3234 1681 3278 auno
1708 3212 1757 3278 ii.

397 3301 473 3381 Apr.
498 3311 538 3363 st.
562 3321 590 3363 n.
618 3301 757 3364 Gratiam
781 3304 848 3363 veni
871 3322 938 3367 cnm
961 3313 1132 3367 versaretur
1154 3305 1184 3379 il
1207 3305 1236 3366 in
1261 3306 1359 3368 medio
1378 3306 1475 3379 coeli;
1504 3300 1543 3367 it
1557 3313 1628 3384 post
1651 3305 1756 3368 diebus

399 3390 444 3540 i¹u⁴
457 3390 526 3468 ipsa
558 3391 655 3464 (sd)
688 3390 719 3451 in
750 3387 862 3464 23⁰1]
892 3392 984 3455 incidi
1014 3392 1044 3454 iu
1068 3393 1175 3455 febrim
1198 3394 1395 3473 Ungaricam,
1438 3413 1515 3474 quae
1539 3394 1660 3456 duravit
1683 3394 1757 3457 alios

468 3477 542 3539 dies.
1300 3506 1304 3513 ·
1389 3524 1393 3527 -
1620 3474 1631 3483 “

487 3564 577 3627 Anno
592 3561 644 3640 90,
670 3584 735 3627 curn
759 3574 843 3630 esset
865 3561 885 3645 ii
909 3566 940 3630 in
954 3565 1131 3644 24040‘11
1154 3570 1279 3651 (quaere
1303 3570 1381 3633 diem
1404 3572 1497 3652 ipse),
1521 3569 1655 3650 graviter
1673 3571 1756 3651 coepi

399 3663 560 3735 aegrotare
585 3654 687 3717 dolore
718 3656 828 3736 capitis
858 3663 891 3718 et
912 3658 1156 3722 consternatione
1185 3661 1394 3723 membrorum.
1442 3658 1518 3724 Cum
1542 3655 1563 3737 li
1587 3659 1695 3722 iterum
1719 3661 1759 3722 ibi

399 3752 492 3820 esset,
516 3744 637 3807 scabies
660 3763 707 3806 me
732 3746 839 3811 tenuit
1065 3794 1067 3805 .

488 3834 578 3895 Anno
601 3830 654 3909 91,
681 3833 728 3895 die
748 3835 879 3898 Veneris
903 3842 974 3915 post
996 3833 1113 3899 cineres
1138 3837 1247 3917 capitis
1272 3837 1357 3899 dolor
1381 3836 1543 3899 febriculae
1567 3837 1758 3902 acutissimae

399 3921 516 4075 initiubu
526 3921 626 4087 <gecit,
657 3942 733 4001 qnae
765 3922 786 3989 8
816 3925 882 3987 dies
907 3924 1028 3986 duravit
1050 3934 1082 3987 et
1104 3944 1151 3987 me
1182 3943 1259 4006 peue
1284 3925 1431 3988 enecavit.
1479 3923 1514 3987 Si
1538 3924 1615 3987 bene
1639 3927 1758 3989 memini

400 4009 458 4073 tuit
578 4018 613 4081 ὁ.

489 4097 566 4160 Post
590 4097 680 4160 ferias
704 4099 862 4163 natalitias
884 4100 1102 4181 praecedentes
1134 4120 1151 4161 e
1180 4100 1292 4181 templo
1320 4120 1337 4164 e
1361 4101 1489 4164 lectione
1513 4102 1636 4165 veniens
1659 4103 1759 4166 inten-

401 4185 523 4251 sissimo
547 4186 659 4265 frigore
683 4187 790 4249 sudavi
813 4188 1086 4255 vehementissime.
1133 4190 1268 4253 Fuerunt
1290 4209 1362 4272 ergo
1385 4191 1531 4272 reliquiae
1553 4192 1658 4268 morbi,
1684 4212 1758 4274 quae

290 4306 295 4313 ι
402 4284 563 4354 eruperunt
587 4275 616 4337 in
639 4275 898 4352 Bacchanalibus,
931 4297 997 4339 cum
1020 4280 1109 4358 paulo
1134 4287 1225 4341 antea
1248 4280 1408 4343 sisteretur
1430 4280 1566 4355 scabies,
1596 4288 1629 4343 et
1652 4302 1757 4346 acces-

400 4364 496 4426 sisset
518 4364 678 4427 commotio
702 4365 836 4444 corporis
860 4376 891 4428 et
915 4365 1006 4427 animi
1034 4384 1088 4446 per
1111 4368 1309 4448 agitationem
1337 4368 1531 4445 comoediae,
1560 4369 1590 4432 in
1615 4390 1673 4452 qua
1686 4372 1758 4434 Ma·

401 4452 516 4515 rianem
539 4453 676 4532 agebam.
724 4454 757 4514 In
786 4464 934 4535 quartana
961 4456 1073 4536 stylum
1104 4475 1214 4519 norum
1243 4458 1389 4539 intellige.
1436 4458 1532 4522 Simul
1561 4459 1634 4522 illud
1661 4460 1755 4524 medi·

401 4559 522 4603 corum:
560 4541 694 4604 tertiana
725 4560 783 4604 noa
811 4552 979 4623 expurgata
1012 4544 1047 4605 iit
1081 4554 1240 4624 quartana
1285 4546 1387 4610 Semel
1418 4556 1507 4630 atque
1536 4547 1661 4627 iterum,
1693 4567 1757 4615 cunr

403 4629 500 4691 adhuc
524 4649 621 4693 essem
647 4629 764 4702 Gratii,
792 4633 874 4694 sensi
903 4650 1114 4713 paroxysmum
1138 4643 1208 4696 ante
1232 4636 1403 4698 Michaelis.
1450 4637 1601 4717 Agitabar
1624 4640 1704 4702 curis
1728 4646 1759 4703 et

403 4717 570 4792 laboribus,
600 4718 640 4780 ad
666 4719 724 4781 iter
750 4738 797 4782 rue
824 4739 956 4800 parans;
994 4721 1023 4782 in
1051 4721 1159 4786 itinera
1190 4724 1345 4787 iracundia
1367 4726 1463 4788 effusa
1486 4745 1524 4787 ex
1547 4726 1756 4803 incidentibus,

403 4826 474 4871 esus
496 4807 686 4890 gerberorum
707 4809 873 4884 crudorum,
898 4809 996 4871 victus
1020 4809 1079 4872 imo
1102 4812 1289 4877 inordinatus
1313 4820 1345 4875 et
1365 4814 1564 4877 antecedente
1589 4824 1677 4878 nocte
1701 4816 1758 4879 iter
