3872 5836
388 370 455 437 412
958 367 1175 434 massana

476 532 663 584 Horvartns
689 529 725 580 ab
747 526 942 593 Hchonbnrg
966 526 1088 579 initeris
1107 527 1131 577 d.
1152 525 1176 577 2.
1196 527 1254 579 Jan
1277 526 1354 578 toto.
1378 528 1477 580 de'loao
1494 526 1599 593 Ksplcri
1621 530 1745 580 ιωιιιιιὶι

391 605 486 657 scribit:
510 604 572 653 Wss
591 603 634 652 der
651 601 716 652 Herr
733 603 759 650 in
777 602 858 650 seiner
876 599 993 650 Practica
1010 614 1042 648 an
1059 598 1115 648 End
1134 599 1261 649 derselben
1281 601 1312 650 de
1330 606 1439 666 tempore
1463 607 1489 651 et
1509 600 1651 665 quantitate
1671 593 1702 666 ό
1720 608 1745 651 st

389 673 591 741 001uminarium
616 679 642 723 ct
665 673 792 737 eclipsinm
811 671 962 727 discurriert,
988 671 1041 719 hab
1063 670 1104 718 ich
1128 684 1189 734 gem
1207 671 1321 736 geleren,
1341 672 1393 721 und
1414 673 1561 728 remimnre,
1581 670 1639 720 dass
1658 671 1745 722 atliclrc

386 747 560 798 Mathematici
582 747 608 794 in
626 744 722 802 Saxen,
751 741 811 792 alda
828 755 887 790 man
906 740 946 791 die
963 742 1082 791 bedentte
1104 742 1193 806 jiingst
1215 741 1371 792 beschehene
1395 758 1480 809 grosse
1498 743 1654 792 Finstcmnsa
1674 742 1741 792 coelo

387 834 474 869 serem
492 818 539 867 nol
558 815 677 882 garehsn,
696 815 722 864 id
740 815 820 877 ipsura
838 812 957 861 oboerrirt
973 812 1056 862 haben
1075 813 1168 868 sciton,
1188 812 1233 863 das
1251 814 1359 864 ncmlich
1377 814 1417 865 dia
1437 813 1504 864 Sonn
1523 811 1657 863 damahlen
1676 813 1744 864 nieht

386 906 434 940 von
451 890 549 946 nndcn,
573 887 679 937 eundern
703 899 751 934 ron
770 885 833 934 oben
851 882 896 933 lrer
920 883 960 933 bei
981 877 1014 944 'la
1040 883 1180 933 rerfinstert
1196 885 1305 935 worden.
1321 885 1397 936 ·Bitt
1419 901 1461 935 um
1479 884 1646 949 Etleuteruag
1663 884 1745 936 diuet

388 958 525 1017 anomalia,
544 961 590 1010 wie
607 960 643 1008 sie
662 957 696 1007 ad
712 955 860 1020 hypothesin
879 953 1008 1019 Ccpemici
1026 966 1065 1005 ιιι
1077 956 1282 1006 accommodiren.

442 1157 445 1162 ,
474 1103 515 1154 Ad
532 1103 596 1153 lruac
613 1098 741 1165 respondit
758 1082 933 1163 Kepl'arnr:

475 1230 523 1292 De
547 1226 630 1290 Solis
654 1224 759 1303 eclipsi
788 1222 916 1304 primum
944 1225 1034 1287 valde
1062 1224 1135 1287 mihi
1164 1230 1284 1305 gratum
1307 1231 1372 1298 est,
1401 1223 1546 1288 accedas
1577 1224 1619 1289 od⁴
1645 1242 1744 1287 meam

386 1321 513 1383 aliorum
537 1335 653 1398 quoqne
686 1313 930 1387 observationes,
964 1316 1071 1394 quibus
1101 1314 1261 1394 praecipue
1289 1312 1376 1393 digiti
1407 1312 1539 1395 ecliptici
1566 1315 1741 1394 prodantur.

387 1409 470 1473 Sane
493 1425 600 1469 novem
625 1403 737 1483 digitos
761 1401 826 1481 ipse
850 1402 1055 1483 qnoquesed
1078 1402 1191 1465 oculari
1212 1404 1321 1466 saltem
1336 1405 1519 1484 conjectura,
1544 1403 1627 1467 nulla
1641 1402 1743 1466 circini

386 1497 523 1579 ἀκριβείᾳ
547 1494 730 1558 constituere
754 1499 900 1570 poteram.

474 1587 580 1665 Itaque
604 1598 787 1663 magnopere
810 1588 842 1642 te
865 1599 932 1656 oro,
956 1588 991 1643 ut
1014 1581 1091 1642 inter
1114 1587 1233 1642 ceteras
1257 1579 1417 1644 aliorum
1441 1579 1740 1659 observationes,

386 1696 462 1758 quas
484 1672 653 1755 polliceris,
686 1671 764 1732 hanc
788 1669 895 1744 etiam,
925 1670 976 1732 ubi
998 1676 1105 1732 nactus
1129 1669 1206 1740 eris,
1235 1669 1392 1750 adjungas.
1438 1670 1568 1734 Omnino
1591 1671 1668 1733 haec
1691 1672 1743 1734 via
1831 1739 1839 1757 ‚

385 1765 496 1828 estad
519 1760 733 1843 perfectionem
757 1759 843 1821 artis.
889 1757 1163 1824 observationibus
1191 1760 1256 1839 ipse
1280 1777 1396 1840 quoqne
1419 1759 1573 1833 incumbo,
1605 1761 1741 1841 quamvis

385 1856 466 1917 nullo
493 1853 759 1914 instrumentorum
786 1849 925 1929 remigio,
956 1850 1006 1911 vel
1034 1848 1102 1911 ideo
1131 1849 1254 1922 saltem,
1289 1855 1323 1910 nt
1351 1847 1377 1910 si
1409 1849 1528 1928 quando
1556 1848 1588 1910 in
1616 1849 1742 1913 aliorum

385 1938 614 2006 observationes
646 1937 792 2011 incidam,
827 1957 885 1999 nou
919 1939 993 2000 nihil
1025 1938 1169 2012 habeam,
1205 1958 1261 2019 quo
1294 1937 1482 2016 diligentiam
1512 1936 1741 2002 observatorum

384 2033 549 2112 explorem.
595 2028 675 2092 Nam
699 2027 755 2087 hae
771 2026 999 2089 observationes
1014 2046 1147 2101 crassae,
1173 2046 1248 2108 quae
1273 2028 1463 2106 planetamm
1487 2026 1526 2088 ad
1549 2027 1626 2090 lixas
1649 2029 1740 2092 situm

384 2121 479 2184 variis
503 2116 738 2180 circumstantiis
761 2116 901 2196 produnt,
926 2116 985 2178 etsi
1008 2135 1067 2178 nou
1091 2117 1130 2178 ad
1153 2124 1217 2178 tam
1240 2115 1366 2196 exiguas
1388 2115 1609 2196 portiunculas,
1635 2125 1670 2181 ut
1691 2118 1740 2179 in-

385 2206 627 2279 strumentariae,
652 2204 817 2277 deducunt,
840 2205 938 2267 minus
960 2213 1073 2281 tamen,
1098 2225 1186 2286 quam
1204 2205 1290 2275 illae,
1322 2205 1469 2269 obnoxiae
1492 2213 1564 2268 sunt
1585 2205 1631 2269 illi
1654 2226 1740 2270 erro-

388 2318 452 2361 rum
475 2295 629 2368 varietati,
655 2293 705 2374 qui
728 2295 887 2357 confertim
909 2295 1117 2358 instrumentis
1140 2294 1332 2357 insidiantur.
1378 2295 1426 2357 De
1441 2313 1540 2357 annua
1562 2295 1620 2357 hac
1643 2296 1738 2377 eclip-

379 2388 463 2450 sinm
488 2382 646 2459 anomalia,
680 2383 739 2444 etsi
769 2403 826 2445 non
856 2391 904 2445 est
928 2385 1013 2457 (ante
1040 2386 1199 2446 multorum
1231 2401 1374 2446 annorum
1398 2383 1521 2446 labores
1537 2383 1739 2454 continuatos,

387 2476 488 2539 omnia
510 2474 603 2554 probe
626 2480 802 2552 perspecta,
820 2472 932 2534 'omnia
954 2473 1062 2535 calculi
1086 2472 1217 2554 ecliptici
1241 2473 1436 2535 fundamenta
1458 2473 1499 2535 ad
1521 2473 1666 2536 amussim
1689 2493 1739 2536 re·

385 2573 505 2639 vocata,
531 2581 634 2624 omnes
658 2562 788 2623 omnium
810 2568 977 2642 temporum
1001 2562 1129 2642 eclipses
1154 2561 1192 2623 ad
1208 2563 1356 2625 calculum
1370 2561 1563 2624 Prntenlcnm
1580 2563 1738 2637 reductas)

386 2653 543 2735 quicquam
564 2650 828 2731 pronunciandum,
853 2651 965 2731 ingenii
986 2658 1090 2713 umen
1114 2651 1215 2732 gratia
1232 2650 1342 2733 iicebit
1365 2650 1444 2715 serio
1466 2650 1624 2713 certamini
1645 2660 1738 2731 prae-

385 2743 498 2806 ludere.
542 2738 691 2803 Memini
719 2758 804 2801 sane
836 2738 871 2800 in
895 2741 1121 2803 Ptolemaico
1145 2740 1338 2821 eclipsinm
1370 2739 1517 2804 calculo
1546 2740 1589 2801 ab
1618 2741 1737 2803 Alba-

385 2832 511 2911 tegnio
535 2827 803 2910 deprehensam
827 2828 1058 2906 anomaliam,
1084 2837 1121 2892 et
1141 2829 1434 2910 discrepantiam
1456 2829 1736 2907 observaturum

384 2920 580 3002 eclipsium
612 2916 657 2980 ab
680 2918 811 2980 iisdem
842 2919 1061 2996 calculatis,
1096 2938 1242 2999 eamque
1275 2918 1385 2986 aliam
1416 2937 1518 2998 quam
1553 2918 1643 2980 haec
1675 2919 1736 2981 ho-

384 3011 514 3073 dierna
537 3014 603 3070 est.
652 3007 724 3069 Ideo
747 3007 922 3088 priusquam
945 3009 1020 3071 certi
1044 3008 1113 3089 quid
1137 3015 1304 3083 statuatur,
1329 3006 1410 3070 illins
1434 3006 1526 3068 etiam
1549 3026 1642 3069 cansa
1663 3008 1736 3070 red-

292 3121 295 3127 ·
383 3099 484 3161 denda
506 3097 575 3160 erit.
617 3098 962 3175 Praesupponemns
984 3097 1117 3177 igitur,
1143 3097 1233 3159 hanc
1257 3095 1476 3159 anomaliam
1499 3115 1651 3159 annuam
1668 3097 1733 3159 ιΙιο-

383 3189 596 3250 diernarnm
612 3184 808 3264 eclipsium
829 3194 1044 3266 perpetuum
1069 3205 1152 3248 esse
1175 3185 1367 3248 Prutenici
1390 3184 1528 3246 calculi
1553 3185 1735 3261 comitem,

383 3277 413 3339 si
438 3277 469 3338 is
492 3281 595 3337 retro
619 3280 826 3352 usurpetur.
872 3275 915 3337 Et
936 3274 1123 3355 propositum
1145 3273 1232 3336 nobis
1256 3280 1332 3347 esto,
1356 3292 1480 3336 cansam
1494 3273 1625 3353 reperire
1648 3274 1736 3353 hujus

382 3364 562 3428 anomaliae.
610 3359 687 3424 Cum
710 3378 791 3440 ergo.
805 3360 865 3423 tria
887 3363 951 3426 sint
973 3380 1114 3444 corpora,
1145 3369 1209 3424 tres
1232 3369 1330 3427 motus
1356 3363 1396 3424 ad
1415 3361 1633 3425 noviluniorurn
1656 3371 1735 3426 tern-

380 3473 457 3535 pora
478 3448 664 3514 dimetienda
686 3457 908 3527 concurrentes,
932 3458 1006 3532 puta
1031 3450 1122 3526 Solis,
1148 3451 1263 3525 Lunae,
1288 3459 1320 3514 et
1343 3450 1431 3531 primi
1454 3451 1574 3513 mobilis
1598 3454 1648 3527 (ιι
1670 3460 1734 3515 ter-

380 3542 471 3609 minis
503 3540 684 3602 usitatarum
708 3537 917 3621 hypothesium
940 3543 1090 3616 utamur),
1124 3539 1244 3620 singula
1280 3540 1417 3621 singulas
1453 3539 1540 3605 nobis
1569 3540 1736 3620 praebeant

383 3630 581 3712 suspiciones.
627 3627 708 3692 Nam
736 3626 806 3690 dum
837 3630 1008 3693 vernalia
1034 3629 1227 3693 novilunia
1259 3637 1321 3693 aut
1347 3629 1558 3710 plenilunia
1585 3630 1735 3694 tardius

381 3740 488 3786 revera
510 3718 643 3794 veniant,
668 3736 757 3798 qnam
771 3715 800 3777 in
816 3721 931 3782 calculo
946 3719 1168 3800 praedicuntur,
1193 3718 1422 3781 autumnalia
1443 3717 1576 3781 citius:
1601 3720 1628 3781 si
1642 3738 1736 3782 cansa

381 3811 410 3874 in
430 3809 512 3874 Solis
536 3817 619 3872 motu
648 3817 711 3882 est,
746 3816 868 3886 oportet
890 3808 993 3875 Solem
1022 3827 1115 3871 seruc
1143 3816 1279 3888 tempore
1313 3806 1430 3887 longius
1460 3807 1490 3868 in
1518 3808 1735 3890 consequentia

780 3896 894 3960 distare
918 3918 1008 3979 quam
1041 3917 1060 3960 a
1092 3896 1207 3960 calculo
1231 3896 1382 3976 proditur,
1416 3897 1580 3959 autumnali
1604 3898 1733 3960 brevius.

778 3985 823 4048 Ut
852 3987 884 4050 A
915 3987 957 4048 sit
986 3994 1121 4050 centrum
1153 3985 1254 4047 mnndi
1287 3992 1318 4046 et
1349 3983 1431 4048 orbis
1463 3985 1613 4060 Lunaris,
1650 3987 1735 4067 cujus

779 4074 926 4147 diameter
953 4095 1007 4156 per
1032 4074 1235 4154 longitudines
1258 4072 1340 4136 Solis
1370 4073 1487 4136 medias
1510 4078 1603 4155 prope
1627 4074 1734 4158 aequi-

466 4191 471 4216 ι
529 4235 530 4246 ¹
578 4193 585 4249 ⁵.
630 4235 635 4254 ἡ
671 4184 678 4204 ³
778 4165 880 4227 noctis
904 4165 989 4237 (nam
1019 4164 1057 4226 ab
1091 4163 1109 4225 l·
1134 4182 1172 4224 m.
1201 4162 1320 4225 distant
1348 4182 1407 4224 nou
1437 4161 1541 4226 multis
1574 4164 1735 4244 gradibus)

465 4286 466 4298 ι
499 4239 533 4296 *¹*
624 4247 669 4302 ''5''
778 4254 820 4314 sit
842 4251 989 4315 DMAPI.
1034 4254 1060 4314 B
1094 4251 1136 4313 sit
1172 4258 1307 4314 centrum
1339 4251 1498 4314 eccentrici
1522 4250 1604 4315 Solis
1634 4253 1666 4316 iu
1699 4271 1735 4314 eo

778 4343 838 4404 situ
875 4341 905 4403 in
939 4361 996 4423 quo
1031 4341 1195 4403 assumitur
1233 4341 1261 4402 in
1294 4342 1420 4410 calculo,
1463 4340 1610 4405 diameter
1642 4341 1736 4421 igitur

776 4449 831 4511 per
858 4430 1061 4511 longitudines
1090 4428 1206 4515 medias
1230 4427 1324 4493 LBO.
1372 4428 1422 4492 Sit
1449 4437 1550 4493 autern
1574 4431 1602 4491 D
1629 4430 1735 4504 Libra,

775 4521 790 4582 I
813 4514 915 4591 Aries,
939 4527 971 4581 et
995 4526 1189 4581 assumantur
1210 4519 1283 4582 bina
1305 4526 1443 4600 tempora
1466 4518 1496 4581 in
1521 4519 1628 4602 quibus
1645 4519 1737 4583 Luna

778 4609 941 4672 secundum
965 4606 1111 4670 calculum
1136 4608 1201 4689 (qui
1224 4608 1283 4686 jam
1307 4607 1337 4670 in
1357 4608 1447 4671 Luna
1468 4627 1563 4671 verax
1585 4627 1652 4671 csse
1675 4626 1734 4688 po·

379 4703 475 4778 nitur)
499 4702 542 4765 sit
570 4703 600 4764 in
623 4701 662 4777 Q,
687 4705 729 4766 R.
775 4698 887 4768 Iisdem
902 4705 1069 4777 temporum
1087 4696 1223 4759 articulis
1238 4704 1407 4777 appareant
1429 4698 1458 4760 in
1473 4696 1735 4760 observationibus

380 4793 457 4855 duae
488 4793 618 4874 eclipses
642 4792 779 4858 Solares.
824 4786 960 4850 Necesse
988 4792 1038 4848 est
1064 4784 1171 4866 igitur,
1200 4782 1303 4847 Solem
1331 4805 1477 4870 apparere
1504 4787 1536 4850 in
1564 4786 1644 4849 linea
1665 4785 1733 4862 AF,
