3872 5836
387 297 453 366 384
806 298 907 348 Litsrao
925 297 1027 361 Keplsri
1046 297 1196 362 odiorumque
1214 305 1315 349 mutuas

387 455 407 536 b
433 463 465 517 et
485 453 517 529 il
540 453 621 516 circa
643 458 746 516 tonum
769 454 923 529 minorem,
949 471 1043 534 eoque
1066 456 1163 517 minus
1187 456 1300 538 aliquid
1312 462 1481 534 versantur,
1509 457 1609 532 Qrix
1627 474 1744 521 comma

392 539 461 628 wi„
492 542 626 623 attingit.
672 545 717 605 At
741 546 762 621 b
784 550 857 623 puto
881 543 1003 623 assequi
1027 548 1241 626 troreooupors,
1266 553 1320 606 aut
1342 546 1374 607 id
1398 547 1476 609 forte
1500 566 1654 627 superare.
1701 546 1745 611 Ut

388 633 409 712 1)
433 642 466 695 et
487 631 516 707 11
541 640 670 713 possunt
693 650 858 694 consonare
882 634 1004 694 tertiam
1028 634 1142 708 duram,
1166 644 1293 713 possunt
1316 644 1348 696 et
1362 634 1507 715 quintam,
1532 654 1586 698 seu
1600 641 1742 698 drumm.

379 723 446 784 .Hic
469 726 676 800 emensoque
707 720 741 782 lit
764 722 902 784 medium.
949 722 1001 783 Fit
1023 721 1114 801 igitur
1137 723 1194 784 hac
1216 724 1384 786 intentione
1416 732 1448 786 et
1477 724 1653 787 remissione
1676 744 1745 788 mo·

387 822 471 874 tuum
494 810 678 891 singulorum
701 810 902 889 planetarum,
926 817 960 873 ut
982 811 1142 873 continuae
1166 813 1385 892 quodammodo
1408 813 1472 875 sint
1494 814 1523 875 in
1543 813 1626 877 coelo
1641 814 1743 877 disso-

388 900 526 975 nantiae,
551 899 760 961 interstinctae
785 907 885 960 tamen
910 899 1001 960 certis
1024 900 1143 979 punctis
1166 910 1441 964 momentanearum
1466 903 1744 978 consonantiarum

389 988 638 1071 quemadmodum
669 988 754 1066 ipsae
787 988 879 1049 etiarn
911 988 1097 1050 radiatioues
1130 998 1279 1051 astrorum
1312 991 1452 1053 contione
1485 1000 1592 1053 carent
1618 1000 1743 1072 aspectu

389 1078 591 1160 geometrico,
625 1076 761 1139 incidunt
787 1084 888 1139 tamen
920 1077 950 1137 in
974 1086 1115 1156 aspectus
1143 1080 1342 1158 geometricos
1366 1080 1457 1141 certis
1479 1081 1640 1143 momentis
1662 1089 1744 1143 tem-

389 1186 503 1248 porum,
529 1165 649 1228 circiter
673 1162 715 1227 70
740 1165 769 1225 in
793 1166 879 1227 aunis
904 1164 1041 1245 singulis.
1088 1168 1194 1247 Itaque
1223 1167 1252 1228 in
1279 1168 1504 1249 „disputatione
1536 1169 1742 1250 astrologica“

390 1254 639 1318 considerandum
663 1254 780 1334 reliqui,
804 1273 841 1316 an
866 1254 945 1315 sicut
967 1254 999 1315 hi
1022 1264 1163 1336 aspectus
1187 1257 1389 1319 momentanei
1402 1257 1569 1320 incidentes
1588 1259 1745 1321 concitant

389 1354 528 1408 naturam
551 1343 591 1404 ad
614 1343 722 1404 cienda
746 1351 898 1418 meteora,
930 1363 996 1405 cum
1020 1346 1165 1424 langueat
1187 1346 1241 1408 illa
1263 1355 1298 1407 ut
1319 1346 1496 1426 plurimum,
1528 1347 1647 1427 quando
1670 1348 1744 1410 nulli

390 1443 461 1497 sunt
484 1438 642 1512 aspectus,
678 1432 771 1502 adeo,
804 1442 837 1494 ut
859 1434 1032 1512 plerumque
1064 1452 1203 1496 serenum
1233 1442 1265 1497 et
1296 1435 1489 1516 tranquillum
1517 1436 1559 1497 sit
1580 1444 1666 1510 tunc;
1700 1436 1743 1499 sic

391 1525 482 1588 etiam
502 1524 558 1585 hae
574 1522 757 1590 harmoniae,
781 1521 947 1583 incidentes
963 1523 1054 1584 certis
1068 1523 1237 1597 momentis,
1263 1523 1376 1604 aliquid
1396 1525 1425 1585 in
1441 1525 1551 1586 mundo
1571 1533 1742 1587 causentur.

481 1610 674 1674 Amicissime
698 1610 821 1686 Tanclri,
847 1610 917 1671 boni
932 1613 1072 1674 eonsules
1088 1611 1254 1675 discursum
1276 1613 1368 1674 istum
1387 1631 1477 1692 super
1489 1612 1656 1676 Reinhardi
1671 1633 1744 1693 spe-

391 1703 552 1764 culatione.
598 1699 700 1761 Prima
722 1699 797 1761 haec
821 1700 921 1779 opella
947 1708 1004 1772 est,
1029 1721 1104 1780 quae
1128 1720 1175 1761 me
1199 1702 1359 1781 astrepitu
1378 1701 1505 1781 nuptiali
1529 1703 1685 1765 revocarit
1706 1702 1744 1764 ad

391 1793 561 1865 Musarum,
593 1788 652 1850 imo
677 1786 853 1850 Gratiarum
886 1808 984 1854 sacra.
1031 1790 1142 1852 Martis
1170 1791 1249 1852 enim
1278 1791 1368 1852 lituos
1396 1809 1453 1852 non
1483 1809 1569 1868 curo,
1602 1792 1675 1873 quia
1697 1810 1744 1852 me

390 1880 521 1943 nondum
545 1878 683 1938 attinent.
1821 1884 1824 1889 '

480 1966 615 2029 Libellos
630 1983 712 2026 meos
736 1964 858 2039 excude,
884 1972 919 2026 ut
940 1965 997 2028 vis.
1042 1965 1133 2028 Mitte
1147 1967 1285 2047 pagellas
1303 1966 1486 2029 successive.
1532 1967 1623 2030 Vale.
1665 1969 1744 2031 Pro-

390 2058 470 2118 xime
494 2054 620 2116 movebo
644 2054 747 2132 aliqua
769 2053 896 2129 medica,
920 2073 979 2116 non
1002 2072 1073 2115 vero
1098 2074 1136 2117 ex
1160 2054 1287 2131 Galeno,
1312 2057 1367 2118 sed
1390 2076 1430 2119 ex
1453 2075 1511 2119 me.

482 2144 600 2223 Pragae
625 2143 653 2205 d.
683 2139 731 2205 12.
755 2142 831 2220 Maji
858 2139 951 2206 1608.
1025 2220 1029 2227 ¹

464 2233 578 2297 Apparet
599 2246 614 2281 e
632 2232 772 2295 praemissis
791 2230 894 2294 Kepleri
911 2231 989 2282 literis
1009 2239 1034 2280 et
1051 2232 1094 2289 iis,
1120 2245 1185 2297 quae
1203 2232 1320 2298 leguntur
1337 2248 1412 2297 supra
1431 2229 1466 2297 (p.
1488 2230 1563 2295 197).
1590 2235 1670 2298 ipsun
1686 2233 1746 2284 inde

299 2338 305 2355 .
393 2306 425 2356 ab
444 2317 509 2354 anno
530 2300 599 2352 1600
617 2304 771 2367 proposuisse
789 2303 835 2351 sibi
855 2304 1058 2353 conscribendum
1077 2303 1165 2353 librum
1182 2305 1259 2361 illum,
1279 2320 1352 2367 quem
1365 2319 1430 2354 aune
1445 2304 1543 2354 demum
1560 2302 1635 2354 ¹019.
1656 2305 1746 2369 publici

391 2377 453 2440 juris
472 2375 544 2433 iecit,
575 2373 757 2432 „Harmonicen
776 2371 889 2430 Mundi“,
910 2382 947 2430 et,
966 2374 1124 2438 Pythagorae
1143 2382 1255 2424 secutum
1273 2375 1500 2439 philosophemata,
1527 2383 1608 2425 motus
1627 2376 1746 2426 coelestes

394 2460 538 2510 comparare
556 2458 683 2509 nunquam
705 2444 806 2494 desiisse
830 2458 885 2494 cum
903 2447 1010 2494 numeris
1028 2446 1176 2494 harmonicis
1194 2448 1309 2510 sonisque
1326 2447 1498 2503 musicalibus,
1523 2461 1620 2510 semper
1637 2449 1747 2497 innixum

394 2517 602 2572 theorematibus,
621 2517 729 2580 quaein
750 2515 914 2575 ,Prodromo“
934 2518 1067 2579 proposuit.
1106 2516 1222 2567 Cetemm
1245 2517 1291 2567 hoc
1313 2518 1367 2567 loco
1391 2517 1464 2567 verbo
1488 2525 1586 2568 tantum
1609 2519 1673 2569 haec
1694 2532 1746 2567 mo·

396 2591 480 2640 nuisse
498 2596 539 2637 sat
557 2593 603 2643 est,
622 2587 730 2651 pluribus
749 2588 775 2636 in
793 2588 948 2651 praefatione
967 2588 1000 2637 ad
1014 2587 1207 2646 „Harmoniam
1228 2588 1258 2638 de
1270 2587 1309 2639 his
1327 2590 1452 2654 agendum
1464 2590 1518 2640 erit.
1556 2588 1613 2651 Qus
1639 2604 1699 2640 usus
1716 2590 1749 2639 sit

395 2662 491 2710 ratione
509 2659 709 2709 Reinhardus
734 2659 760 2706 in
786 2658 905 2708 divisione
929 2659 1102 2721 monochordi,
1128 2675 1184 2709 cum
1211 2675 1261 2710 nou
1290 2662 1422 2725 contugerit
1448 2662 1517 2709 nobis
1535 2663 1658 2725 inspicere
1682 2662 1746 2710 illius

394 2733 490 2788 librum,
510 2731 642 2787 nescimus,
662 2743 742 2792 neque
761 2729 828 2778 aliud
847 2730 877 2779 de
897 2736 998 2780 auctore
1017 2730 1105 2780 afferre
1124 2746 1259 2794 possumus,
1279 2746 1353 2795 quarn
1371 2746 1473 2781 munere
1491 2732 1602 2781 functum
1619 2747 1674 2782 esse
1686 2746 1748 2782 can·

395 2804 455 2853 toris
473 2803 498 2850 in
518 2802 605 2865 oppido
619 2799 786 2865 Schneeberg.
823 2800 914 2850 Eodem
941 2802 1049 2851 cantoris
1072 2816 1173 2851 munere
1200 2801 1350 2866 fungebatur
1369 2801 1483 2853 Sethns
1503 2802 1662 2852 Calvisius
1682 2799 1747 2864 (nat.

397 2870 466 2924 isos
484 2873 617 2929 Forslebii,
645 2886 710 2936 pago
730 2869 908 2936 Thuringise),
933 2874 999 2936 prius
1018 2872 1124 2930 Portae.
1150 2873 1255 2936 posthac
1273 2874 1381 2936 Lipsiae.
1419 2874 1465 2923 Ille
1492 2888 1549 2924 vero
1574 2889 1625 2924 non
1651 2879 1749 2931 tantum

395 2946 495 2996 musicis
512 2960 541 2994 se
559 2944 636 3003 dedit,
656 2944 700 2993 sed
719 2945 895 2993 asucnomiam
914 2958 1010 3008 quoque
1029 2950 1055 2994 et
1073 2943 1255 3010 chronologlam
1269 2944 1376 3002 colebat.
1395 2951 1421 2996 et
1434 2944 1512 2995 dehis
1525 2945 1659 3009 disciplinis
1670 2945 1751 2995 mults

398 3032 442 3082 per
453 3016 539 3066 literas
559 3018 611 3080 egit
630 3030 685 3065 cnm
704 3014 756 3064 Jos.
776 3013 913 3079 Scaligero,
933 3015 1041 3079 Keplerc
1062 3021 1088 3064 et
1106 3015 1174 3073 aliis,
1203 3030 1311 3080 opusque
1331 3016 1408 3066 edidit
1427 3015 1711 3083 Chronologicuru‚
1733 3029 1751 3066 a

398 3087 575 3153 posterioribus
593 3087 687 3150 passim
704 3085 842 3134 laudatum.
879 3085 909 3134 In
928 3085 1105 3151 chronologicis
1115 3101 1165 3135 uon
1182 3087 1257 3150 plane
1277 3089 1400 3137 consentit
1418 3102 1474 3137 oum
1492 3087 1616 3151 Keplero,
1645 3102 1750 3151 quocum

396 3160 493 3223 publice
520 3172 565 3221 per
583 3156 668 3205 literas
689 3156 823 3219 disputarit
843 3156 890 3214 „de
909 3171 975 3206 anno
993 3157 1130 3206 nativitatis
1144 3156 1261 3215 Christi“‚
1286 3172 1389 3222 eamque
1408 3159 1439 3207 ob
1458 3173 1560 3209 cansam
1586 3159 1694 3223 pluribus
1713 3157 1749 3207 dl·

399 3230 492 3278 csndus
518 3230 566 3279 erit
589 3229 616 3275 in
639 3227 706 3277 libris
723 3226 826 3289 Kepleri
845 3226 1030 3292 chronologicis.
1067 3226 1136 3287 Quos
1160 3229 1220 3278 dicit
1238 3229 1361 3292 Keplerus
1379 3228 1415 3294 (p.
1435 3228 1499 3292 379)
1520 3244 1650 3291 „numeros
1669 3230 1750 3279 Cairi-

396 3300 505 3350 sianos“:
524 3300 542 3346 ii
559 3300 644 3347 insunt
662 3298 724 3347 forte
743 3297 824 3346 libello
835 3296 934 3346 Calvisii
952 3298 1084 3360 inscripto:
1105 3299 1273 3357 ,Exercitatio
1291 3302 1413 3359 musica“,
1433 3316 1505 3366 quern
1523 3303 1589 3365 typis
1606 3302 1751 3366 impressum

397 3371 459 3421 dicit
476 3369 620 3420 Jceeherus.
640 3365 776 3430 (Mortuum
802 3367 935 3417 Calvisium
957 3370 1062 3419 nunciat
1079 3370 1188 3435 Keplero
1206 3370 1274 3421 Petr.
1294 3370 1418 3438 Crdgems
1442 3372 1481 3424 his
1499 3374 1591 3424 serbis:
1618 3372 1751 3423 Caluisium

396 3456 482 3491 mense
501 3439 634 3490 Novembri
653 3435 745 3502 {1615}
766 3440 885 3489 decidisse
904 3437 1022 3501 nomini)
1042 3464 1075 3475 -

403 3520 408 3533 ·
466 3513 513 3562 His
530 3512 670 3577 praemissis
689 3510 802 3561 addimus
821 3510 868 3560 duo
889 3510 1043 3570 ,themata“,
1064 3512 1170 3562 alterurn
1188 3509 1280 3562 Medici
1299 3514 1436 3577 cujusdam,
1456 3516 1482 3564 in
1499 3531 1546 3581 quo
1565 3530 1617 3565 reru
1628 3515 1752 3580 Keplerus

398 3590 494 3635 tractat
503 3587 564 3647 loca
582 3583 651 3632 seriis
669 3584 790 3640 miscens,
809 3583 914 3631 alterum
932 3583 1171 3641 Walleustenii‚
1190 3585 1256 3649 quod
1273 3599 1348 3649 supra
1365 3587 1452 3650 paucis
1471 3587 1584 3637 diximus.

486 3654 532 3719 Cl.
558 3655 597 3717 D.
621 3655 746 3717 Ductor.
792 3655 862 3717 Etsi
885 3655 956 3716 mihi
980 3675 1014 3717 es
1038 3656 1074 3717 de
1100 3656 1176 3718 facie
1200 3657 1341 3737 ignotus,
1375 3657 1627 3735 duooncopurror
1648 3666 1750 3721 tamen

397 3756 517 3809 tuarum
540 3746 695 3808 literarum
720 3744 759 3805 ad
783 3764 830 3806 me
853 3744 978 3807 missum
1001 3764 1021 3804 a
1043 3746 1208 3820 Fhiderico,
1233 3746 1329 3808 amico
1354 3756 1415 3823 tuo,
1442 3749 1479 3809 de
1503 3748 1563 3810 tuis
1587 3747 1752 3828 postulatis

396 3854 444 3898 me
467 3835 626 3898 certiorem
649 3834 790 3909 reddidit,
815 3853 921 3914 meque
944 3833 1078 3896 vicissim
1101 3834 1259 3914 permovit,
1284 3842 1318 3896 ut
1341 3835 1380 3898 ad
1407 3844 1437 3898 te
1462 3836 1635 3901 scriberem.
1652 3836 1751 3899 ‚Peto

397 3937 499 3988 autem
522 3926 579 3987 abs
603 3933 644 3999 te,
669 3931 703 3985 ut
726 3923 756 3984 in
779 3942 826 3985 me
851 3923 932 3985 feras
956 3943 1024 3986 eam
1047 3923 1230 3998 libertatem,
1256 3944 1345 4005 qnam
1369 3925 1398 3986 in
1414 3927 1571 3989 terserunt
1585 3926 1679 4006 aegri
1696 3922 1750 3989 tui.

398 4013 540 4095 Epistola
563 4020 617 4073 tua
639 4012 731 4092 plena
755 4021 802 4073 est
826 4011 1062 4093 superstitionis.
1110 4011 1198 4083 Quod
1224 4013 1427 4077 valetudinem
1455 4016 1582 4090 attinet,
1618 4016 1664 4077 ita
1687 4022 1751 4076 est:

401 4112 551 4163 astrorum
576 4120 668 4163 causa
691 4101 778 4163 homo
803 4102 964 4183 aliquando
987 4102 1091 4163 multis
1115 4110 1244 4164 vexatur
1267 4103 1477 4180 incommodis,
1503 4105 1571 4185 ipsa
1591 4113 1695 4167 tamen
1718 4119 1752 4166 se

397 4190 484 4271 ipsis,
510 4189 553 4251 uti
578 4208 635 4251 nou
661 4191 728 4251 sola
750 4198 916 4269 genuerunt
940 4192 1072 4265 morbos,
1095 4191 1141 4252 ita
1164 4192 1231 4259 sola
1253 4192 1432 4256 medicinam
1445 4202 1607 4275 praestant
1629 4193 1751 4256 nullam.

397 4279 492 4343 Utere
518 4287 583 4340 arte
608 4286 671 4353 tna,
696 4279 812 4359 corrige
837 4280 984 4355 diaetam,
1010 4280 1100 4342 animi
1124 4280 1376 4361 tranquillitatem
1400 4284 1614 4364 complectere,
1639 4291 1674 4345 et
1694 4284 1753 4345 im·

401 4368 506 4450 primis
528 4368 627 4431 Deum
649 4369 753 4448 placa:
787 4387 839 4447 per
862 4369 919 4431 has
943 4370 1023 4431 enim
1045 4378 1257 4433 concurrentes
1280 4390 1405 4448 causae,
1438 4391 1515 4453 quae
1538 4372 1659 4452 positae
1682 4379 1754 4435 suut

401 4460 430 4520 in
456 4466 508 4519 tuo
533 4457 667 4532 arbitrio,
692 4458 735 4535 fis,
760 4465 794 4519 ut
816 4458 1018 4521 incertissima
1041 4458 1092 4520 sit⁸
1107 4459 1199 4521 etiam
1213 4460 1398 4523 valetudinis
1412 4460 1591 4541 praedictio.
1636 4462 1683 4525 De
1700 4462 1753 4525 lite

397 4566 470 4610 vero
505 4554 577 4609 tuae
610 4565 663 4607 seu
694 4546 913 4623 „assertionis“
949 4568 1004 4610 seu
1037 4548 1246 4623 „affectionis“
1272 4551 1390 4630 (legere
1424 4559 1478 4613 aut
1510 4550 1661 4632 conjicere
1693 4569 1753 4613 nou

397 4638 498 4717 potui)
521 4637 732 4717 pronunciare,
758 4636 974 4699 alienissimum
997 4645 1047 4699 est
1070 4658 1089 4698 a
1111 4648 1230 4701 natura.
1277 4637 1486 4721 Symtomata,
1510 4658 1588 4719 quae
1609 4658 1753 4703 recenses

398 4735 434 4788 ut
454 4726 604 4801 medicus,
635 4726 711 4789 bene
737 4724 897 4801 aestimas3
923 4746 990 4789 esse
1014 4726 1231 4791 melancholiae
1255 4727 1402 4804 sobolem,
1432 4737 1467 4792 ut
1490 4747 1595 4807 aeger,
1624 4729 1752 4793 falleris.

398 4816 457 4880 Illa
479 4816 558 4878 enirn
580 4814 711 4879 bestiola
739 4823 788 4877 est
810 4815 930 4878 soboles
953 4816 1192 4895 imaginationis,
1225 4818 1328 4879 laesae
1356 4839 1377 4879 a
1403 4817 1605 4883 melancholia
1630 4827 1665 4881 et
1687 4819 1755 4901 ejus
1857 4872 1861 4883 .
