3878 5840
728 316 886 383 mapa·
902 316 1054 368 effim-
1261 384 1264 391 ,
1501 314 1568 385 429

212 484 361 558 quatenus
384 475 511 557 antima
532 474 678 556 dogmata
698 472 789 555 paulo
812 474 1002 555 generaliora
1024 474 1113 540 facio.
1156 475 1240 551 Nam
1267 475 1364 557 primo
1386 476 1466 558 quod
1489 476 1567 539 Tar·

213 586 280 629 ram
303 565 430 643 nminat,
454 583 523 627 esse
547 564 642 627 totius
665 564 747 643 ejus,
773 571 921 644 quatenns
944 571 1023 639 tota,
1048 564 1175 627 formam
1197 565 1389 640 nobiliorem,
1418 584 1506 646 quam
1530 585 1568 629 ea

213 663 278 731 est,
307 673 385 734 quae
407 656 438 716 in
461 653 598 733 qualibet
620 652 711 734 gleba
734 651 924 732 agnoscitur,
952 671 1038 714 nemo
1062 654 1195 733 negabit.
1242 653 1321 716 Eam
1342 672 1414 716 vero
1439 655 1568 717 formam

213 763 252 805 ex
281 743 453 806 animalium
482 742 661 804 facultatum
688 759 798 822 genere
830 759 915 814 esse,
952 759 1045 819 opera
1076 741 1170 819 ipsius
1204 749 1351 822 arguunt,
1392 761 1468 822 quas
1497 751 1568 805 sunt

212 833 370 912 generatio
392 829 598 905 metallorum,
627 831 816 893 conservatio
840 829 949 892 caloris
972 829 1152 905 Terrestris,
1178 830 1336 892 exsudatio
1360 848 1505 911 vaporum
1528 832 1567 893 ad
1640 836 1642 843 ⁴

213 920 379 997 fluviorum,
403 919 583 1002 pluviarum,
606 914 835 998 oeter'orumque
856 926 1056 980 meteororum
1065 919 1356 998 progenerationom.
1404 917 1490 989 Quae
1515 939 1565 980 ar-

214 1019 328 1089 guunt,
360 1011 487 1074 formam
517 1008 583 1087 ejus
611 1027 679 1070 esse
710 1026 769 1070 non
792 1007 903 1069 saltem
925 1006 1195 1083 conservatricem,
1228 1007 1325 1089 qualis
1352 1006 1384 1068 in
1408 1007 1568 1087 lapidibus,

212 1098 269 1161 sad
290 1100 410 1162 omnino
432 1097 662 1177 vegetatrr'cem.

764 1183 901 1246 Thesis
922 1182 1022 1245 XLII.

302 1265 410 1348 Neque
432 1275 534 1334 tamen
557 1272 626 1335 ideo
649 1291 774 1335 necesse
797 1280 846 1334 est
868 1290 1005 1334 crescere
1019 1271 1142 1333 Terram
1165 1278 1219 1333 aut
1236 1270 1303 1333 loco
1327 1268 1450 1333 moveri.
1488 1271 1568 1334 Nam

214 1373 310 1436 neque
333 1355 466 1422 bumana
488 1369 537 1424 est
559 1361 625 1440 ejus
649 1361 764 1434 anima,
799 1380 893 1441 neque
917 1360 1057 1423 animalis
1080 1361 1217 1440 proprie,
1248 1377 1344 1439 neque
1372 1359 1470 1438 qualis
1493 1360 1567 1422 stir-

214 1444 305 1523 pium,
328 1446 384 1508 sed
406 1448 570 1527 peculiaris
592 1449 719 1531 speciei,
745 1468 821 1529 quae
845 1448 1047 1511 definitionem
1069 1448 1108 1510 ab
1132 1466 1222 1528 opera
1245 1467 1300 1510 suo
1323 1448 1464 1523 sortitur,
1489 1448 1570 1510 sicut

179 1527 185 1535 ’
214 1533 294 1595 alias
317 1552 434 1616 quoqne
462 1537 581 1617 species
604 1537 777 1600 animalium
806 1537 995 1600 facultatum.
1040 1536 1085 1599 Et
1111 1554 1188 1617 quae
1215 1535 1295 1599 ratio
1318 1543 1438 1598 veteres
1467 1538 1569 1617 coegit
1602 1552 1606 1561 ¹

214 1620 338 1684 tertiam
360 1625 479 1687 animae
502 1625 634 1705 speciem
656 1627 687 1688 iu
700 1625 815 1707 plantis
838 1626 997 1702 collocare,
1021 1626 1129 1687 eadem
1147 1643 1202 1689 nos
1221 1624 1313 1706 cogit,
1338 1632 1476 1705 quartam
1490 1625 1567 1688 hanc
1599 1636 1607 1705 ζ

214 1709 363 1774 collocare
385 1712 417 1776 in
439 1714 543 1777 Tarra.

759 1801 1028 1883 Thasia-XLIII.

305 1883 368 1949 Sed
390 1906 447 1950 neo
470 1889 544 1952 illud
562 1890 739 1965 absurdum,
765 1891 912 1985 animales
935 1891 1111 1964 facultates,
1135 1906 1211 1969 quas
1235 1888 1372 1951 decursu
1394 1909 1453 1952 non
1475 1896 1568 1953 utun·
1607 1896 1614 1923 '·

215 1980 274 2049 tur,
297 1974 505 2057 intelligentes
527 1998 595 2041 asse
617 1979 811 2059 geometriae,
836 1998 930 2061 eaque
953 2000 1008 2042 cen
1031 1979 1161 2060 quodam
1184 1978 1302 2059 objecto
1326 1979 1450 2042 moveri.
1488 1977 1568 2041 Sunt
1610 2006 1616 2017 ·

195 2064 356 2147 ‚exempla
376 2066 520 2129 confessa
541 2069 571 2129 in
594 2077 725 2149 promtu.
771 2069 839 2132 Non
863 2069 1061 2132 ratiocinatur
1084 2065 1200 2129 arboris
1223 2067 1354 2130 facultas
1367 2067 1514 2148 plastioa3
1538 2075 1570 2129 et

215 2160 318 2215 tamen
342 2151 496 2218 Crantoris
521 2157 610 2236 jussa
640 2166 674 2221 ut
705 2158 866 2239 plurimum
896 2158 1071 2238 exsequitur
1097 2154 1339 2219 inordinatione
1368 2156 1507 2218 foliorum
1530 2156 1569 2217 ad

214 2242 461 2306 commoditatem
492 2245 608 2308 fructus
640 2247 737 2328 adque
770 2255 887 2309 certum
928 2248 1026 2310 finem.
1080 2242 1160 2317 Quin
1192 2245 1285 2307 etiam
1318 2243 1570 2326 pulchritudinem

89 2334 101 2357 '
127 2364 132 2369 ·
217 2349 295 2406 eam,
321 2348 397 2413 quae
421 2352 459 2394 ex
481 2335 611 2397 numeris
635 2343 693 2410 est,
717 2337 819 2399 omnia
841 2335 957 2399 semina
978 2334 1120 2398 retinent.
1168 2331 1313 2404 Quinario
1333 2334 1463 2413 plurima
1477 2334 1569 2413 plan·
1668 2336 1677 2379 ὲ

216 2427 316 2483 torum
338 2437 452 2499 genera
472 2429 609 2498 utuntur3
634 2442 692 2486 non
716 2425 899 2489 necessitate
922 2424 1068 2488 mausus
1092 2441 1129 2484 ex
1152 2422 1259 2484 arbore
1287 2422 1319 2483 in
1342 2440 1463 2502 pomum
1487 2422 1569 2485 deri-

217 2517 305 2582 vata,
337 2509 368 2571 in
392 2528 451 2589 qua
474 2510 663 2575 derivatione
686 2514 761 2576 haec
785 2513 912 2595 quinarii
935 2513 1075 2575 custodia
1096 2510 1293 2592 impossibilis
1316 2518 1378 2584 est3
1408 2512 1463 2572 sed
1485 2530 1569 2573 com-

218 2596 420 2659 municatione
444 2599 600 2662 facultatis
622 2602 790 2681 plasticae,
818 2621 895 2683 quae
918 2602 1013 2664 habat
1034 2600 1163 2681 quinarii
1191 2599 1383 2679 congenitam
1400 2599 1570 2680 pulchritu-

219 2685 329 2757 dinem.
384 2684 448 2749 Sed
479 2688 639 2767 ignobilior
669 2689 748 2753 haec
780 2691 881 2761 adbuc
902 2690 980 2751 ratio
1013 2697 1074 2762 est,
1112 2689 1267 2767 minusque
1299 2686 1461 2761 mirabilis,
1501 2687 1572 2768 qnia

220 2774 351 2837 facultas
377 2775 460 2837 intra
481 2777 634 2856 seipsam
657 2787 760 2842 manet
781 2787 813 2841 st
836 2778 1003 2858 quinarium
1034 2793 1122 2857 quam
1148 2775 1242 2837 habet
1268 2783 1428 2856 propagat.
1481 2775 1571 2837 Dabo

219 2863 389 2943 exemplum
420 2866 687 2929 accommodatius.
731 2867 800 2929 Non
832 2866 1030 2929 ratiocinatur
1053 2862 1198 2938 rusticus,
1233 2882 1322 2942 quam
1348 2863 1572 2944 proportionem

218 2952 431 3031 geometricam
460 2952 596 3016 obtineat
625 2973 685 3017 vox
708 2956 747 3017 ad
772 2974 886 3019 vocam.
932 2955 976 3018 Et
1001 2962 1103 3018 tamen
1126 2952 1181 3014 illa
1203 2952 1304 3014 fidium
1333 2951 1488 3014 harmonia
1515 2971 1571 3014 ex·

220 3049 329 3103 tranen
350 3060 405 3121 per
426 3061 516 3104 auras
538 3042 644 3107 rustici
666 3044 699 3107 iu
711 3052 843 3107 mentem
862 3043 996 3108 illabitur
1009 3040 1217 3121 hominemque
1232 3040 1396 3117 exhilarat3
1419 3060 1479 3103 non
1498 3058 1572 3102 sane

219 3129 370 3211 mistionis
394 3148 500 3194 vocum
522 3132 738 3206 moderatione,
760 3151 820 3197 non
844 3133 905 3197 leui
928 3132 1044 3196 aurium
1067 3130 1250 3192 demulsione
1275 3131 1383 3211 (saepo
1401 3130 1482 3193 enirn
1503 3129 1571 3192 vio·

219 3217 295 3282 lenti
318 3218 384 3282 soni
407 3238 496 3283 aures
519 3220 644 3285 laedunt
666 3231 700 3286 et
721 3222 912 3287 nibilominus
935 3221 1134 3286 consonantia
1156 3214 1311 3282 delectant
1334 3222 1404 3293 sua)
1428 3238 1487 3282 non
1510 3218 1573 3282 ulla

219 3306 281 3369 alia
304 3307 342 3370 de
365 3327 473 3383 causa,
507 3328 584 3391 quaa
612 3311 766 3394 hucusque
793 3311 919 3375 inveniri
941 3310 1091 3392 potuerit:
1126 3310 1180 3373 sed
1211 3310 1289 3372 hanc
1317 3328 1408 3371 unam
1435 3310 1571 3383 obrem,
1660 3385 1666 3389 .

218 3395 303 3477 quia,
333 3404 368 3459 ut
395 3397 425 3460 in
448 3398 639 3463 Harmonicis
660 3401 809 3481 probabo,
840 3403 965 3465 formam
988 3398 1193 3463 consonantiis
1216 3396 1359 3461 conciliat
1390 3398 1574 3478 geometrica

216 3485 319 3565 aliqua
349 3485 427 3548 ratio
455 3486 512 3548 toti
543 3489 653 3551 mundo
681 3490 796 3570 reliquo
819 3489 996 3564 familiaris,
1029 3486 1161 3551 maxime
1189 3486 1312 3558 animis,
1341 3505 1415 3567 quos
1450 3486 1573 3566 quidam

215 3581 352 3635 veterum
383 3573 556 3637 harmonias
588 3577 699 3639 dirime.
751 3576 809 3641 His
841 3597 913 3658 ergo
943 3575 1089 3656 exemplis
1127 3592 1182 3635 ceu
1217 3572 1360 3652 gradibus
1393 3573 1573 3653 quibusdam

216 3661 316 3724 evecti
338 3662 503 3725 audeamus
534 3666 628 3726 etiam
655 3665 693 3727 ad
722 3665 779 3727 boc
809 3667 925 3728 culmen
954 3663 1132 3737 ascendere,
1165 3668 1200 3722 ut
1232 3660 1390 3723 credamus
1417 3661 1517 3723 inesse
1540 3662 1570 3723 in

215 3748 312 3810 Terra
333 3749 394 3810 vim
417 3750 578 3813 animalem
599 3754 831 3833 vegetatricem,
859 3755 890 3816 in
919 3753 959 3814 vi'
978 3751 1101 3813 animali
1129 3768 1250 3812 sensum
1269 3747 1418 3829 quendam
1445 3765 1571 3828 geome-

214 3835 307 3909 triae,
332 3835 420 3916 idque
444 3838 623 3914 formaliter,
647 3848 680 3904 et
701 3843 739 3904 ob
763 3842 794 3905 id
817 3843 933 3921 ipsum,
963 3839 1102 3921 quisvis
1125 3837 1179 3899 illa
1202 3856 1240 3898 ex
1263 3854 1373 3915 genere
1397 3835 1571 3898 animalium

215 3922 397 3986 facultatum
420 3934 483 3989 est:
504 3945 580 4007 quas
605 3930 741 4010 quamvis
765 3931 848 4012 operi
871 3949 925 3992 suo
949 3946 1068 4009 semper
1089 3925 1245 4003 incumbit,
1273 3924 1371 4005 magis
1393 3932 1494 3987 tamen
1514 3942 1570 3986 ax-

216 4010 403 4086 atimulatur,
432 4016 550 4095 quando
574 4017 631 4079 hoo
653 4026 828 4100 aspectuum
851 4019 946 4082 veluti
969 4017 1079 4098 pabulo
1103 4015 1202 4095 aliquo
1225 4014 1366 4077 relicitur.
1411 4012 1570 4084 Quemad-

214 4100 333 4165 modum
356 4101 449 4181 igitur
470 4104 551 4166 auris
573 4123 628 4184 per
651 4116 827 4170 concentum
850 4107 1022 4187 instigatur,
1046 4112 1081 4167 ut
1103 4104 1263 4184 diligenter
1288 4103 1454 4177 auscultet,
1479 4110 1570 4182 atque

214 4188 259 4251 ita
281 4196 369 4253 tanto
391 4192 490 4272 magis
513 4193 619 4256 audiat
642 4195 843 4276 (voluptatem
867 4213 1028 4276 quaerens,
1053 4212 1129 4275 quae
1151 4191 1301 4255 censionis
1324 4191 1471 4271 perfectio
1494 4192 1570 4264 ast),

213 4276 258 4340 sic
282 4278 378 4341 Terra
404 4297 459 4359 per
489 4282 694 4361 vegetantium
723 4284 873 4347 radiorum
893 4283 1036 4356 (diximus
1065 4282 1144 4343 anim
1173 4282 1323 4343 calfacere
1351 4279 1420 4342 illos
1452 4287 1486 4341 et
1512 4278 1571 4340 hu-

16 4434 17 4447 ,
215 4370 364 4442 mactare)
387 4369 604 4447 geometricum
627 4390 805 4435 concurram
828 4371 1054 4445 exstimulatur,
1079 4378 1112 4432 ut
1131 4369 1291 4449 diligenter
1314 4388 1368 4430 seu
1391 4376 1478 4430 tanto
1502 4364 1593 4430 ma·'

210 4454 258 4533 gis
282 4457 484 4536 vegetationis
508 4460 592 4539 operi
614 4459 740 4523 insistat
761 4479 959 4541 magnamque
983 4476 1129 4539 vaporum
1151 4457 1270 4538 copiam
1293 4456 1431 4520 exsudet.

756 4549 888 4611 Thasia
910 4547 1026 4611 XLIV.

298 4630 370 4694 Etsi
402 4652 473 4697 vero
502 4634 558 4697 has
587 4637 778 4717 operationes
810 4644 986 4717 aspectuum
1009 4633 1142 4697 nonnihil
1165 4600 1286 4696 variant
1308 4632 1440 4712 ipsorum
1463 4629 1572 4710 plans-

210 4724 309 4782 tarum
340 4720 479 4786 diversae
510 4729 637 4788 naturae
667 4744 760 4808 snpra
782 4725 967 4807 explicatam
999 4730 1035 4785 ut
1057 4724 1147 4786 aliter
1169 4729 1307 4784 movetur
1334 4721 1429 4783 Terra
1452 4739 1471 4780 a
1494 4734 1571 4797 geo·

208 4809 336 4872 metrica
356 4809 502 4875 mixtione
525 4810 651 4878 Saturni
674 4822 707 4878 et
730 4814 842 4879 Martis
866 4811 1103 4885 contrariorum,
1126 4812 1217 4875 aliter
1239 4831 1259 4872 a
1275 4807 1362 4871 Jovis
1379 4816 1418 4910 ¹et
1440 4803 1571 4869 Veneris
