3872 5836
689 340 721 391 c·
737 320 810 391 aa..
828 342 992 408 soucc-
1301 356 1313 369 ¹
1460 342 1525 410 sss

169 495 359 575 impossihile
382 514 421 558 ex
434 499 520 560 coelo
533 499 708 578 praedicere
721 509 839 575 uentos,
863 501 926 562 nisi
942 520 1066 577 annuos,
1090 518 1148 562 non
1173 501 1255 581 prins
1270 498 1393 581 cognita¹
1407 504 1528 567 interna

173 583 325 664 qualitate
348 587 549 666 quarumlibet
581 597 743 664 terrarum,
774 599 809 651 nt
832 591 978 664 sciamus,
1012 609 1070 670 qno
1098 599 1234 670 tempore
1257 590 1383 669 quilibet
1410 599 1527 656 tractus

174 672 310 735 abundet
332 674 465 736 humore.
513 677 558 737 Tu
581 695 653 739 vero
677 678 797 758 quaeris
819 680 982 741 etiamnum
1005 698 1072 740 curn
1091 678 1267 758 vulgaribus
1291 680 1463 761 astrologis,
1488 702 1527 743 an

171 762 249 824 certi
272 763 414 841 manaae
437 772 586 828 certorum
616 767 677 828 sint
698 776 856 830 rentcmm
886 775 1032 840 moturas,
1063 768 1149 848 quasi
1180 766 1308 829 infinum
1336 769 1528 848 planetarum

170 858 235 912 mm
249 851 312 912 sint
324 852 526 931 particulares
550 864 583 916 et
601 874 703 917 curam
719 866 814 936 agant
832 857 1043 919 distinctarum
1064 857 1176 917 Terrae
1191 856 1333 937 partium.
1380 857 1529 938 Equidem

172 946 237 1000 tam
268 949 317 1001 sat
342 958 438 1020 parva
461 942 581 1019 Tellus,
614 953 678 1006 tam
706 954 824 1007 remota
846 947 921 1008 haec
945 954 1063 1019 nostra,
1089 962 1165 1025 qnae
1188 946 1271 1018 hunt,
1297 964 1317 1005 a
1338 945 1528 1025 planetarum

172 1028 327 1103 sensibus,
363 1031 390 1092 si
413 1048 488 1110 qnos
509 1031 555 1094 illi
578 1033 706 1106 habent,
739 1042 773 1096 nt
796 1035 914 1096 omnino
937 1035 1020 1095 Deos
1044 1044 1112 1095 esse
1137 1052 1262 1095 necesse
1286 1032 1342 1108 sit,
1373 1035 1400 1096 si
1423 1035 1529 1096 harum

174 1134 274 1179 rerum
304 1118 420 1180 habent
447 1121 596 1182 notitiam.
643 1122 723 1184 Nam
751 1123 817 1185 sine
844 1122 955 1186 notitia
978 1123 1189 1184 administrare
1218 1122 1279 1182 ista
1307 1139 1366 1183 non
1389 1132 1528 1202 possunt.

173 1205 279 1282 Dices
304 1224 359 1286 per
382 1209 607 1289 sympathiam?
651 1210 728 1274 Dico
752 1230 824 1292 ego,
848 1213 962 1273 nullam
986 1230 1054 1273 esse
1078 1210 1291 1293 sympathiam,
1317 1228 1394 1289 quae
1417 1231 1475 1273 non
1499 1211 1529 1272 in
1557 1214 1562 1269 Ξ

174 1292 251 1355 haec
274 1296 334 1356 duo
357 1314 471 1374 genera
494 1298 599 1372 cadat,
629 1319 786 1381 corpcmm
814 1311 846 1363 et
870 1303 1044 1362 animorum.
1092 1299 1274 1380 sympathia
1303 1299 1381 1361 inter
1403 1318 1531 1379 corpora
1556 1296 1561 1345 ἶ

175 1392 225 1444 est
247 1386 433 1463 magnetica,
469 1394 503 1447 ut
532 1407 625 1449 cansa
654 1389 711 1452 loci
733 1399 766 1451 et
788 1391 932 1471 temporis
960 1389 1040 1450 idem
1068 1389 1122 1449 liat
1151 1389 1188 1448 de
1221 1404 1294 1460 uno,
1324 1388 1403 1467 quod
1430 1389 1466 1451 tit
1493 1389 1530 1449 de

176 1473 291 1544 altero,
318 1483 354 1545 nt
380 1492 526 1537 ccccmo
558 1487 699 1556 magnete
729 1479 839 1541 lermrn
864 1492 979 1560 quoqne
1007 1484 1210 1538 convertatur.
1256 1475 1301 1536 At
1325 1476 1423 1556 qualis
1446 1496 1530 1557 sym-

114 1608 118 1615 .
177 1560 294 1639 pathin,
318 1570 361 1635 nt,
387 1582 452 1625 cum
477 1564 603 1643 planeta
625 1567 773 1646 quispiam
789 1575 933 1648 perpetuo
948 1574 1114 1639 moveatur,
1138 1573 1247 1625 ventus
1270 1564 1364 1645 ipsius
1382 1564 1532 1631 interdum

177 1650 292 1711 saltem
316 1652 503 1731 consurgat?
550 1652 583 1715 Si
598 1656 696 1733 quoad
711 1656 819 1717 directi
841 1657 889 1717 vel
905 1654 1075 1734 retrogradi
1099 1662 1171 1715 sunt
1193 1653 1349 1731 planetae,
1375 1661 1539 1715 ventorum

173 1739 364 1818 propriorum
379 1741 471 1803 flatus
486 1741 632 1833 durarept
645 1742 745 1818 iidem,
768 1752 840 1806 tunc
864 1744 939 1805 haec
954 1752 1038 1804 esset
1060 1741 1243 1823 sympathia.
1290 1740 1400 1802 Altera
1415 1742 1533 1803 animc-

182 1845 250 1890 rom
272 1829 445 1909 sympathia
467 1837 539 1891 tnnc
562 1831 591 1892 in
616 1832 715 1893 ventis
738 1833 835 1894 locum
859 1833 965 1903 habet,
992 1850 1058 1892 cum
1082 1843 1136 1892 aut
1157 1829 1289 1910 planetis
1312 1829 1454 1910 relinquis
1476 1847 1535 1891 no-

177 1914 278 1978 unam
299 1925 466 1993 ventorum,
491 1928 546 1980 ant
569 1920 683 1983 Terrae
704 1922 846 1984 notitiam
863 1929 1057 1999 aspectuum.
1102 1918 1192 1998 Elige
1217 1925 1315 1979 utrum
1334 1918 1420 1979 velis.
1466 1918 1534 1998 Ego

176 2003 206 2065 lu
231 2005 384 2066 sententia
408 2025 529 2081 maneo,
554 2009 584 2070 in
609 2010 729 2072 Tellure
753 2030 820 2073 esse
845 2012 1023 2072 laenitatem
1047 2018 1224 2088 aspectuum
1239 2006 1478 2085 'perceptricem
1502 2015 1534 2067 et

177 2092 298 2173 quoties
322 2094 458 2156 incidunt
481 2106 633 2175 aspectus,
656 2099 838 2161 naturaliter
860 2098 1002 2178 instigari
1025 2097 1103 2158 hanc
1121 2098 1161 2159 ad
1177 2095 1382 2157 exsudandum
1401 2094 1431 2155 id
1455 2094 1534 2175 quod

177 2180 283 2254 hahet,
305 2201 366 2263 qna
387 2192 476 2264 parta
500 2184 603 2246 habet.
649 2186 796 2249 Sudorem
817 2188 922 2268 pluvia
944 2188 1011 2267 ejus
1035 2187 1109 2261 loci,
1142 2184 1275 2265 pluriam
1297 2184 1380 2244 venti
1403 2183 1534 2245 circum-

178 2270 260 2332 circa
291 2280 471 2352 sequnntur,
504 2284 613 2336 ventos
645 2276 921 2356 circumjacentium
949 2275 1105 2355 regionum
1133 2280 1311 2351 tempestas.
1358 2270 1403 2334 Ut
1433 2281 1535 2334 autem

178 2356 277 2421 Terra
289 2359 374 2422 intus
392 2362 459 2440 jam
475 2361 607 2434 humeri,
627 2364 694 2443 jam
716 2373 814 2440 areat,
837 2384 896 2426 uon
919 2364 1018 2443 magis
1040 2382 1079 2424 ex
1093 2363 1178 2424 ccelc
1202 2370 1260 2434 est,
1284 2378 1374 2440 quam
1389 2367 1424 2422 ut
1445 2361 1533 2422 homo

179 2448 246 2529 jan
268 2449 370 2525 sitiat,
401 2449 589 2529 imbibat,
616 2453 680 2532 jarn
704 2455 851 2533 quiescat.
897 2452 1054 2532 Perpende
1082 2460 1184 2512 tamen
1208 2448 1279 2511 hoc:
1312 2448 1396 2509 venti
1418 2448 1535 2510 eminus

181 2534 381 2599 advenientes
405 2556 546 2601 serenare
567 2541 724 2603 videntur:
753 2542 897 2622 quivero
919 2541 1039 2620 pluvias
1063 2541 1200 2610 ailemnt,
1225 2555 1242 2597 e
1264 2537 1431 2616 propinquo
1454 2536 1534 2601 crini.

181 2626 262 2687 Hine
290 2625 454 2688 orientales
477 2629 590 2703 sereni,
624 2631 695 2708 quia
718 2631 842 2691 eminus.
888 2628 1028 2702 Eminus,
1060 2627 1130 2708 qnia
1158 2647 1177 2688 a
1205 2625 1279 2687 locis
1308 2624 1468 2687 humilibus
1496 2626 1536 2686 ad

182 2716 312 2789 altiora,
348 2715 377 2776 in
410 2724 477 2777 tcta
500 2718 620 2797 quidem
651 2737 727 2797 pene
751 2719 887 2797 Europa,
918 2716 1067 2794 etiamque
1091 2716 1120 2775 in
1143 2714 1297 2776 America.
1344 2710 1536 2774 Contrarium

180 2805 211 2866 in
236 2803 407 2879 Lusitania,
433 2805 474 2866 ibi
498 2806 575 2866 enim
599 2807 802 2867 occidentales
827 2823 967 2866 serenare
991 2821 1116 2864 necesse
1140 2810 1231 2875 esset,
1257 2818 1323 2861 cum
1337 2801 1437 2880 magni
1452 2801 1535 2862 fluvii

181 2893 212 2955 in
237 2892 425 2954 occidentem
450 2896 599 2967 ferantur,
624 2895 723 2956 etsie
747 2894 888 2955 occiduae
910 2900 1015 2975 partes
1039 2900 1109 2953 sunt
1132 2890 1245 2952 ordinis
1269 2889 1443 2949 humilioris.
1490 2889 1536 2951 At

180 2982 211 3044 in
235 2988 303 3042 tcta
318 2981 435 3063 reliqua
448 2982 570 3064 Europa
594 2983 798 3045 occidentales
818 2989 888 3044 sunt
910 2980 1018 3063 pluvii:
1048 2981 1119 3061 quia
1140 2976 1310 3060 ponderosi,
1336 2994 1402 3037 cum
1427 2976 1534 3037 devol-

182 3077 295 3133 vantur
316 3088 371 3151 per
394 3072 536 3146 declivia,
562 3072 726 3135 orientales
749 3072 849 3147 leves,
873 3072 923 3152 qui
946 3069 1164 3150 quodammodo
1188 3066 1366 3128 ascendunt.
1412 3065 1534 3126 Ponde-

182 3180 253 3223 rosa
280 3168 381 3221 autem
414 3169 446 3222 et
468 3162 612 3223 devoluta
643 3180 661 3222 e
690 3159 855 3243 propinquo
888 3160 990 3221 venire
1017 3177 1142 3220 necesse
1173 3164 1231 3218 est
1276 3154 1388 3216 Adhuc
1415 3153 1534 3234 quidem

181 3248 317 3324 somni03
348 3251 463 3331 poterit
496 3251 552 3313 hcc
581 3251 677 3313 excoli
708 3252 768 3313 alio
797 3259 942 3330 tempore.
988 3248 1078 3309 Adde
1111 3255 1212 3309 tamen
1236 3252 1269 3305 et
1291 3244 1363 3317 hcc,
1397 3243 1535 3305 boreales

181 3342 338 3414 serenare,
369 3339 419 3419 qui
452 3340 490 3401 ad
519 3340 595 3403 haec
622 3341 843 3404 mediterranea
873 3340 964 3402 etiam
988 3337 1206 3418 quodammodo
1234 3333 1411 3395 ascendunt.
1457 3332 1537 3395 Item

180 3429 248 3501 hcc,
274 3448 293 3489 a
315 3427 429 3490 nivosis
452 3429 624 3509 regionibus
648 3430 730 3492 venti
754 3428 916 3509 longinqui,
941 3437 976 3489 ut
998 3428 1036 3488 ab
1057 3427 1218 3488 Americae
1241 3422 1403 3497 montibus,
1428 3440 1448 3482 a
1470 3422 1536 3483 Lu-

181 3536 239 3579 nae
263 3516 415 3578 montibns
439 3517 468 3578 in
492 3519 609 3591 Africa,
635 3539 653 3578 a
676 3517 824 3596 Rhodope
844 3516 991 3578 Thraciae
1025 3515 1140 3576 etesiae
1161 3513 1355 3586 Graecorum,
1381 3530 1400 3570 a
1421 3510 1537 3572 nivosis

181 3604 304 3688 Styriee
334 3606 486 3667 montibus
515 3606 598 3666 venti
630 3605 660 3665 in
684 3605 868 3685 planitiebus
892 3602 1060 3683 Ungariae,
1094 3603 1132 3662 ab
1156 3599 1317 3680 Apennino
1351 3607 1383 3658 et
1405 3598 1536 3678 Alpibus

181 3693 297 3756 nivosis
321 3693 415 3773 gelidi
436 3694 481 3754 illi
499 3694 593 3767 venti,
619 3701 739 3754 aestate
763 3690 833 3752 anui
855 3688 948 3767 1603,
974 3697 1008 3751 ut
1031 3698 1079 3750 est
1101 3688 1133 3749 in
1156 3706 1224 3748 mea
1246 3685 1446 3764 praefatione.

274 3781 340 3854 (Ad
363 3779 412 3853 5.)
459 3779 591 3842 Causam
624 3779 796 3842 lenissimae
824 3778 931 3839 hiemis
961 3798 1019 3838 non
1043 3776 1146 3848 miror,
1181 3775 1272 3834 miror
1300 3771 1402 3852 potius
1431 3773 1537 3832 eodem

181 3878 318 3946 tempore
341 3868 557 3946 rigidissimam
589 3868 683 3929 fuisse
720 3869 848 3930 hiemem
875 3866 906 3928 in
929 3865 1030 3929 Italia.
1077 3861 1157 3934 Quid
1187 3861 1334 3933 dicemus,
1366 3859 1425 3920 nisi
1458 3859 1537 3939 qnod
1576 3874 1581 3887 ¹

181 3954 358 4043 Apenninus
382 3964 413 4015 et
437 3955 532 4035 Alpes
557 3956 778 4037 exspiraverint
800 3956 856 4017 hcs
880 3946 1001 4031 uentos,
1036 3953 1057 4013 ii
1081 3970 1152 4031 crgc
1182 3948 1268 4011 nobis
1292 3955 1362 4010 sunt
1385 3949 1536 4011 australes

183 4044 310 4124 ideoque
334 4042 440 4117 calidi,
473 4045 559 4107 Italis
582 4065 653 4108 vero
678 4045 815 4108 boreales
839 4044 965 4124 ideoque
985 4041 1101 4123 frigidi,
1125 4037 1260 4102 simodo
1288 4055 1406 4112 rerum,
1431 4055 1535 4098 omues

182 4132 320 4197 boreales
344 4132 480 4212 frigidos,
505 4135 656 4197 australes
679 4136 804 4198 calidos.
851 4132 986 4196 Causam
1008 4149 1119 4211 quaero
1145 4128 1284 4191 similiter
1316 4126 1346 4188 in
1370 4125 1537 4189 visceribus
1585 4125 1594 4131 “

182 4224 305 4285 Terrae.
350 4222 420 4285 Nisi
443 4223 522 4284 enirn
545 4223 640 4284 Terra
663 4231 725 4286 tam
755 4224 864 4285 luisset
886 4221 1009 4283 humida
1031 4228 1096 4282 toto
1120 4226 1263 4279 autumno
1286 4211 1480 4290 commilitii,
1505 4222 1538 4276 et

181 4311 277 4375 bieme
307 4320 453 4392 sequente
481 4330 539 4372 non
569 4311 678 4373 inisset
707 4322 769 4373 tam
798 4312 874 4374 lenis
898 4311 1003 4371 hiems.
1051 4308 1151 4388 Tepcr
1179 4306 1227 4367 hic
1256 4303 1386 4367 obtinuit
1414 4321 1482 4364 oum
1506 4303 1537 4364 in
1598 4348 1603 4359 .

181 4400 303 4476 Suevia,
327 4408 391 4462 tum
413 4402 444 4462 in
468 4399 582 4482 Styria,
607 4401 637 4461 in
658 4401 795 4481 [lugaria
818 4418 890 4461 vero
913 4398 1075 4478 aliquando
1099 4398 1228 4457 immane
1252 4394 1364 4473 frigus,
1395 4399 1431 4453 ut
1450 4391 1537 4453 multi

180 4490 293 4552 milites
321 4489 384 4552 sint
405 4489 519 4553 amissi.
568 4488 684 4552 Contra
711 4488 918 4551 humidissima
945 4496 978 4547 et
1006 4482 1084 4547 lere‘
1101 4501 1219 4563 semper
1246 4482 1349 4562 pluvia
1382 4480 1478 4541 hiems
1505 4480 1537 4542 in

180 4578 341 4654 Bchemia,
375 4577 545 4641 siccissima
572 4579 602 4640 in
626 4576 745 4660 Styria‚
778 4586 812 4639 ut
834 4575 1003 4639 diutissime
1032 4591 1090 4634 ncn
1113 4571 1241 4652 pluerit,
1274 4570 1377 4653 pulvis
1400 4569 1536 4631 aestivum

181 4666 281 4730 luent.
327 4668 416 4731 Adeo
438 4667 560 4730 variant
581 4667 643 4730 ista
664 4686 720 4747 per
741 4666 891 4746 regiones.
939 4662 1094 4742 Superiori
1107 4661 1248 4740 Augusto
1272 4658 1377 4738 primis
1405 4654 1445 4719 10
1467 4657 1537 4719 die-

181 4755 237 4817 bus
264 4757 341 4818 adeo
366 4756 472 4820 valida
500 4756 559 4819 init
585 4755 760 4831 commotio,
789 4754 866 4816 adeo
893 4751 1069 4836 prodigiosa
1095 4747 1252 4811 inundatio
1275 4749 1404 4810 omnium
1426 4746 1537 4808 duric-

178 4862 257 4922 rum,
282 4846 332 4926 qui
354 4864 375 4908 a
395 4846 548 4909 monbhus
562 4843 712 4929 Stynacis
735 4844 881 4918 criuntur,
905 4849 940 4904 nt
961 4841 1112 4904 homiuum
1134 4836 1463 4973 memoriqqr*anporst
1502 4833 1538 4893 Iu
