3786 5808
417 350 459 418 54
1009 349 1171 405 Prooemium.

487 517 587 569 Lirem
604 516 757 579 hesperum
776 513 858 564 solatii
886 514 1028 565 exhibentes
1046 513 1200 564 advenerunt
1218 513 1346 565 Gentium
1361 513 1470 578 Kepleru
1487 513 1596 581 Prsgum
1619 513 1652 565 ad
1667 513 1762 578 Tydeo·

417 603 473 639 nera
491 587 600 652 proiecto
620 584 703 649 (initio
720 586 777 638 ian.
799 581 889 647 1000).
926 584 964 635 lbi
982 590 1144 636 commoratus
1167 598 1244 649 usque
1268 585 1300 635 ad
1322 600 1433 636 mensem
1450 585 1564 642 inuium,
1588 600 1635 649 quo
1654 584 1763 636 (tretium

417 659 502 716 rediit,
525 665 615 722 pectus
634 665 672 708 est
690 673 745 708 cum
764 655 880 719 'Pythone
899 656 930 707 ds
948 658 1054 706 transitu
1071 659 1097 705 in
1115 655 1274 713 Bohemism,
1301 670 1378 721 euque
1400 657 1518 708 lumilisur
1536 657 1663 708 trenetullt
1680 672 1763 707 meuse

417 728 536 781 Octobris·
551 752 586 763 -
605 726 702 792 (Comp.
722 734 805 778 annot
825 726 927 791 Keplsri
945 729 971 777 in
990 728 1170 779 dedicationem
1189 721 1256 791 [a].)

487 801 527 851 De
542 800 581 851 bis
593 814 657 867 quus
669 799 804 864 Ksplsmru
817 805 871 848 tum
886 800 1003 863 temporis
1020 799 1154 849 turbabunt
1171 799 1243 849 rebus
1260 800 1360 862 privetis
1376 799 1526 865 publicisque
1542 799 1651 863 pluribus
1669 800 1722 865 egit
1738 802 1763 850 iu

417 873 574 940 memfibos
593 873 684 929 tribus,
702 874 774 922 suuis
795 866 861 920 1500
881 878 907 921 st
926 866 995 919 1000
1013 871 1046 922 ud
1063 868 1222 920 Mssstlinum
1241 870 1306 921 detis
1324 870 1408 922 literis.

1016 972 1049 1075 s.
1074 1012 1107 1074 r.
1131 1012 1170 1074 n.

505 1123 627 1186 Literes
651 1129 729 1196 tuas,
754 1119 925 1183 avidissime
950 1121 1006 1182 hoc
1029 1118 1199 1183 turbulento
1223 1127 1356 1199 tempore
1386 1127 1582 1200 expectatae,
1612 1120 1669 1183 hac
1698 1122 1764 1184 vice

417 1213 487 1277 mihi
510 1231 569 1275 uon
592 1210 738 1284 redditas,
761 1209 954 1271 vehementer
975 1208 1072 1271 doleo.
1110 1208 1342 1271 provinciarium
1360 1209 1474 1288 Agens,
1499 1208 1549 1289 qui
1566 1209 1685 1291 Prsgae
1709 1210 1766 1273 init

418 1301 685 1380 (Kandelberger),
710 1297 768 1360 hnc
785 1298 903 1360 vinctus
918 1307 988 1359 ante
1003 1305 1148 1361 semestre
1163 1298 1283 1372 allatus,
1308 1294 1452 1379 superiori
1470 1317 1572 1360 mense
1590 1306 1689 1360 tortus
1707 1308 1765 1373 est,

418 1390 607 1455 secretarius
630 1386 786 1470 Styrnrnm
815 1384 1029 1459 (Gabelkofer)
1059 1386 1195 1467 captivus
1224 1386 1382 1449 detinetur.
1427 1388 1540 1449 Ferunt
1569 1386 1766 1454 deliberatum

417 1482 454 1543 de
479 1480 539 1542 sliu
560 1477 711 1559 principe,
733 1477 859 1556 ideoque
883 1476 1005 1557 capitali
1029 1475 1173 1557 supplicio
1196 1475 1384 1556 plectendum
1407 1476 1492 1539 iilum
1512 1477 1674 1555 Agentem.
1712 1478 1764 1539 ln-

417 1577 503 1632 teres
524 1568 638 1648 templa
661 1573 731 1628 ante
755 1584 867 1645 paucus
890 1584 984 1627 annos
1012 1564 1172 1627 aedificata
1204 1572 1389 1639 evertuntur,
1424 1565 1473 1646 qui
1496 1572 1601 1627 contra
1624 1565 1765 1647 principis

416 1659 558 1721 mundata
581 1656 733 1719 ministros
757 1654 900 1727 detinent,
926 1655 1006 1716 cives
1031 1654 1218 1734 oppidorum,
1243 1655 1335 1716 armis
1359 1654 1398 1715 ed
1421 1653 1622 1716 obedientium
1643 1662 1765 1735 prutre-

415 1749 539 1824 huntur,
566 1746 687 1808 vincula
708 1743 821 1825 injecta
843 1743 951 1823 viginti
974 1762 1110 1818 numero,
1140 1743 1188 1825 qui
1218 1742 1283 1805 heri
1305 1743 1391 1804 allati
1419 1750 1490 1805 sunt
1521 1743 1683 1823 desperata
1712 1764 1767 1807 sua

416 1840 525 1901 salute.
566 1835 632 1898 Hoc
656 1835 808 1896 decretum
838 1841 870 1895 et
897 1833 1087 1895 sanctissimo
1114 1833 1286 1914 juramento
1318 1833 1522 1895 confirmatum
1554 1840 1603 1895 est
1630 1834 1764 1916 principi,

416 1927 529 1991 nullum
543 1923 662 1989 omniun
677 1922 844 1985 ministrnm
858 1922 1004 1985 ecclesiae
1022 1922 1086 2003 psti
1107 1922 1136 1984 in
1160 1922 1222 1984 suis
1245 1921 1417 2002 provinciis,
1440 1921 1611 2004 nequidem
1633 1922 1663 1987 in
1688 1925 1766 1987 arci-

416 2018 481 2079 bus.
529 2011 645 2078 Contra
666 2012 743 2074 haec
766 2011 854 2074 rebus
877 2011 944 2090 jem
966 2011 1116 2092 prolapsis
1139 2029 1226 2074 nemo
1251 2011 1406 2093 quicquam
1428 2019 1545 2087 movet,
1575 2032 1632 2076 uec
1655 2022 1765 2094 potest

417 2103 510 2168 Cives
532 2103 622 2183 hujus
644 2100 737 2172 urbis,
761 2101 811 2182 qui
833 2119 942 2163 novum
960 2101 1163 2181 jurameutum
1184 2108 1340 2181 praestare
1364 2119 1397 2162 se
1420 2120 1509 2181 posse
1532 2110 1655 2181 negant,
1679 2111 1766 2165 vetus

417 2194 653 2274 conjurarunt:
684 2189 716 2252 hi
739 2190 858 2271 inquam
882 2199 1009 2270 agentur
1030 2189 1061 2251 in
1092 2189 1232 2251 exilium:
1263 2209 1318 2250 nec
1346 2188 1448 2253 licebit
1474 2188 1550 2271 ipsis
1573 2190 1630 2252 sub
1653 2191 1767 2254 nobiles

417 2284 562 2363 migrare,
591 2279 736 2341 decimam
764 2286 882 2358 partem
908 2279 1051 2341 bonorum
1081 2277 1233 2341 mobilium
1256 2286 1288 2340 et
1308 2277 1502 2342 immobilium
1522 2288 1595 2359 post
1618 2298 1651 2341 se
1674 2281 1766 2343 relin-

417 2380 518 2452 quent.
563 2368 630 2450 Ego
654 2386 756 2431 omnes
780 2368 953 2430 occasiones
980 2368 1084 2443 rimor,
1116 2367 1180 2430 sine
1208 2386 1273 2429 meo
1301 2375 1401 2429 sumtu
1423 2367 1552 2447 Prsgam
1574 2369 1767 2449 perveniendi

418 2462 457 2522 ad
477 2459 666 2542 Tychonem,
694 2457 763 2519 inde
787 2476 822 2518 eo
845 2456 911 2519 viso
934 2456 1007 2519 mihi
1030 2457 1107 2519 forte
1130 2464 1272 2519 nascetur
1299 2455 1417 2518 occasio
1442 2456 1628 2520 deliberandi
1651 2459 1687 2520 de
1710 2458 1766 2520 eli-

416 2549 513 2630 gendo
537 2548 613 2610 loco.
658 2543 803 2617 Quamvis
826 2564 911 2607 neruo
935 2565 982 2608 me
1006 2545 1170 2626 expelleret
1192 2553 1224 2607 et
1246 2544 1470 2625 prudentissimi
1493 2547 1601 2628 quique
1628 2565 1666 2608 ex
1687 2547 1767 2610 ordi·

416 2636 518 2700 nibus‘
527 2643 645 2708 ament,
668 2653 793 2716 meaque
816 2634 966 2715 colloquia
988 2635 1027 2697 ad
1050 2634 1187 2696 convivia
1209 2634 1313 2696 crebro
1337 2643 1490 2713 expetant

505 2726 571 2806 Ego
595 2724 713 2789 interes
736 2741 773 2785 ex
796 2722 957 2786 rhombicis
981 2722 1155 2804 corporibus
1184 2719 1220 2786 12
1245 2731 1277 2785 et
1300 2720 1343 2786 30
1364 2724 1529 2804 planorum,
1553 2724 1628 2787 item
1651 2745 1688 2787 ex
1705 2724 1767 2787 Ar-

418 2814 582 2879 chimedeis
605 2812 683 2875 nitor
707 2812 948 2874 eccentricitates
972 2813 1090 2875 elicere.
1138 2811 1217 2873 Vale
1241 2821 1273 2874 et
1294 2820 1347 2874 tuo
1376 2813 1497 2876 arbitrio
1527 2812 1601 2875 mihi
1625 2813 1769 2876 salutaris

418 2923 557 2985 suggere.
590 2901 700 2964 Preces
724 2908 843 2962 vestras
867 2909 899 2964 et
920 2902 1056 2982 publicas
1080 2910 1111 2965 et
1129 2901 1265 2984 privatus
1280 2920 1465 2981 summopere
1481 2902 1659 2982 expetimus.
1690 2901 1768 2965 Num

418 2988 723 3075 praetereantur
746 3012 873 3071 popum
897 2990 1088 3071 desperatum
1111 2997 1168 3053 est.
1214 2987 1323 3053 Saluto
1350 3000 1521 3054 reverenter
1550 2998 1649 3055 totum
1677 2990 1768 3053 colle·

421 3083 502 3164 glum
526 3090 558 3145 et
578 3080 618 3142 D.
642 3080 859 3143 Haiereffernm
882 3099 1042 3163 omnesque
1065 3098 1149 3141 meos
1172 3080 1315 3141 fautores.

512 3168 562 3236 12.
586 3165 637 3233 22.
660 3170 738 3233 Nov.
763 3163 816 3232 99.
1029 3168 1068 3231 Η.
1093 3168 1128 3229 Τ.
1153 3168 1221 3231 ded.
1246 3167 1409 3250 discipulus

1467 3255 1513 3321 rr.
1535 3254 1667 3342 spur.

1001 3390 1192 3404 *Ub——t--n

1022 3520 1055 3584 S.
1080 3520 1113 3583 P.
1136 3520 1175 3582 D.

508 3626 651 3701 Calendis
679 3625 779 3703 Junii,
816 3627 999 3713 Praeceptor
1031 3624 1223 3703 diutissime,
1257 3626 1417 3690 Bensthlra
1445 3627 1594 3703 discessi,
1627 3625 1766 3690 Grotium

418 3738 533 3783 versus.
578 3716 740 3797 Negotium
764 3717 868 3798 reliqui
890 3716 1059 3796 pendulum.
1105 3716 1223 3779 Tardae
1247 3726 1317 3778 sunt
1340 3717 1546 3796 expeditiones
1571 3717 1695 3780 tulisse.

505 3807 677 3869 Potuissem
699 3805 963 3868 intercessionibus
987 3806 1108 3886 optimis
1136 3806 1257 3885 adjutus
1285 3806 1313 3867 in
1339 3803 1481 3869 caesuris
1504 3805 1627 3870 servitio
1650 3804 1765 3885 stipen-

420 3896 501 3959 dium
524 3896 644 3957 facerer
669 3895 722 3956 sed
744 3915 791 3956 me
815 3894 946 3975 vestigia
963 3903 1133 3959 termemnt
1154 3894 1312 3975 splendida
1331 3896 1481 3974 stipendia
1502 3895 1693 3967 merentium,
1717 3890 1766 3951 vix

420 3984 572 4048 dimidium
594 3983 708 4064 ingenti
731 4003 798 4046 cnm
821 3984 998 4047 difficultate
1023 3985 1272 4066 extorquentium.
1314 3985 1419 4066 ltaque
1441 3984 1614 4066 ’lycbonem
1637 3982 1715 4044 inter
1737 3984 1769 4039 et

419 4094 467 4138 me
491 4073 535 4136 sic
558 4072 706 4154 convenit,
731 4073 774 4134 nti
800 4071 917 4136 Grastii
941 4075 1045 4138 literas
1069 4071 1212 4137 Caesaris
1237 4082 1436 4154 expectarem,
1462 4073 1567 4154 quibus
1591 4072 1766 4140 efficeretur,

419 4173 453 4228 nt
476 4170 593 4227 retento
617 4162 728 4225 salario
750 4161 905 4246 Styriaco,
936 4184 990 4243 per
1014 4182 1102 4227 unum
1125 4162 1305 4226 stulterum
1329 4182 1436 4227 aunum
1459 4163 1488 4226 in
1511 4162 1688 4226 Bohemiam
1710 4156 1767 4219 mi·

420 4272 552 4336 grarem,
577 4252 683 4333 quibus
706 4272 771 4314 cnm
794 4252 892 4315 literis
915 4254 1085 4316 mitteretur
1106 4250 1167 4315 nni
1189 4261 1220 4314 et
1242 4250 1393 4315 viaticum.

508 4340 570 4404 Sed
594 4341 727 4404 ordinem
751 4360 859 4423 sequor
877 4350 1045 4415 eventuum,
1069 4343 1194 4422 ideoque
1212 4341 1345 4421 jucunda
1364 4340 1481 4403 acerbis
1500 4340 1620 4403 misceo.
1655 4332 1767 4398 Galen-

417 4431 467 4507 dis
494 4430 624 4511 Augusti
653 4431 733 4492 mille
761 4431 888 4512 amplius
916 4432 1031 4494 civibus
1061 4440 1092 4492 et
1117 4430 1343 4510 provincialium
1373 4430 1516 4493 ministris
1543 4428 1573 4491 in
1602 4424 1674 4488 urbe
1701 4420 1767 4492 bac,

419 4519 576 4583 iuterhns
599 4520 725 4582 etmihi
748 4529 922 4601 perpetuum
951 4529 1000 4583 est
1029 4521 1172 4583 indictum
1199 4519 1337 4596 exilium,
1367 4519 1448 4581 intra
1476 4518 1540 4581 dies
1569 4510 1769 4598 quadraginta

421 4609 559 4690 quinque.
614 4609 772 4673 Vilissima
800 4610 882 4672 lucta
912 4617 961 4672 est
990 4609 1125 4692 supellex
1155 4609 1267 4684 omnis,
1300 4608 1425 4690 pecnnia
1457 4607 1539 4671 nulla
1569 4603 1629 4668 uisi
1655 4600 1771 4664 munte

420 4697 574 4779 Ungsrica
596 4697 674 4761 inter
700 4698 834 4761 homines
864 4706 1033 4775 exercetur,
1066 4698 1250 4761 decimantur
1276 4698 1355 4760 bons
1382 4695 1482 4758 omnis
1500 4696 1679 4777 diligenter.
1725 4683 1770 4745 Tu

421 4797 525 4852 celcra
546 4788 628 4851 mala
650 4788 774 4869 conjice.
821 4787 1006 4851 Renunciavi
1028 4789 1085 4851 hoc
1108 4787 1259 4868 Prsgsm:
1290 4785 1429 4848 rescribit
1451 4785 1569 4868 Tycho,
1595 4782 1659 4862 jam
1681 4793 1728 4838 me
1752 4788 1771 4830 e

422 4897 455 4945 se
479 4884 619 4945 oretenus
642 4883 675 4945 et
702 4878 888 4941 nominatum
911 4875 1035 4945 Caesari
1065 4885 1097 4940 et
1123 4876 1341 4960 approbatum
1373 4874 1455 4971 sulse
1469 4868 1640 4957 ,expectari
1667 4865 1770 4928 illvm
