3786 5808
416 378 460 444 20
1010 377 1170 428 moenum.

416 540 478 615 dis,
512 537 646 601 adhibito
673 537 821 600 Herculeo
849 536 961 618 lapide.
1006 537 1048 599 Et
1071 545 1172 599 tamen
1195 536 1284 599 bodie
1307 536 1394 598 modo
1418 535 1489 599 mibi
1512 542 1619 599 natum
1643 538 1765 599 esthon

416 627 588 703 consilium,
624 648 690 690 cras
719 628 848 688 fumasse
877 625 1057 706 displicebit.
1104 626 1323 707 Lougitudines
1352 645 1389 687 ex
1419 624 1580 706 posteriori
1605 625 1765 707 capiendae

416 726 504 780 erunt
536 737 573 779 ex
605 717 722 779 ratione
754 715 919 778 itineraria.
968 713 1110 778 Ceterum
1137 717 1246 796 vulgus
1268 714 1458 779 minutiomm
1479 732 1626 793 pagorum
1652 734 1690 777 ex
1706 735 1765 789 ,nu-

415 827 496 870 mero
519 826 662 888 passuum
685 806 714 867 iu
737 805 836 885 plano,
865 823 901 866 ex
923 814 1084 884 prospectu
1108 805 1296 886 fastigiorum
1319 804 1349 864 in
1372 803 1443 866 altis
1461 803 1617 865 montibus
1641 803 1764 884 capiam,

416 905 449 959 ut
480 889 696 969 Mnusterus²)
729 896 827 956 docet.
874 893 939 956 Nee
961 903 1034 973 puto
1064 895 1264 958 necessariam
1298 893 1389 954 ullam
1413 891 1450 953 de
1473 892 1631 971 superficie
1657 893 1764 978 sphae-

415 985 478 1047 rica
501 985 715 1065 cogitationem
738 984 768 1045 iu
791 983 931 1062 regione,
960 984 1044 1063 cujus
1077 992 1126 1045 est
1157 984 1237 1065 long.
1270 979 1328 1057 40,
1358 982 1412 1043 lat.
1437 978 1480 1051 20
1507 981 1561 1042 -vel
1587 977 1631 1044 30
1654 981 1764 1044 millia-

414 1075 500 1137 rium.
556 1075 640 1135 Haec
669 1072 738 1154 quin
767 1072 929 1135 scriberem
955 1071 1119 1153 praeterire
1151 1093 1209 1135 non
1241 1070 1335 1152 potui.
1382 1070 1472 1133 Vale.
1519 1065 1574 1133 20.
1608 1067 1663 1135 30.
1697 1068 1764 1134 Oct

413 1183 461 1227 an.
489 1159 583 1228 1595.

866 1251 956 1312 Hum.
980 1248 1015 1310 Τ.
1041 1247 1240 1312 (iratissimus
1263 1249 1337 1312 disc.
1530 1262 1533 1273 ’

1401 1335 1448 1398 Μ.
1472 1334 1523 1399 Jc.
1546 1332 1680 1420 chler.

482 1494 674 1548 Maestliuus
692 1496 858 1561 responditd.
879 1492 920 1544 27.
941 1496 1011 1548 Febr.
1031 1514 1054 1547 r.
1074 1496 1111 1549 St
1135 1493 1201 1546 rtet
1221 1493 1342 1559 (Hnmcb.
1361 1511 1385 1560 p.
1404 1491 1522 1557 i-lt):
1581 1518 1592 1539 s

483 1566 586 1629 Quoties
604 1569 635 1620 de
653 1570 702 1619 tuis
721 1568 984 1627 demonstrationibus,
1007 1570 1094 1634 quibm
1113 1568 1241 1633 Cepernici
1258 1567 1405 1632 hypotheses
1424 1579 1440 1615 s
1457 1566 1529 1630 priori
1548 1566 1693 1617 docfinime
1710 1581 1762 1631 pro·

411 1641 473 1696 bas‚
499 1641 597 1706 cogito,
622 1640 781 1691 vehementer
797 1640 856 1690 mihi
875 1640 993 1705 gratulor,
1012 1641 1076 1705 qnod
1093 1643 1195 1691 taudem
1214 1640 1300 1705 aliquis
1319 1641 1354 1689 sir
1372 1638 1458 1688 doctus
1475 1639 1636 1697 inveniatur,
1664 1639 1706 1703 qni
1723 1637 1763 1687 isti

411 1711 600 1775 imprudentium
617 1713 847 1762 mathematicorum
865 1711 953 1761 turbae
971 1711 1009 1760 his
1022 1711 1150 1776 (lopernlci
1167 1711 1343 1775 hypothesibus
1361 1709 1544 1773 obloquentium
1562 1723 1608 1760 ora
1629 1709 1762 1760 obtundere

411 1783 494 1833 sudet.
531 1782 608 1848 idque
626 1790 697 1833 tanto
715 1784 807 1848 magis,
836 1782 900 1848 quod
925 1784 1000 1832 etiam
1018 1788 1135 1834 creatoris
1154 1784 1281 1833 eonsilium
1299 1784 1325 1832 in
1342 1780 1426 1830 mundi
1444 1782 1570 1832 amadeus
1588 1781 1710 1845 patescit:
1739 1787 1763 1830 et

411 1854 476 1919 quod
492 1853 652 1919 sphaerarum
670 1855 804 1911 dimensio,
823 1868 887 1919 quae
905 1856 1005 1903 summis
1024 1854 1172 1915 artificibus,
1198 1855 1244 1918 ipsi
1262 1867 1356 1919 quoque
1376 1850 1510 1915 Copemico
1528 1868 1572 1916 pro
1591 1850 1762 1916 computandis

410 1924 670 1990 prostbaphaeresibus
688 1926 837 1975 solummodo
856 1939 873 1975 a
890 1926 1017 1988 posteriori
1034 1941 1078 1990 per
1096 1926 1276 1976 observationes
1295 1922 1438 1998 indaganda
1454 1924 1510 1980 init,
1526 1926 1581 1987 jam
1595 1938 1612 1974 a
1624 1925 1698 1988 priori
1710 1923 1760 1973 adi·

329 1988 337 2005 '
409 2005 463 2051 tum
479 1997 633 2061 patefactum
650 1996 741 2047 babere
759 1996 862 2047 ridetur.
898 1995 1000 2045 interim
1027 2003 1112 2047 tamen
1137 1998 1196 2048 dum
1220 1997 1251 2046 de
1270 1998 1318 2046 tuis
1341 1996 1448 2045 numeris
1465 1994 1539 2058 paulo
1558 1995 1703 2061 diligentius
1721 2009 1761 2043 co·

408 2070 469 2133 gito,
486 2067 557 2118 rideo
575 2082 637 2119 saue
654 2069 680 2118 iu
699 2082 826 2131 corporum
842 2067 992 2133 regularium
1010 2071 1118 2119 numeris
1135 2068 1196 2118 nihii
1214 2068 1362 2124 desiderari,
1385 2070 1414 2114 at
1431 2067 1457 2115 in
1475 2069 1584 2117 numeris
1602 2066 1761 2131 sphaerarum

405 2139 491 2189 mundi
508 2139 578 2195 u'deo
597 2147 623 2189 te
647 2141 801 2204 potissimum
828 2152 941 2189 numeros
968 2154 1040 2190 meae
1063 2138 1170 2191 tabellae
1193 2146 1304 2190 secutum
1322 2151 1392 2196 esse,
1418 2143 1444 2186 et
1462 2150 1494 2187 ea
1512 2152 1577 2202 quae
1596 2139 1673 2189 totius
1690 2137 1761 2200 huus

405 2211 499 2276 negotii
516 2211 651 2275 praecipua
669 2218 734 2268 sunt,
753 2211 811 2260 iude
829 2211 986 2262 exstruxisse.
1024 2210 1168 2261 Existimasi
1187 2217 1280 2265 autem.
1299 2225 1346 2261 nec
1366 2209 1436 2259 aliter
1450 2207 1509 2257 mihi
1521 2210 1674 2272 persuadere
1686 2208 1760 2275 potui.

405 2289 540 2347 numquam
558 2282 605 2333 hoc
622 2284 703 2346 ipsum
720 2282 783 2336 ridi,
808 2289 834 2331 te
852 2282 905 2331 illos
923 2283 1121 2346 magnitudinum
1139 2283 1298 2347 sphaerarum
1316 2295 1429 2331 numeros
1446 2279 1485 2329 sel
1504 2295 1534 2329 ex
1551 2281 1606 2347 ipso
1626 2279 1760 2345 Gopemico

407 2351 445 2416 (in
463 2356 533 2416 cujm
550 2353 656 2404 teodone
674 2361 701 2404 te
720 2354 813 2417 optime
831 2360 955 2404 somatum
974 2368 1028 2404 esse
1046 2349 1167 2419 agnosco)
1186 2353 1272 2404 velex
1290 2352 1440 2403 resolutione
1452 2364 1610 2402 numerorum
1621 2351 1760 2403 tabularum

404 2424 592 2477 Pruteuicarum
618 2427 742 2475 sumsisse.
779 2424 872 2475 Verum
898 2428 998 2489 praeter
1025 2427 1234 2489 exspectationem
1259 2431 1346 2474 contra
1372 2423 1442 2472 rideo
1466 2422 1561 2473 iactrrm
1580 2438 1645 2475 esse.
1681 2423 1758 2473 inter·

406 2498 505 2546 mittere
527 2496 604 2562 igitur
624 2511 675 2545 uon
699 2497 783 2561 potui,
812 2498 870 2562 quin
892 2503 918 2545 te
936 2494 985 2546 bae
1004 2496 1109 2561 epistola
1125 2510 1264 2555 monerem,
1294 2495 1408 2544 videlicet
1425 2493 1489 2557 quod
1506 2494 1541 2543 illi
1559 2495 1672 2546 tabellae
1689 2506 1759 2545 niue

404 2564 491 2632 (quam
510 2574 568 2617 aute
587 2567 676 2617 multos
696 2582 774 2617 annos
793 2562 936 2631 conscripsi)
957 2568 1052 2617 numeri
1071 2583 1101 2618 ex
1118 2569 1170 2631 ipso
1184 2566 1319 2632 Cepernico
1337 2565 1479 2616 immediate
1498 2568 1633 2632 exscripti,
1651 2582 1701 2617 uon
1721 2567 1758 2614 iu·

403 2645 530 2703 tegrarum
547 2637 707 2702 sphaerarum
725 2639 908 2704 magnitudines
926 2640 1057 2702 explicent,
1077 2639 1121 2690 sed
1139 2639 1295 2703 planetarum
1313 2644 1412 2687 tantum
1428 2634 1562 2688 themam
1582 2654 1599 2689 a
1618 2646 1703 2689 centro
1721 2651 1757 2686 or·

403 2710 440 2759 bis
458 2711 544 2775 magni
561 2710 680 2760 habeant.
717 2709 791 2766 Uti.
810 2725 835 2776 g.
855 2711 912 2760 dum
930 2704 950 2777 fi
975 2712 1001 2760 iu
1020 2726 1132 2777 apogaeo
1151 2712 1283 2762 eccentrici
1300 2711 1339 2759 sui
1357 2709 1435 2759 distat
1454 2721 1470 2756 a
1487 2715 1573 2759 centro
1592 2710 1657 2760 orbis
1675 2708 1758 2775 magni

405 2776 436 2830 9⁰
454 2777 507 2840 st‘,
527 2782 635 2846 qualium
654 2782 836 2832 semidiameter
854 2783 917 2832 orbis
935 2784 1021 2848 magni
1039 2790 1152 2847 estpars
1170 2796 1237 2840 una;
1266 2796 1348 2831 rernm
1366 2782 1418 2844 ipse
1436 2774 1456 2847 fi
1475 2787 1528 2830 tum
1546 2782 1572 2830 iu
1592 2782 1705 2847 epicyciii
1721 2779 1757 2828 sui

404 2854 519 2918 perigaeo
538 2858 584 2903 est.
621 2853 686 2918 Ergo
705 2867 844 2918 apogaeum
862 2853 972 2917 ejusdem
989 2861 1042 2905 tum
1061 2854 1138 2904 multo
1161 2854 1235 2904 altius
1254 2854 1331 2903 abest
1369 2852 1462 2903 Contra
1479 2852 1521 2911 iit,
1548 2853 1570 2902 si
1593 2854 1619 2903 iu
1643 2854 1757 2918 perigasc

404 2925 538 2975 eccentrici
555 2924 595 2974 sit
633 2923 706 2985 Quod
723 2926 744 2974 st
761 2940 804 2988 pro
823 2927 1032 2991 eccentrepicyclo
1051 2932 1192 2976 manniatur
1209 2931 1337 2976 eceeutrus
1356 2925 1472 2980 eccentri,
1491 2924 1529 2973 sel
1549 2924 1664 2988 epinyclii
1678 2924 1756 2988 epiny-

404 2996 466 3053 clus‚
484 2995 539 3060 pari
557 2994 629 3046 modo
648 3011 687 3046 res
705 3011 732 3046 se
750 2996 859 3046 habebit
896 2999 932 3047 At
948 2999 1043 3053 numeri
1061 2998 1097 3047 tui
1115 2997 1229 3048 sidentur
1246 3012 1316 3057 em,
1336 3009 1400 3061 quae
1418 3001 1458 3045 est
1474 2994 1633 3059 planetarum
1651 2995 1758 3044 mamma

403 3074 430 3118 et
447 3068 550 3118 minima
568 3082 584 3118 s
603 3074 687 3119 centm
706 3068 770 3118 orbis
787 3069 874 3134 magni
892 3069 1025 3128 mmm,
1043 3084 1087 3134 pro
1104 3069 1160 3134 ipsa
1176 3069 1297 3133 sphaerae
1314 3069 1421 3131 ipsorum
1438 3068 1610 3132 magnitudine
1629 3068 1757 3131 accipere:

403 3154 460 3190 curn
478 3145 563 3190 tamen
582 3154 621 3197 ea,
641 3141 691 3190 sive
709 3145 808 3204 propter
825 3147 968 3190 occentum
986 3142 1095 3191 eccentri
1115 3141 1166 3189 sive
1185 3138 1421 3202 eccsntrepieyclum
1439 3138 1477 3188 vel
1496 3139 1610 3202 epicyclii
1623 3137 1757 3204 epicycimn

403 3211 480 3261 multo
498 3212 531 3260 sit
548 3212 634 3274 maior.
672 3211 707 3261 Ut
728 3212 825 3261 iuterim
849 3210 880 3261 de
903 3212 957 3260 aliis
980 3211 1124 3261 latitudines
1147 3210 1340 3276 gubernantibus
1363 3210 1459 3265 orbibus
1477 3210 1538 3259 nihil
1556 3210 1647 3261 dicam
1685 3209 1757 3259 Porro

405 3297 451 3347 ego
470 3280 539 3332 illam
556 3296 638 3331 meam
656 3282 769 3332 tabulam
786 3282 844 3330 olim
863 3283 1007 3345 conscripsi,
1027 3288 1056 3332 ut
1073 3281 1176 3331 etmihi
1194 3289 1220 3331 et
1237 3282 1304 3342 aliis,
1324 3281 1410 3346 quibus
1428 3295 1483 3331 earn
1501 3281 1681 3346 inspiciendam
1700 3292 1756 3330 con-

404 3353 483 3411 cessi,
510 3352 652 3416 adjumento
671 3360 748 3413 emet,
775 3351 903 3416 Cuperuici
919 3353 974 3402 iilos
991 3367 1104 3402 numeros
1123 3351 1195 3417 (quos
1213 3353 1302 3403 retinui
1320 3348 1416 3414 omnes)
1434 3353 1529 3417 plenius
1548 3351 1714 3420 cognoscendi
1731 3352 1757 3398 et

402 3424 564 3473 incitamento
583 3424 682 3474 eosdem
700 3423 782 3489 quoad
799 3422 853 3473 herl
870 3428 963 3487 potest,
981 3423 1083 3474 ulterius
1102 3423 1257 3482 mandendi,
1276 3438 1323 3474 nec
1341 3438 1390 3473 non
1408 3424 1579 3483 examinandi,
1598 3422 1755 3491 masnadam·

405 3495 464 3544 dum
483 3501 602 3558 exparte
619 3494 657 3544 his
674 3494 778 3559 pagellis
796 3494 921 3556 adiunctis
940 3508 957 3544 a
973 3510 1013 3545 me
1030 3496 1124 3545 iactum
1141 3494 1223 3545 ridere
1241 3502 1320 3560 poten.
1358 3493 1427 3556 Quas
1452 3510 1536 3546 coram
1557 3497 1603 3547 tibi
1620 3500 1756 3547 mensim

403 3565 488 3624 malui,
507 3565 551 3615 sed
569 3565 628 3630 quis
646 3566 736 3616 dindus
754 3578 829 3630 qnam
847 3564 966 3628 opinabar
983 3566 1057 3622 abes,
1086 3573 1112 3617 et
1129 3567 1187 3632 quia
1204 3574 1230 3616 ta
1248 3568 1346 3616 iuterim
1363 3568 1389 3615 iu
1408 3566 1550 3618 edomando
1569 3570 1674 3633 scripto,
1693 3561 1756 3631 quod

403 3639 469 3701 typis
487 3636 629 3697 excutimur,
647 3637 760 3687 laborare
778 3635 904 3701 intelligo,
923 3636 978 3686 ideo
997 3651 1040 3687 eas
1060 3637 1092 3688 ad
1109 3644 1135 3688 te
1152 3639 1250 3687 mittere
1268 3638 1345 3697 volui,
1363 3644 1392 3686 ut
1410 3639 1445 3688 eis
1463 3634 1580 3702 inspectis
1599 3653 1683 3690 meam
1700 3650 1754 3686 sen·

404 3709 510 3759 tentius
528 3707 559 3759 de
575 3709 700 3775 distantiis
718 3708 811 3758 orbium
828 3708 919 3757 rectius
936 3710 1083 3774 perciperes,
1101 3724 1149 3760 uec
1166 3710 1280 3773 praecoci
1297 3710 1455 3760 imtinatioue
1474 3711 1630 3761 occasionem
1648 3705 1753 3761 nonnul·

402 3781 433 3830 lis
458 3787 495 3830 et·
511 3787 581 3829 tuum
607 3782 725 3844 scriptum
750 3786 776 3830 et
797 3793 837 3829 me
861 3776 992 3844 (siquidem
1015 3787 1041 3831 te
1064 3783 1114 3831 mei
1137 3782 1213 3832 etiam
1230 3782 1380 3831 mentionem
1397 3783 1480 3831 ianam
1498 3779 1622 3847 inulilgo)
1641 3775 1755 3831 eludendi

402 3850 579 3916 suppeditares.
616 3851 656 3902 De
680 3851 719 3901 bis
742 3866 804 3901 sane
830 3850 921 3901 dudum
943 3858 969 3901 te
997 3853 1219 3903 commonefactum
1246 3854 1369 3917 oportuit:
1397 3868 1481 3904 verum
1504 3864 1550 3918 ego
1568 3853 1679 3916 proiecto
1696 3845 1754 3900 nihi

402 3925 482 3973 minus
501 3924 611 3988 cogitare
629 3923 713 3988 potui,
738 3936 812 3988 qnam
837 3922 902 3987 quod
919 3923 977 3973 solis
994 3923 1040 3974 illis
1058 3924 1158 3975 tabulae
1176 3938 1248 3974 meae
1266 3925 1390 3984 numeris,
1418 3927 1460 3990 qui
1477 3924 1645 3988 particulares
1657 3928 1754 3973 tantum

403 4001 470 4050 sunt,
487 3995 621 4054 insisteres,
640 3994 685 4045 sed
703 4008 750 4059 ego
768 3994 866 4044 omuino
884 3997 978 4058 putari,
996 4002 1022 4044 te
1039 3998 1118 4060 ipsum
1136 4010 1167 4045 ex
1177 3994 1320 4059 Copornico.
1337 4010 1382 4045 seu
1400 3996 1522 4060 exipsius
1541 3989 1752 4045 demonstrationi·

401 4066 461 4123 bus.
490 4064 599 4115 adhibito
627 4066 723 4116 cusulo
746 4065 934 4116 Prutenicarum
958 4066 1098 4117 tabularum
1108 4063 1133 4129 ο)
1160 4068 1244 4116 omnis
1264 4067 1403 4130 plenissime
1426 4069 1479 4130 jam
1496 4067 1571 4116 inisse
1589 4070 1752 4131 persecutum·

404 4136 476 4188 Haec
494 4137 599 4187 candido
618 4138 700 4187 animo
719 4139 812 4201 scripta
829 4138 934 4188 candide
953 4139 1062 4202 accipias
1078 4152 1147 4203 rogo.
1184 4137 1249 4188 Vale
1268 4139 1366 4201 optime.

474 4207 617 4267 ,Tabuia,“
637 4209 669 4259 de
687 4223 737 4274 qua
753 4208 793 4258 bic
811 4208 1005 4260 Maestlinus
1028 4212 1082 4276 agit
1099 4208 1178 4274 (apud
1194 4209 1348 4259 Hanschium
1364 4225 1389 4273 p.
1409 4205 1521 4271 b-il),
1540 4208 1629 4259 eadem
1646 4202 1697 4257 iere
1714 4217 1751 4253 rs·

402 4280 463 4337 ient,
491 4294 555 4345 quae
577 4278 725 4330 Maestliuus
752 4280 867 4331 addenda
894 4280 1058 4331 Prodrcmo
1086 4281 1168 4346 illique
1195 4280 1371 4339 „Rhaetici
1395 4280 1546 4330 namadoui‘*
1575 4279 1606 4330 de
1626 4272 1752 4343 (ioperniei

304 4406 308 4413 ,
400 4352 506 4402 inventis
523 4352 588 4414 typis
606 4352 767 4416 imprimenda
784 4353 895 4409 curant,
923 4353 970 4402 boc
987 4354 1058 4403 titulo
1076 4353 1215 4416 inseriptot
1240 4351 1286 4402 De
1312 4352 1561 4402 dimensionibus
1585 4352 1705 4400 orbium
1721 4349 1752 4396 st

401 4422 607 4488 sphaerarum
631 4424 829 4481 coelestium,
854 4427 951 4488 juxta
975 4424 1106 4474 tabulas
1133 4423 1328 4474 Prutsnicas
1354 4439 1390 4473 ex
1414 4425 1581 4473 sententia
1605 4420 1671 4474 Nic.
1698 4417 1749 4468 co-

401 4507 538 4559 pernici.

471 4564 526 4615 Hoc
546 4564 632 4629 quibus
651 4566 731 4615 causis
749 4571 830 4615 motus
847 4566 941 4627 iecerit,
960 4568 988 4615 in
1003 4566 1158 4630 praefatione
1177 4566 1318 4631 appendicis
1335 4565 1373 4616 bis
1393 4566 1506 4629 exponit:
1528 4564 1583 4625 ,Ne
1602 4563 1660 4630 quid
1672 4558 1762 4613 erudi-¹

401 4637 495 4686 tissime
523 4643 549 4686 et
572 4636 767 4701 ingeniosissimo
794 4636 928 4686 doctissimi
953 4638 1122 4687 mathematici
1150 4636 1185 4687 M.
1204 4637 1309 4687 Joaunis
1327 4637 1428 4702 Kepleri
1448 4636 1579 4686 Prodromo
1602 4642 1628 4688 et
1645 4634 1750 4685 mense

402 4706 660 4757 metensomatosi
679 4707 792 4763 deesset,
813 4711 1024 4774 operaepretium
1043 4709 1111 4765 duxi.
1131 4710 1175 4765 eis,
1194 4709 1339 4773 appendicis
1357 4708 1424 4765 loco,
1444 4709 1608 4758 dimensiones
1625 4704 1748 4771 magalia·

402 4779 486 4829 diuum
503 4781 555 4829 sire
573 4777 729 4829 altitudinum
746 4779 904 4843 sphaerarum
921 4781 1013 4837 mundi.
1033 4780 1119 4845 quibm
1137 4782 1243 4830 erratica
1261 4781 1342 4829 sidera
1359 4785 1494 4837 morentur,
1513 4779 1648 4830 secundum
1660 4775 1749 4838 Copor-

401 4851 451 4901 nisi
468 4850 614 4916 hypotheses
631 4851 788 4918 subiungere.
824 4850 880 4901 Etsi
898 4860 982 4903 autern
999 4866 1046 4903 eae
1064 4866 1095 4902 ex
1112 4853 1165 4915 ipso
1184 4851 1333 4915 Gopsrnico,
1353 4852 1442 4915 partim
1461 4851 1536 4900 mam
1554 4865 1585 4901 ex
1600 4850 1747 4901 Polemon

402 4923 493 4989 absque
510 4922 594 4973 labore
612 4924 710 4987 excerpi
728 4930 754 4973 et
771 4924 892 4975 conscribi
908 4926 1059 4989 potuissent,
1083 4923 1160 4982 malm
1177 4929 1262 4973 tamen
1281 4924 1313 4973 ab
1330 4922 1433 4973 Erumo
1450 4920 1605 4974 Rheiuhcldc
1623 4934 1667 4973 aas
1684 4914 1747 4968 Μ·
