3872 5836
705 320 739 371 u
755 320 829 371 reu
846 320 1010 388 mm·
1472 324 1537 392 sss

179 478 319 559 planetas
342 479 382 541 cd
405 486 505 543 crtum
527 480 576 542 vel
590 496 740 542 cccssum
762 479 934 560 dirigendos
956 500 1100 561 persnas
1122 481 1309 559 latitudines,
1335 486 1537 550 consideratis
1628 558 1631 569 Ι

178 566 226 631 his
241 567 360 648 quidem
384 567 413 629 iu
437 568 612 644 directione,
641 568 760 651 quaudo
774 569 899 649 pleucts
922 570 971 631 rel
985 571 1101 633 orietur
1121 572 1170 632 vel
1184 572 1313 636 occidet
1361 572 1450 644 Quod
1464 595 1536 643 vero

179 657 257 718 elios
280 656 501 735 siguilicetores
525 657 653 731 attinet,
681 664 715 718 ut
737 657 868 731 Lunam,
897 658 965 737 jem
994 660 1076 722 eliud
1104 679 1143 722 ex
1164 659 1405 740 Regiomoutsno
1430 664 1536 726 dicen-

180 747 264 819 dum,
289 746 371 807 eliud
395 745 479 807 milui.
516 744 776 824 Regiomontsuus
799 766 853 827 per
867 747 1110 826 significatorem,
1136 750 1254 829 quando
1269 751 1296 812 is
1319 751 1413 813 hebet
1428 752 1535 815 latitu-

178 835 296 905 dinem,
331 834 415 896 ducit
437 834 580 897 circulum
601 834 775 914 positionis,
809 854 933 916 eumque
957 835 1097 899 circulum
1121 839 1239 899 omniuo
1264 841 1474 904 accommodat
1496 842 1535 904 sd

181 922 396 1002 signiticutcris
428 922 630 985 latitudinem.
677 925 750 986 lude
782 925 994 1005 promissorem
1027 926 1066 987 ad
1097 927 1175 989 hunc
1204 927 1344 990 circulum
1375 929 1534 1009 positionis

178 1011 303 1074 adducit
324 1030 428 1073 rursus
450 1030 506 1091 per
529 1031 614 1074 suem
638 1013 829 1092 promissoris
854 1014 1006 1093 propriam
1029 1013 1228 1089 latitudinem,
1253 1017 1428 1080 considerat
1445 1020 1535 1092 enim,

176 1119 246 1162 cum
269 1119 327 1182 quo
350 1101 447 1180 gradu
476 1101 594 1163 zodiaci
623 1101 789 1180 promissor
811 1103 915 1164 veniet
941 1103 971 1165 iu
999 1104 1077 1165 huuc
1107 1104 1250 1167 circulum
1272 1106 1444 1186 positionis.
1490 1107 1534 1169 Et

178 1191 236 1252 boc
264 1191 300 1252 de
324 1208 448 1269 corpore
478 1189 685 1268 promissoris,
718 1192 767 1253 vel
790 1191 855 1270 ejus
878 1192 1018 1271 opposito
1042 1193 1141 1266 radio,
1175 1194 1225 1273 qui
1258 1204 1398 1257 censetur
1424 1196 1535 1258 hebere

178 1278 369 1340 latitudinem
391 1280 561 1359 oppositam
585 1279 663 1342 citro
685 1280 933 1343 controversiam.
979 1280 1046 1361 Ego
1075 1301 1146 1343 vero
1174 1283 1293 1362 quaudo
1317 1283 1436 1346 invenio
1468 1285 1533 1347 Lu·

177 1384 248 1428 uem
273 1367 516 1446 significatricem
548 1366 578 1428 in
602 1370 822 1447 septentrione,
856 1371 987 1431 Mortem
1010 1370 1222 1451 promissorem
1240 1372 1396 1434 antemio
1420 1381 1533 1448 austro,

178 1457 245 1518 dico
268 1455 465 1518 directionem
495 1475 563 1518 esse
595 1457 726 1531 fetusm;
761 1457 858 1537 dirigo
887 1455 996 1538 quippe
1024 1478 1081 1521 uon
1109 1478 1164 1538 per
1195 1460 1323 1522 circulos
1350 1462 1534 1540 positionum

176 1553 371 1607 transeuntes
393 1564 447 1625 per
470 1545 703 1624 significatorem
726 1546 784 1608 nisi
806 1548 837 1609 iu
859 1547 1014 1608 horizonte
1037 1556 1070 1610 et
1082 1547 1257 1621 meridiano,
1281 1548 1330 1628 qui
1354 1549 1412 1628 ipsi
1436 1550 1533 1630 signi-

173 1635 316 1696 ficstores
338 1641 424 1707 sunt3
454 1641 487 1696 et
506 1642 580 1712 puto
604 1634 662 1695 vim
683 1636 872 1716 significandi
892 1631 994 1696 inesse
1018 1635 1092 1698 solis
1115 1637 1289 1714 corporibus
1308 1636 1390 1700 Solis
1414 1647 1446 1701 st
1468 1641 1533 1701 Lu-

174 1741 243 1784 nae.
288 1720 547 1800 Regiomoutsnus
570 1742 642 1785 vero
667 1724 806 1787 diffundit
824 1724 903 1787 benc
926 1723 986 1786 vim
1008 1743 1062 1804 per
1079 1724 1222 1787 circulum
1236 1725 1405 1805 positionis,
1429 1735 1531 1790 nans

175 1818 296 1873 euntem
317 1827 372 1890 per
394 1810 469 1872 hsec
493 1830 630 1891 corpore.

264 1899 336 1963 Jam
360 1899 440 1979 quod
462 1900 573 1963 sttiuet
594 1909 737 1979 aspectus
760 1901 984 1981 promissorum,
1010 1901 1120 1980 triplex
1143 1909 1192 1962 est
1206 1901 1311 1963 modus
1335 1901 1532 1965 consideren-

106 2017 113 2022 ·
174 1989 232 2050 deo
256 1987 434 2050 latitudinis.
478 1988 545 2049 Aut
566 1989 645 2050 enim
668 1990 797 2053 circulus
811 2009 937 2071 magnus
959 1997 1064 2072 potest
1086 1989 1217 2051 caestre
1232 2008 1286 2069 per
1300 1990 1533 2070 significetorem

175 2085 209 2140 et
229 2076 452 2160 promissorem,
482 2085 515 2139 et
537 2077 567 2138 in
590 2097 627 2139 ec
657 2078 780 2141 extendi
804 2087 961 2159 aspectus3
995 2087 1049 2141 sut
1074 2079 1204 2141 circulus
1227 2096 1352 2157 magnus
1380 2080 1532 2143 transiens

176 2185 230 2248 per
251 2165 466 2245 promissorem
488 2174 575 2228 secet
597 2166 769 2246 eclipticam
791 2167 821 2229 in
845 2169 920 2230 locis
940 2189 959 2228 e
981 2167 1163 2247 promissore
1188 2167 1371 2230 discentibus
1395 2169 1533 2250 utrinque

175 2255 344 2336 quodrsute
367 2254 548 2335 exhibetque
571 2255 673 2317 radios
697 2264 881 2337 aspectuum
926 2257 992 2318 Aut
1015 2255 1142 2336 denique
1166 2266 1269 2318 centro
1292 2257 1392 2336 posito
1416 2258 1446 2319 in
1461 2277 1531 2320 cor·

173 2362 247 2425 pore
270 2342 463 2425 promissoris
488 2352 519 2404 et
542 2344 751 2423 amplitudine,
776 2354 919 2426 qusntsm
940 2346 1076 2424 postulat
1091 2352 1244 2425 aspectus,
1269 2345 1416 2407 ducuntur
1429 2346 1534 2409 circuli

176 2440 316 2495 secantes
341 2432 511 2515 eclipticum
548 2441 581 2494 et
612 2433 808 2496 ostendentes
838 2441 980 2515 puuctum
1003 2433 1176 2513 eclipticse,
1210 2433 1241 2494 in
1265 2453 1322 2513 quo
1355 2434 1534 2498 terminetur

176 2529 336 2602 aspectus3
365 2520 461 2601 primo
483 2522 572 2583 modo
595 2541 653 2583 non
673 2522 794 2585 memini
817 2541 994 2604 quemquem
1016 2523 1071 2585 uti.
1115 2522 1160 2584 Et
1182 2530 1282 2584 nmen
1305 2523 1378 2585 mihi
1400 2523 1533 2586 nonnihil

174 2609 354 2683 verisimilis,
379 2617 450 2671 tunc
474 2611 592 2690 quondo
616 2611 802 2690 significator
824 2611 918 2672 hebet
941 2611 1141 2684 latitudinem,
1166 2618 1200 2671 ut
1223 2610 1249 2671 si
1269 2611 1356 2672 Lnus
1379 2613 1420 2674 sit
1434 2612 1532 2692 signi-

174 2699 302 2763 flcstrim
349 2696 506 2760 Secundm
530 2699 635 2761 modus
659 2699 965 2778 estRegiomontani,
990 2699 1069 2777 spud
1088 2718 1176 2779 quem
1200 2698 1319 2761 sextilis
1342 2718 1460 2780 semper
1474 2701 1532 2763 hs-

175 2789 228 2851 bet
250 2787 405 2849 dimidium
430 2787 600 2849 latitudinis
624 2788 705 2868 ejus,
728 2807 818 2868 quam
840 2789 935 2849 bsbet
957 2804 1065 2865 corpus
1087 2786 1294 2866 promissoris,
1322 2787 1418 2849 trium
1443 2788 1531 2851 dimi-

175 2877 257 2939 dium
279 2875 448 2938 latitudinis
472 2877 640 2956 oppositae,
665 2877 830 2957 quadratus
849 2876 1041 2938 latitudinem
1055 2876 1178 2936 nullam.
1226 2875 1347 2937 Tertius
1367 2876 1440 2937 mibi
1457 2896 1531 2956 pro·
1610 2874 1614 2881 '

175 2967 266 3029 betur
289 2974 374 3039 tuuc,
399 2967 518 3044 qusndo
541 2966 663 3027 horizon
686 2967 735 3027 vel
757 2964 941 3027 meridianus
969 2970 1018 3024 est
1050 2963 1244 3043 significator.
1291 2961 1353 3025 Sed
1376 2964 1449 3026 mihi
1472 2965 1532 3044 ipsi

175 3072 234 3117 non
258 3052 431 3116 satisfacio:
457 3053 527 3135 quin
549 3055 650 3134 potius
675 3062 745 3117 tuuc
768 3055 798 3115 in
823 3052 1079 3133 speculationibus
1096 3051 1236 3134 'physicis
1255 3052 1442 3131 suspiciones
1456 3072 1531 3116 cou-

174 3144 265 3223 cipio,
298 3143 403 3224 quasi
434 3161 529 3205 vens
560 3143 611 3207 sit
638 3160 769 3222 magns
795 3162 882 3225 pars
915 3142 1168 3204 directionum.
1215 3140 1348 3202 Primum
1378 3142 1472 3216 enim,
1505 3142 1533 3205 si

177 3233 265 3295 Luna
278 3241 327 3295 est
340 3231 548 3312 significatrix,
569 3234 716 3313 quomodo
730 3233 760 3295 in
775 3252 810 3295 eo
825 3232 936 3295 circulo
955 3249 1066 3312 magno
1083 3230 1192 3292 dicitnr
1206 3230 1307 3291 venire
1322 3230 1362 3293 sd
1376 3240 1531 3311 aspectum

176 3322 328 3402 planetae,
352 3321 383 3382 in
407 3341 464 3403 quo
488 3342 547 3384 unu
571 3322 705 3386 incedit?
730 3322 774 3384 At
792 3323 821 3384 iu
837 3323 918 3384 nullo
933 3321 1024 3384 trium
1039 3320 1177 3399 superius
1200 3320 1417 3382 recensitorum
1434 3321 1533 3383 circu·

178 3412 273 3473 lorum
295 3409 418 3472 incedit
462 3410 556 3473 Esset
578 3412 671 3492 igitur
694 3413 798 3474 modus
823 3419 948 3493 quartus
972 3410 1135 3492 quaerendi
1161 3410 1238 3470 hunc
1253 3408 1406 3482 circulum,
1429 3410 1459 3472 in
1475 3428 1532 3489 quo

177 3510 320 3579 aspectus
344 3500 434 3574 inest,
458 3507 490 3560 et
513 3499 539 3560 is
563 3501 655 3562 etiam
678 3502 839 3579 perplexus
863 3509 895 3561 et
914 3499 1083 3579 ambiguus.
1130 3498 1293 3560 Ducendus
1313 3498 1422 3578 quippe
1446 3505 1481 3560 ut
1503 3498 1533 3560 in

176 3590 264 3651 modo
291 3588 383 3651 tertio
416 3589 528 3650 circnru
559 3589 773 3667 promissorem
795 3589 938 3661 circulus,
969 3588 1065 3649 donec
1088 3595 1174 3648 secet
1201 3587 1280 3647 viem
1303 3586 1407 3647 Lunae
1436 3587 1533 3666 sigui-

149 3724 156 3733 .
176 3678 319 3740 doctricis
342 3676 512 3754 genuinam.
558 3676 655 3754 Atqui
679 3695 826 3756 quaenam
849 3676 924 3750 hese
939 3675 1053 3736 viarum
1067 3674 1189 3755 propris
1203 3673 1329 3734 Luuse?
1373 3674 1443 3736 Non
1458 3674 1533 3736 diri-

176 3767 257 3847 gitur
279 3766 367 3826 Lune
388 3782 443 3843 per
464 3762 575 3825 itinere
598 3763 705 3824 diurno
727 3764 860 3842 propria,
889 3762 944 3823 sed
966 3781 1020 3842 per
1043 3762 1153 3822 itinere
1181 3760 1287 3821 diurne
1310 3758 1402 3823 Solis.
1447 3760 1531 3841 Ergo

176 3855 252 3915 bssc
275 3853 326 3911 vis
350 3852 454 3912 Lunae
478 3851 660 3913 sssurneuds
684 3851 742 3913 erit
765 3852 882 3927 fictitie,
907 3850 933 3912 si
957 3869 1063 3930 nempe
1086 3867 1210 3910 manens
1233 3847 1263 3909 in
1287 3847 1394 3909 eedem
1417 3867 1437 3909 s
1459 3847 1532 3911 Sole

177 3938 326 4001 distantia
348 3957 414 3999 cum
437 3938 509 4001 Sole
533 3940 711 4003 circumiret.
759 3941 841 4003 Tunc
869 3956 942 4019 ergo
969 3939 1052 4018 prius
1081 3946 1164 3999 esset
1187 3936 1339 3998 ducendus
1368 3937 1533 4016 parallelus

177 4027 335 4108 eclipticas
365 4044 550 4107 percorpus
577 4029 807 4109 significatoris,
830 4028 949 4090 deinde
973 4036 1007 4089 ut
1033 4027 1116 4107 prius
1145 4025 1279 4087 seconde
1301 4026 1376 4087 hsec
1400 4026 1467 4102 vis,
1499 4035 1534 4088 ut

176 4117 272 4180 sectio
295 4116 394 4178 locum
416 4118 599 4193 ostenderet,
624 4118 674 4180 ubi
698 4119 877 4181 terminetur
907 4125 1061 4197 aspectus.
1106 4115 1201 4196 Atqui
1230 4134 1337 4194 perum
1360 4115 1533 4178 verisimili-

176 4205 290 4269 tudinis
314 4206 395 4268 inest
416 4205 447 4268 in
471 4206 528 4268 boc
550 4207 648 4268 modo.
694 4205 793 4278 Quem
817 4206 906 4283 euim,
931 4224 1054 4286 quaeso,
1078 4204 1139 4266 vim
1154 4204 1292 4266 obtineat
1306 4204 1356 4265 vis
1372 4206 1531 4284 quaedem,

175 4314 230 4377 per
253 4296 451 4376 quemLuns
474 4314 534 4357 uon
557 4295 684 4369 incedit,
717 4298 772 4359 sed
795 4297 934 4358 incedere
958 4294 1101 4373 lingitur?
1147 4297 1250 4372 Atque
1274 4294 1331 4355 bec
1355 4295 1533 4355 considers-

174 4386 257 4447 tione
279 4393 378 4447 totum
392 4385 546 4465 negotium
561 4385 675 4457 Lunae,
699 4393 734 4447 ut
748 4385 970 4465 significatricis
986 4383 1170 4461 dirigendae,
1195 4390 1369 4462 suspectum
1385 4382 1533 4445 redditur.

175 4474 293 4537 Deinde
308 4473 424 4553 objicio,
449 4493 516 4537 cnm
535 4493 602 4536 meo
612 4473 760 4536 horizonti
774 4483 807 4535 et
821 4473 1000 4544 meridiano,
1024 4480 1089 4533 tum
1104 4471 1338 4551 Regiomcntsni
1351 4470 1533 4549 positionum

175 4562 295 4626 circulis
317 4562 581 4643 significatoribus,
605 4571 660 4624 sut
682 4581 742 4624 non
764 4581 855 4643 posse
879 4569 1021 4643 aspectus
1045 4561 1260 4639 promissorum
1279 4578 1347 4620 esse
1361 4560 1532 4640 promiscue

173 4670 234 4726 res,
259 4659 313 4714 eut
334 4660 468 4715 treotum
489 4651 599 4733 requiri
621 4647 765 4731 temporis
791 4650 960 4730 longissimi
983 4649 1022 4710 ed
1042 4667 1131 4710 uuam
1150 4647 1355 4722 directionem,
1379 4648 1439 4709 imo
1454 4666 1532 4726 qus-

176 4738 297 4802 drstem
329 4741 545 4816 rodieticnsm,
577 4760 631 4803 seu
660 4741 724 4819 ejus
752 4739 948 4801 directionem
970 4736 1089 4801 omuino
1116 4744 1294 4818 perpetuam
1321 4755 1400 4799 esse.
1447 4735 1528 4796 Nem

174 4846 251 4905 opus
274 4837 308 4891 et
328 4830 410 4893 idem
432 4829 597 4911 promissor
618 4819 736 4893 redium
758 4828 907 4923 sextilem,
937 4828 1118 4909 quadratum
1137 4827 1190 4890 bc.
1214 4825 1326 4905 circulo
1348 4822 1532 4887 circumfun-

245 4932 334 4985 rsprus
348 4934 448 4984 oms.
1133 4930 1136 4931 ’
1287 4927 1322 4981 2³
