3838 5824
787 278 950 365 wu-
1507 310 1583 403 u,

254 464 465 519 Hsestlinus:
493 467 533 518 De
546 467 725 534 Smtgsrdisuo
743 471 845 535 negotio
864 470 935 537 rideo
954 471 1040 521 omnis
1057 471 1185 534 quiescere
1202 478 1230 520 et
1247 471 1327 522 silem
1355 470 1551 537 Kraetsmsytrc

182 538 292 588 multum
312 540 407 605 negotii
425 540 528 590 facessit
544 540 663 589 'machina
678 539 826 603 hydraulica
845 541 986 592 artificiosa.
1015 540 1062 591 Ubi
1080 542 1115 593 sit
1132 541 1218 607 globus
1237 548 1370 608 argenteus
1388 544 1483 610 ignoro,
1502 546 1553 595 lor·

182 623 232 663 sau
252 624 296 683 per
313 608 399 659 literas
417 610 509 661 trustra
527 625 636 675 quaero,
656 613 703 659 nisi
722 615 854 663 occasione
873 614 959 662 oblata
977 627 1024 678 ego
1042 614 1094 676 ipse
1114 611 1284 678 Stutgardiam
1303 616 1404 664 renisus
1422 617 1551 680 inquiram

183 679 237 731 Sed
255 681 323 744 apud
340 680 550 744 Kretamayerum
567 681 637 731 illum
655 683 759 732 inueniri
777 684 865 741 credo:
891 683 922 732 de
946 684 995 733 alio
1014 686 1080 733 enim
1099 692 1219 749 argento,
1244 691 1343 749 praeter
1360 685 1426 737 bunc
1444 686 1552 753 globum,

181 751 246 805 udu'l
263 750 324 802 mihi
341 753 458 802 innotuit
494 752 695 817 Descriptionem
714 754 820 815 latinam
837 766 889 804 uns
908 769 963 805 cum
982 755 1068 805 rotulis
1086 756 1231 820 usurpetis
1249 759 1356 815 mitto.
1388 756 1447 808 Una
1464 758 1553 815 rotula,

182 836 249 887 quae
269 830 357 872 contra
376 822 476 873 ductum
494 823 555 889 ligni
574 825 653 874 incisa
672 826 727 882 init,
746 826 773 875 in
790 826 870 877 multa
887 826 1030 892 fragmenta
1047 826 1094 876 lirit
1108 826 1246 882 confracta,
1264 842 1320 878 cum
1339 841 1395 878 esm
1412 829 1490 892 primo
1509 842 1551 879 ac·

182 895 313 958 cepissem.
352 892 409 955 (12.
428 892 471 943 22.
491 898 550 959 Apr.
571 892 662 957 1599.)

273 984 463 1059 Mechanica,
483 993 609 1057 respondis
627 992 751 1057 Koprates
770 991 825 1055 (29.
843 997 908 1060 Aug.
929 991 983 1055 99).
1005 987 1108 1066 accepi
1123 1005 1181 1047 non
1197 986 1370 1066 integriora,
1392 1007 1481 1069 quum
1497 1009 1551 1050 oe-
1612 1057 1616 1061 ,

182 1092 271 1135 cesse
293 1080 352 1134 est.
386 1071 433 1133 De
449 1073 540 1152 globo
560 1082 591 1135 et
610 1074 729 1136 circulis
753 1075 870 1156 aliqriot
892 1076 1047 1155 argenteis
1070 1075 1169 1157 planis
1194 1095 1305 1156 quaeso
1330 1095 1410 1151 cura,
1437 1079 1463 1140 si
1486 1079 1551 1140 lieri

183 1161 241 1222 abs
265 1172 296 1223 te
318 1169 423 1242 potest
446 1164 524 1223 citra
545 1160 700 1224 invidiam.

259 1266 307 1316 Die
326 1264 369 1315 15.
390 1265 432 1317 25.
451 1267 509 1316 Jan.
524 1262 600 1315 'roob
618 1267 682 1318 haec
700 1269 841 1332 praemissio
860 1268 931 1317 addit
948 1266 1115 1317 Maestlinus:

257 1337 297 1387 De
316 1338 478 1387 instrumento
497 1353 542 1388 seu
560 1353 632 1402 opere
650 1341 828 1389 mathematico
846 1339 894 1388 huc
913 1354 990 1403 usque
1008 1338 1069 1387 nihil
1088 1340 1149 1387 certi
1168 1340 1295 1402 comperiri
1313 1341 1397 1404 potul,
1420 1343 1468 1391 nisi
1486 1344 1550 1407 quod

184 1409 312 1458 aurifaber
328 1408 370 1460 ille
384 1409 592 1481 'Stutgerdianus
610 1411 651 1473 qni
670 1411 695 1459 ln
716 1412 859 1461 consistorio
877 1410 960 1460 duculi
979 1420 1129 1459 messorem
1148 1412 1201 1474 agit
1213 1409 1265 1471 (l),
1283 1425 1362 1475 nuper
1378 1412 1439 1462 mlhi
1455 1414 1549 1473 retulit,

180 1480 251 1544 quod
264 1479 367 1531 Carolus
379 1482 505 1530 aunlrber
516 1496 559 1543 pro
578 1496 654 1544 opera
672 1496 719 1532 sua
736 1484 825 1548 ingens
842 1483 948 1545 pretium
965 1483 1112 1544 poposcerit.
1141 1479 1192 1531 Sed
1210 1496 1316 1532 censura
1333 1485 1386 1546 elus
1404 1485 1551 1549 quibusdam

182 1551 320 1616 deputatis,
338 1552 404 1601 inter
421 1567 481 1616 qnos
501 1558 527 1600 et
545 1554 606 1614 ipse,
625 1554 666 1617 qui
684 1553 744 1602 mihi
762 1553 853 1614 retulit,
874 1552 928 1607 luit,
949 1554 1087 1617 sprineipe
1099 1552 1146 1601 luit
1158 1554 1298 1609 commissa,
1316 1556 1357 1618 qui
1369 1558 1475 1618 pretium
1490 1557 1550 1607 illud

182 1623 237 1673 lere
258 1623 290 1671 ad
308 1621 435 1672 dimidium
454 1629 636 1671 conuexerant
996 1663 1003 1669 .
1155 1671 1160 1677 ,

255 1692 317 1743 lude
337 1694 434 1743 abhoc
453 1700 562 1756 tempore
580 1695 615 1744 nil
634 1694 739 1758 emplius
758 1693 789 1743 de
808 1694 854 1743 hoc
873 1707 946 1758 opere
966 1694 1080 1748 occurrit,
1103 1707 1177 1756 quum
1196 1695 1284 1744 turbae
1302 1702 1355 1744 turn
1373 1698 1489 1761 temporis
1508 1712 1550 1748 ex·

179 1771 252 1814 ortae
269 1765 296 1813 ln
315 1764 410 1827 styria,
430 1766 518 1828 quibus
535 1765 659 1829 Keplerns
677 1780 773 1830 qnoque
790 1767 902 1830 agitatm
920 1770 960 1814 est
978 1761 1070 1827 (comp.
1089 1779 1114 1827 p.
1135 1761 1178 1813 39.
1197 1763 1230 1813 bl
1244 1763 1320 1830 sqq),
1339 1767 1471 1818 rideantur
1488 1768 1549 1819 elie·

181 1837 262 1897 cisse,
281 1835 361 1886 ert-de
379 1850 408 1885 re
425 1836 529 1886 ulterim
547 1837 733 1901 persequenda,
752 1851 803 1885 non
822 1836 927 1900 amplius
946 1838 1077 1899 cogitaret

252 1907 352 1957 Tabula
370 1906 471 1969 adjecta
489 1907 567 1956 solum
585 1916 699 1971 superest
717 1909 844 1972 specimen
862 1908 1000 1956 muamiuis
1016 1906 1148 1968 iuvenilis,
1172 1907 1237 1971 quod
1255 1907 1357 1966 literae,
1383 1922 1444 1973 quas
1462 1924 1549 1975 prepo-

178 1980 286 2034 suimus,
306 1978 414 2043 pluribus
433 1978 550 2029 exhibent
568 1978 726 2044 descriptum.

249 2049 371 2099 Redimm
390 2049 422 2099 ad
441 2064 502 2113 opus
519 2050 622 2115 Kepleri
640 2052 729 2113 ipsum.

252 2136 319 2198 Quid
337 2140 487 2200 spectaverit
507 2139 572 2188 edito
591 2139 638 2189 hoc
656 2153 730 2203 opere
749 2137 891 2201 Keplerns,
917 2136 974 2201 quid
998 2136 1040 2185 alii
1064 2136 1095 2186 de
1114 2152 1143 2187 eo
1159 2137 1341 2199 judicaverint,
1367 2152 1398 2187 ex
1415 2139 1459 2194 iis,
1484 2153 1549 2205 quas

179 2229 360 2292 praemisimus,
380 2227 471 2277 elucet
509 2228 591 2292 Atque
610 2227 802 2283 adolescentem,
822 2240 916 2275 annum
933 2233 986 2275 tum
1008 2227 1115 2275 maxime
1135 2232 1252 2291 agentem
1270 2228 1415 2277 vicesimum
1433 2229 1549 2293 quintum

176 2332 230 2366 non
247 2321 442 2365 astronomorum
460 2323 567 2379 mutum,
586 2317 630 2367 sed
649 2318 725 2366 edam
744 2317 863 2372 uirorum,
882 2316 923 2379 qui
943 2315 993 2364 aba
1011 2314 1140 2363 doctrinae
1159 2328 1253 2379 genera
1271 2315 1402 2374 colebant,
1422 2317 1506 2367 oculos
1524 2319 1550 2368 ln

119 2427 125 2435 ,
176 2419 205 2454 se
225 2406 374 2454 convertisse
397 2406 450 2470 quis
469 2412 516 2463 est,
535 2407 576 2468 qui
597 2404 717 2455 miretur?
754 2404 870 2468 Denique
889 2418 920 2452 ex
937 2403 985 2452 illis
1003 2404 1079 2452 initiis
1096 2403 1207 2466 prolecto
1226 2402 1259 2454 ad
1276 2402 1359 2462 illam,
1383 2418 1433 2469 qua
1451 2406 1487 2456 vir
1503 2406 1548 2456 llo·

176 2495 240 2549 ruit,
263 2492 365 2558 gloriam
385 2502 411 2544 et
428 2496 602 2544 auctoritatem
629 2495 677 2543 iter
700 2508 754 2542 esse
779 2493 934 2556 patefactum
953 2491 1076 2555 Keplerns
1094 2492 1146 2554 ipse
1165 2491 1298 2550 indicarit,
1324 2492 1365 2557 qui
1384 2507 1433 2542 non
1451 2500 1550 2545 tantum

175 2584 270 2646 passim
288 2585 314 2633 iu
332 2583 398 2632 libris
417 2584 594 2643 astronomicis,
615 2584 656 2646 qui
674 2582 833 2632 Prodromum
846 2581 1020 2647 sequebantur,
1039 2580 1104 2629 illius
1117 2582 1268 2630 mentionem
1287 2582 1391 2638 laceret,
1411 2582 1455 2631 sed
1473 2584 1549 2633 etiam

176 2686 245 2721 anno
263 2669 305 2720 25.
324 2680 455 2737 postquam
472 2673 577 2735 primum
596 2672 677 2720 editus
696 2680 742 2730 est,
761 2672 828 2721 hunc
845 2672 935 2721 iterum
955 2670 1145 2733 imprimendum
1159 2676 1266 2720 emeret
1295 2669 1350 2720 Hoc
1368 2669 1437 2720 illum
1454 2672 1549 2736 pridem

176 2766 319 2824 spectasse,
346 2760 427 2810 elucet
446 2774 475 2810 er
493 2760 545 2816 hia,
564 2775 629 2824 quae
651 2761 675 2808 in
698 2760 758 2809 libro
777 2760 808 2809 de
826 2766 895 2808 motu
913 2759 1002 2809 stelles
1020 2758 1108 2807 Martis
1127 2756 1210 2821 (impr.
1230 2773 1253 2808 a.
1274 2754 1356 2817 roob)
1377 2765 1402 2808 et
1421 2761 1446 2809 in
1467 2760 1548 2819 ,Har-

177 2848 279 2899 monia⁸⁴
299 2856 429 2899 occurrunt
446 2849 542 2898 serbis:

270 2937 324 3013 ,Si
339 2939 542 3017 supervixero,
569 2938 668 3018 quoad
683 2936 870 2999 astronomia
884 2954 968 2996 suam
986 2936 1151 3015 puritatem
1173 2944 1204 2996 et
1226 2936 1442 3015 perfectionem
1466 2956 1545 2998 nan-

179 3029 320 3102 ciscatur‚
347 3036 380 3088 ut
403 3028 432 3088 in
457 3047 559 3101 causa,
586 3047 675 3106 quarn
699 3027 728 3087 iu
752 3026 806 3087 illo
830 3025 932 3086 libello
957 3024 996 3085 ad
1019 3024 1083 3103 ejus
1103 3024 1234 3086 tribunal
1258 3024 1386 3093 devolvi,
1411 3043 1544 3104 prouun-

177 3117 251 3179 cieri
274 3116 382 3196 possit,
407 3115 552 3196 polliceor
577 3116 692 3191 lectori,
717 3134 763 3176 me
788 3113 1279 3188 libellumillum‘retractaturum
1305 3121 1337 3173 et
1351 3114 1543 3189 confirmetis,
1592 3126 1596 3130 “

178 3225 255 3287 quae
279 3225 352 3268 vera
375 3206 573 3284 deprehendi,
598 3205 727 3286 reliqua,
754 3223 830 3285 quae
855 3223 942 3265 secus
966 3201 1093 3274 habent,
1118 3201 1248 3264 fideliter
1272 3198 1497 3265 deiecturum,“'

249 3345 279 3396 ln
298 3346 357 3396 libro
370 3345 402 3397 lL
416 3361 486 3411 prop.
500 3344 533 3396 25
556 3346 741 3407 „Harmoniae“
755 3347 841 3411 paucis
855 3358 1050 3396 commemorans
1061 3342 1218 3403 ,Prodromi“
1239 3351 1422 3410 argumentum,
1439 3328 1543 3404 „nihil,
1590 3364 1597 3377 ·

180 3419 287 3500 inquit,
311 3418 504 3498 plausibilius
517 3420 611 3482 videri
626 3420 735 3500 potuit,
761 3438 850 3499 quarn
865 3437 918 3481 serr
937 3417 1115 3479 coelestium
1134 3414 1250 3478 orbium
1269 3418 1431 3479 intervalla
1455 3417 1544 3498 quin-

180 3528 238 3590 que
262 3527 301 3569 ex
323 3508 452 3588 quinque
483 3508 585 3588 figuris
618 3509 822 3588 (corporibus)
853 3528 921 3570 esee
955 3507 1096 3568 desumto
1128 3527 1148 3567 a
1174 3513 1312 3568 creatore
1338 3551 1420 3568 ....
1459 3506 1544 3570 Haec

180 3596 356 3660 distributio
380 3596 511 3659 numeris
535 3597 685 3676 explorari
708 3604 821 3677 potest,
846 3595 1061 3659 necessitatem
1085 3595 1183 3667 infert,
1209 3613 1366 3674 corporum
1388 3614 1544 3659 nnmerum

181 3705 240 3748 non
264 3686 414 3766 conquirit
437 3686 536 3761 auxie,
560 3688 613 3747 sed
636 3687 790 3748 inventum
809 3693 952 3765 oocupat3
977 3685 1103 3765 denique
1127 3684 1171 3746 sic
1195 3693 1244 3746 est
1260 3684 1423 3759 instructa,
1447 3692 1482 3747 ut
1505 3685 1544 3746 ab

180 3776 228 3838 bis
252 3775 338 3837 aunis
363 3772 406 3836 22
430 3794 487 3836 uon
512 3784 632 3837 tantum
656 3760 774 3837 nullum'
792 3775 940 3836 invenerit
968 3783 1225 3852 oppugnatorem,
1259 3773 1313 3835 sed
1342 3773 1435 3836 etiarn
1464 3773 1546 3853 ipsos

180 3864 286 3937 Rami,
315 3864 530 3926 inconsiderati
558 3865 697 3945 magistri
721 3873 754 3926 et
776 3862 1064 3941 Euclideomastigis
1095 3862 1258 3941 discipulos
1279 3855 1323 3935 ²⁸)
1351 3862 1544 3943 pertraxerit,

181 3953 329 4033 hodieque
353 3962 417 4015 tam
439 3954 552 4015 multos
575 3953 747 4033 pertrahat,
772 3961 805 4015 ut
825 3952 890 4033 jam
913 3951 1025 4014 dudum
1048 3952 1210 4013 secundam
1233 3950 1396 4013 editionem
1419 3951 1544 4032 flagita-

180 4042 281 4104 verint
303 4041 541 4104 mathematici.“

253 4147 328 4199 liano
345 4148 480 4198 odicium
498 4147 634 4199 secundam
652 4148 704 4211 ipse
717 4145 841 4210 Keplerus
860 4145 956 4196 emerit
974 4158 1041 4194 anno
1061 4143 1139 4200 1621,
1157 4159 1237 4211 eaque
1254 4144 1325 4196 nulla
1341 4152 1413 4210 perte
1431 4144 1514 4197 differt
1532 4160 1548 4196 s

179 4238 273 4302 prium
300 4239 347 4287 nisi
367 4237 433 4301 quod
451 4237 553 4287 additae
572 4243 630 4285 sunt
648 4235 839 4293 annoufiones,
866 4248 922 4283 cum
947 4233 1038 4284 adres
1061 4233 1212 4284 obscuriores
1235 4233 1410 4295 illustrandas,
1437 4241 1490 4284 tum
1514 4234 1548 4285 ad

181 4340 287 4383 sumu,
306 4327 348 4391 qui
363 4328 447 4389 juveni
466 4327 641 4390 obrepserant,
665 4323 826 4387 detegendos.
864 4322 1047 4373 Anuotatlones
1071 4321 1117 4372 has
1135 4321 1238 4386 Kepleri
1256 4322 1425 4385 subjunximus
1443 4323 1546 4388 singulis

179 4413 307 4465 Prcdrorm
325 4415 448 4479 capitibus
465 4417 578 4479 signatas
595 4414 673 4463 literis
693 4425 725 4472 a,
743 4412 758 4460 b
777 4410 832 4469 ec,
851 4417 948 4462 nocuas
966 4425 1023 4462 sero
1041 4410 1087 4460 sub
1105 4410 1180 4460 finem
1198 4410 1252 4460 libri
1271 4410 1389 4463 colleotss
1407 4411 1546 4463 addidimus

181 4503 295 4568 signatas
310 4504 420 4554 numeris
438 4504 570 4553 continuis.

254 4592 311 4654 Qus
322 4594 419 4644 radone
431 4593 520 4642 ductus
532 4606 584 4642 rem
596 4594 634 4641 its
645 4590 780 4643 instituam
788 4588 912 4654 Keplerus
923 4592 976 4654 ipss
988 4589 1044 4648 illis,
1064 4589 1150 4654 quibus
1168 4587 1303 4639 mcundam
1322 4588 1455 4640 editionem
1475 4587 1544 4639 dedi·

182 4684 263 4740 csrit,
285 4681 494 4741 ,Prouincialibus
512 4679 626 4730 Ducstm
644 4677 760 4742 seynse
782 4678 874 4728 clarius
891 4678 995 4729 indicet
1073 4732 1082 4742 ,

252 4772 360 4828 Forma,
385 4784 437 4835 qua
453 4769 544 4833 prodiit
560 4769 672 4820 secunda
690 4766 781 4824 editio,
807 4766 889 4817 differt
907 4780 924 4816 a
940 4766 1020 4818 torma
1036 4767 1138 4831 priorisr
1163 4765 1226 4815 liber
1248 4765 1275 4813 in
1299 4763 1357 4814 lolio
1376 4775 1479 4813 escuem
1498 4769 1545 4820 est,

182 4862 272 4915 eadem
283 4862 359 4930 plene
370 4858 543 4926 magnitudine
555 4871 606 4924 que
618 4853 800 4919 ,Hermonis“,
818 4836 894 4919 quum
911 4857 976 4920 prior
993 4856 1069 4906 edido
1086 4854 1168 4920 quarti
1185 4853 1290 4903 formam
1302 4851 1418 4903 exhibeat
1435 4851 1543 4903 minoris.
