3838 5824
874 364 987 427 Mysterii
1005 362 1205 428 smograpbioi

811 524 855 591 IN
880 521 1020 587 CAPUT
1043 519 1277 586 SECUNDUM

890 646 1005 698 noran
1023 644 1203 697 armonia.

444 754 476 827 a)
499 758 521 811 0
536 757 609 811 male
625 752 742 812 iactum!
783 756 957 809 Emundone
972 754 1136 824 ejiciamus?
1165 755 1221 809 lmo
1235 751 1404 824 postliminio
1422 751 1553 806 revocari
1567 752 1594 805 in
1609 751 1726 806 Harmo-

362 838 436 895 nicis.
480 838 534 891 Cur
548 842 642 890 autem
655 835 816 906 ejiciamus?
845 839 889 889 Au
904 836 970 906 quia
988 835 1112 889 infinitae
1127 832 1157 888 'et
1171 833 1250 904 proin
1271 832 1372 887 ordinis
1387 832 1495 886 minime
1510 836 1649 902 capaces?
1674 836 1727 887 At·

363 920 408 991 qui
429 936 484 972 non
498 918 585 988 ipsae,
610 919 657 970 sed
674 932 737 970 mea
751 915 824 970 illius
840 916 970 986 temporis
985 913 1102 978 inscitia,
1124 913 1272 968 communis
1296 912 1361 968 mihi
1376 929 1436 967 cum
1450 913 1599 984 plerisque,
1625 911 1727 967 ordinis

365 1001 473 1054 illarum
492 997 601 1051 minime
615 1012 709 1066 capax
723 1000 795 1051 erat.
838 996 936 1066 ltaque
955 995 1003 1048 lib.
1019 995 1041 1049 1.
1063 994 1287 1049 Harmonicorum
1309 1000 1340 1047 et
1358 993 1495 1048 delectum
1514 993 1634 1063 aliquem
1655 993 1729 1047 inter

364 1076 486 1133 intuitae
501 1076 581 1131 docui
602 1082 632 1130 et
646 1076 766 1130 ordinem
786 1075 813 1128 in
828 1074 860 1129 iis
882 1073 1094 1145 pulcherrimum
1114 1073 1141 1128 in
1155 1075 1243 1128 lucem
1264 1072 1377 1143 protuli.
1418 1073 1489 1127 Nam
1511 1090 1560 1127 cur
1572 1073 1663 1128 lineas
1677 1089 1727 1128 nos

364 1176 401 1213 ex
422 1158 577 1227 archetypo
597 1156 690 1211 mundi
712 1155 890 1234 eliminemus,
915 1173 975 1209 cum
994 1154 1084 1209 lineas
1097 1155 1175 1209 Deus
1195 1170 1279 1225 opere
1300 1153 1361 1223 ipso
1379 1153 1560 1224 expresserit,
1584 1159 1674 1209 motas
1689 1169 1727 1207 so.

365 1240 561 1309 planetarum?
602 1235 714 1307 Lingua
728 1235 815 1307 igitur
829 1235 1002 1306 corrigenda,
1018 1252 1094 1290 mens
1109 1232 1237 1289 tenenda
1278 1235 1310 1288 ln
1324 1250 1468 1304 corporum
1482 1250 1604 1297 numero,
1626 1232 1729 1304 aphar«

365 1334 458 1373 rarum
472 1315 653 1387 amplitudine
669 1317 864 1371 constituendo
883 1315 1010 1386 primitus
1031 1315 1207 1370 eliminentur
1226 1330 1295 1368 sane
1314 1313 1419 1369 lineae:
1439 1322 1471 1369 at
1490 1314 1518 1369 in
1532 1313 1659 1378 motibus,
1682 1312 1729 1384 qui

366 1398 447 1453 lineis
462 1396 649 1467 perficiuntur,
674 1395 841 1451 exornandis
862 1412 897 1449 ne
912 1401 1117 1451 contemnamus
1138 1394 1226 1449 lineas
1244 1400 1275 1448 et
1294 1395 1462 1465 superficies,
1486 1411 1558 1466 quae
1573 1395 1651 1450 solae
1664 1410 1729 1465 pro-

367 1478 523 1548 portionum
537 1475 756 1530 harmonicorum
771 1482 837 1530 sunt
851 1475 938 1548 origo.

447 1552 479 1624 b)
500 1558 603 1627 Ingens
623 1556 767 1611 discrimen
789 1563 953 1627 argumento
974 1555 1112 1610 nominum
1132 1561 1177 1608 cst
1198 1553 1271 1608 inter
1292 1555 1352 1608 fixa
1372 1562 1401 1608 et
1414 1554 1539 1616 mobilia;
1562 1572 1610 1610 cur
1623 1572 1677 1610 non
1692 1553 1728 1608 sit

368 1637 478 1708 aliquod
493 1636 578 1690 etiarn
601 1636 628 1689 in
642 1635 786 1706 utriusque
800 1635 912 1707 generis
927 1635 1130 1701 exornatione?
1173 1633 1239 1696 Quis
1256 1633 1357 1687 ordinis
1375 1633 1607 1704 pulchritudinem
1626 1634 1727 1690 intelli·

366 1724 457 1789 gerot,
480 1716 502 1769 si
517 1734 572 1770 nun
586 1715 670 1786 juxta
684 1722 811 1770 cerneret
824 1716 943 1770 lixarum
957 1716 1109 1771 exercitum
1128 1714 1229 1768 ordinis
1244 1720 1410 1784 expertem?
1452 1715 1519 1777 Quis
1534 1716 1729 1769 astronomiam

367 1797 494 1859 disceret,
515 1796 538 1850 si
552 1802 692 1865 perpetua
706 1802 782 1850 esset
796 1796 944 1850 similitudo
959 1795 1211 1850 schematismorum
1231 1811 1279 1847 seu
1294 1794 1556 1849 constellationum?
1597 1796 1650 1850 Est
1663 1810 1729 1849 suus

368 1876 462 1931 lonnis
476 1882 600 1940 ornatus,
626 1881 670 1929 est
690 1881 720 1929 et
742 1876 888 1930 materiae.
930 1875 973 1929 Sit
992 1876 1080 1947 igitur
1097 1874 1212 1944 propria
1231 1874 1366 1929 materiae
1385 1881 1415 1929 et
1436 1875 1555 1945 pulchra
1572 1874 1729 1940 exornatio.

369 1972 440 2028 quae
455 1956 533 2009 facta
546 1962 591 2009 est
614 1972 664 2025 per
678 1954 811 2009 infinitam
826 1962 856 2010 et
868 1956 968 2010 molem
987 1963 1017 2009 et
1030 1954 1232 2010 multitudinem
1251 1960 1281 2008 et
1296 1955 1462 2011 varietatem
1478 1961 1537 2010 mm
1557 1955 1627 2010 situs
1648 1971 1730 2026 quarn

369 2034 566 2107 magnitudinis
581 2034 789 2105 claritatisque·

448 2110 477 2183 c)
502 2112 618 2180 (bunut.
641 2112 778 2185 antiqua.)
821 2116 972 2183 Corporum
985 2114 1116 2169 nobilitas
1138 2123 1183 2168 est
1202 2132 1239 2168 er
1254 2114 1432 2185 simplicitate
1453 2123 1483 2169 et
1504 2133 1541 2170 ex
1556 2114 1732 2187 aequalitate

368 2193 517 2249 distantiae
531 2194 676 2263 planorum
690 2211 709 2248 a
723 2201 818 2249 centro
832 2195 950 2265 figurae.
994 2193 1072 2250 Sicut
1085 2194 1157 2249 enim
1171 2202 1268 2249 norma
1287 2201 1315 2251 et
1330 2196 1432 2267 regula
1450 2202 1641 2251 creaturarum
1653 2195 1732 2249 Deus

364 2282 422 2338 est,
438 2274 478 2328 sic
492 2274 616 2344 sphaera
630 2290 784 2344 corporum.
825 2274 912 2344 Atqui
926 2290 962 2327 ea
974 2274 1062 2328 babet
1076 2275 1164 2328 dictas
1178 2274 1377 2344 proprietates.
1409 2271 1439 2345 l)
1453 2276 1507 2330 Est
1520 2274 1732 2348 simplicissima,

370 2354 435 2426 quia
449 2370 504 2407 uno
519 2353 658 2408 clauditur
673 2354 799 2417 termino,
814 2372 845 2407 se
860 2355 923 2424 ipsa
937 2355 1058 2407 scilicet„
1082 2350 1115 2421 2)
1131 2355 1230 2408 Omnia
1239 2354 1300 2423 ejus
1314 2362 1417 2424 puncta
1427 2356 1621 2427 aequalissimc
1636 2371 1655 2409 a
1669 2373 1732 2409 cen·

370 2443 414 2489 tro
424 2433 540 2487 distant.
571 2434 617 2488 Ex·
627 2434 787 2503 corporibus
797 2434 885 2506 igitur
893 2434 1017 2503 proxime
1027 2437 1163 2488 accedunt
1172 2434 1317 2505 regularia
1331 2435 1514 2506 adspbaerae
1523 2435 1731 2507 perlectionem.

371 2515 474 2569 Eorum
488 2513 609 2567 delinitio
628 2514 699 2567 baec
713 2521 765 2578 est,
790 2521 822 2568 ut
835 2513 961 2568 habeant
983 2510 1014 2581 1)
1030 2514 1120 2569 omnia
1141 2515 1243 2577 latera,
1266 2510 1296 2579 2)
1311 2515 1405 2585 plana,
1429 2513 1459 2580 3)
1475 2516 1605 2589 angulos,
1620 2515 1737 2587 singula
1811 2510 1816 2521 '

372 2593 505 2663 aequalia
518 2599 548 2647 et
562 2593 654 2662 specie
668 2601 699 2647 et
711 2593 911 2664 magnitudine,
934 2597 1005 2663 quod
1019 2602 1064 2648 est
1082 2593 1282 2664 simplicitatis:
1307 2611 1389 2664 quam
1407 2595 1528 2666 positam
1549 2595 1733 2651 definitionem

374 2673 501 2744 sequitur
522 2673 591 2727 illud
614 2673 697 2736 ultro,
722 2675 794 2744 quod
818 2669 850 2744 4)
865 2673 984 2727 omnium
1007 2674 1151 2743 planorum
1176 2679 1275 2728 centra
1297 2674 1453 2747 aequaliter
1477 2692 1495 2730 a
1516 2676 1606 2731 medio
1621 2675 1734 2739 distent,

342 2810 348 2821 ,
374 2751 405 2819 5)
421 2754 492 2824 quod
507 2753 644 2823 inscripta
655 2753 742 2825 globo
756 2753 881 2808 omuibus
896 2754 1008 2826 angulis
1024 2761 1148 2826 tangant
1161 2754 1342 2824 superficiem,
1360 2753 1393 2824 6)
1408 2758 1480 2826 quod
1494 2757 1522 2811 iu
1536 2773 1573 2811 ea
1585 2757 1733 2819 haereant

375 2829 407 2904 7)
423 2835 494 2905 quod
514 2833 677 2903 inscriptum
695 2834 810 2905 globum
829 2834 955 2888 omnibus
975 2834 1123 2907 planorum
1141 2834 1242 2889 centris
1263 2841 1396 2908 tangant,
1426 2830 1460 2905 8)
1474 2839 1545 2907 quod
1564 2837 1680 2907 proinde
1694 2835 1735 2890 in·

374 2915 494 2985 scriptus
508 2915 611 2984 globus
625 2914 743 2969 baereat
756 2915 892 2988 immotus,
922 2909 955 2985 9)
967 2922 999 2969 et
1013 2918 1084 2987 quod
1098 2916 1169 2970 idern
1183 2920 1307 2970 centrum
1328 2917 1436 2971 babeat
1453 2932 1514 2972 cnm
1527 2917 1627 2988 figura
1670 2915 1735 2979 uni·

375 2998 425 3050 bus
440 2995 523 3048 rebus
538 2994 658 3050 efficitur
678 2996 770 3051 altera
791 2994 940 3051 similitudo
954 3013 1015 3050 cum
1029 2992 1166 3066 sphaera,
1191 3010 1263 3066 quae
1280 3002 1326 3051 est
1343 3014 1381 3052 ox
1394 2997 1568 3069 aequalitate
1582 2995 1736 3053 munuae

392 3076 528 3130 lanorum.

373 3093 392 3147 p
454 3150 485 3220 d)
507 3153 638 3208 Scholion
653 3161 748 3209 antem
770 3155 839 3209 illud
862 3156 903 3209 ita
917 3161 1015 3209 sonat:
1035 3154 1091 3223 ajo
1106 3172 1171 3210 vero
1192 3163 1305 3224 praeter
1318 3155 1408 3212 dictas
1422 3157 1542 3230 quinque
1561 3159 1666 3231 figuras
1681 3173 1735 3210 nou

375 3250 458 3305 posse
482 3233 566 3287 aliam
589 3234 721 3287 constitui
741 3234 859 3306 figuram
882 3234 1009 3296 solidam,
1032 3249 1105 3302 quae
1126 3233 1217 3303 planis
1240 3241 1271 3289 et
1293 3237 1473 3306 aequilateris
1493 3245 1524 3294 et
1541 3235 1736 3310 aequiangulis

375 3313 553 3367 contineatur
569 3312 642 3366 inter
664 3329 694 3365 se
715 3313 889 3382 aequalibus.
931 3314 993 3366 Non
1007 3312 1079 3366 enim
1093 3331 1131 3367 ex
1145 3314 1250 3368 duobus
1265 3316 1424 3390 triangulis,
1447 3321 1494 3373 sed
1510 3337 1600 3390 neque
1621 3336 1659 3373 ex
1672 3315 1735 3372 aliis

376 3394 484 3447 duabus
502 3390 600 3462 liguris
614 3391 718 3445 solidus
733 3393 918 3446 constituetur
932 3392 1063 3462 angulus.
1104 3391 1158 3448 Sed
1180 3395 1319 3450 extribus
1339 3397 1490 3470 triangulis
1518 3405 1629 3453 constat
1649 3411 1735 3468 pyra·

377 3471 455 3527 midis
469 3472 599 3543 angulus.
640 3472 686 3525 Ex
701 3477 820 3540 quatuor
835 3478 927 3525 autem
941 3471 1074 3526 nestun.
1115 3474 1162 3528 Ex
1176 3474 1295 3546 quinque
1309 3494 1376 3532 vero
1390 3478 1534 3533 icosaedri.

457 3553 503 3605 Ex
523 3551 673 3623 triangulis
692 3567 744 3604 sex
764 3558 794 3605 et
819 3552 1000 3622 aequilateris
1029 3559 1059 3606 et
1086 3554 1282 3627 aequiangnlis
1310 3560 1346 3611 ad
1374 3558 1445 3613 idem
1476 3565 1611 3630 puuctum
1635 3575 1735 3614 coenn-

378 3633 453 3688 tibus
471 3631 595 3689 nuntiet
613 3631 736 3702 angulus
756 3630 870 3686 solidus.
912 3633 979 3686 Cum
993 3631 1065 3687 enim
1085 3634 1219 3707 trianguli
1241 3637 1408 3707 aequilateri
1430 3640 1552 3711 angulos
1572 3639 1642 3695 reotl
1656 3638 1735 3694 unius

378 3714 487 3767 bessem
506 3703 567 3778 (Ἰ.)
591 3711 747 3775 contineat,
772 3717 853 3766 erunt
874 3711 1009 3781 ejusmodi
1030 3728 1082 3768 sex
1105 3715 1202 3787 auguli
1224 3716 1309 3771 rectis
1332 3725 1452 3789 quatuor
1471 3719 1615 3791 maetas.
1656 3718 1736 3783 Quod

375 3793 436 3849 heri
449 3810 504 3847 non
517 3796 622 3861 potest.
662 3789 732 3846 Nam
752 3791 856 3847 solidus
876 3793 961 3847 omnis
984 3794 1105 3865 angulus
1125 3795 1275 3852 minoribus
1289 3814 1370 3868 quam
1390 3800 1475 3855 rectis
1489 3806 1610 3871 quatuor
1623 3798 1735 3872 angulis

375 3872 532 3928 continetur
554 3867 646 3939 (Eucl.
667 3870 717 3926 XI.
739 3865 811 3940 21.).
855 3873 897 3927 Ob
918 3876 1028 3929 easdem
1057 3891 1124 3929 sane
1150 3891 1250 3930 causas
1272 3894 1362 3948 neque
1380 3897 1418 3935 ex
1436 3880 1563 3951 pluribus
1582 3895 1663 3951 quam
1683 3895 1735 3934 sax

375 3951 468 4023 planis
490 3950 601 4023 angulis
625 3949 758 4020 ejusmodi
778 3951 898 4024 angulus
919 3954 1022 4008 solidus
1043 3954 1219 4009 construitur.
1277 3953 1283 3972 '

455 4031 509 4086 Sed
533 4049 570 4085 ex
591 4030 680 4085 tribus
704 4032 845 4102 quadratis
869 4033 931 4088 cubi
955 4036 1075 4106 angulus
1100 4033 1264 4091 continetur.
1304 4038 1350 4092 Ex
1374 4046 1492 4109 quatuor
1513 4042 1608 4096 nullus
1629 4045 1733 4111 potest.

374 4114 481 4167 Rursus
505 4111 577 4165 euim
597 4110 665 4165 recti
690 4119 810 4181 quatuor
832 4121 922 4168 erunt.

455 4192 500 4246 Ex
523 4191 613 4245 tribus
636 4198 730 4246 autem
751 4194 920 4264 pentagonis
945 4193 1126 4264 aequilateris
1149 4200 1179 4248 et
1211 4196 1403 4269 aequiangulis
1427 4200 1590 4254 dodecaedri
1613 4199 1734 4275 angulus

376 4271 542 4327 continetur.
584 4271 637 4325 Sed
652 4288 690 4325 ex
704 4279 824 4341 quatuor
836 4274 930 4328 nullus
944 4280 1048 4344 potest.
1090 4272 1157 4328 (lum
1171 4275 1243 4329 enim
1264 4278 1418 4351 pentagoni
1433 4279 1599 4350 aequilateri
1614 4279 1734 4351 angulus

376 4358 469 4407 rectum
484 4351 521 4405 sit
542 4357 572 4404 et
589 4351 687 4421 quinta
707 4353 776 4406 recti
797 4370 873 4423 pars,
894 4361 977 4408 eruut
990 4361 1111 4424 quatuor
1123 4355 1220 4426 anguli
1242 4358 1326 4412 rectis
1345 4365 1464 4429 quatuor
1486 4360 1615 4430 maiores.
1657 4358 1735 4422 Quod

375 4431 436 4487 heri
459 4430 563 4501 nequit.
604 4432 662 4485 Nec
677 4447 745 4487 sane
759 4451 797 4487 ex
812 4433 874 4487 aliis
897 4434 1047 4505 polygonis
1069 4435 1166 4505 agurii
1191 4436 1294 4491 solidus
1308 4440 1430 4510 angulus
1444 4440 1639 4504 continebitur,
1663 4438 1735 4510 quod

377 4511 441 4566 bino
454 4527 562 4582 quoque
576 4512 724 4567 absurdum
744 4519 886 4582 sequatur.
928 4514 1112 4576 Quamobrem
1123 4516 1299 4587 perspicuum
1311 4525 1364 4583 ess,
1385 4526 1500 4589 praeter
1513 4520 1601 4577 dictas
1616 4519 1736 4592 quinque

376 4593 482 4664 figuras
505 4590 591 4646 aliam
613 4592 733 4663 figuram
755 4592 871 4647 solidam
894 4611 949 4647 non
972 4609 1054 4663 posse
1068 4595 1208 4663 constitui.
1233 4613 1305 4668 quae
1322 4599 1375 4653 sub
1398 4599 1491 4670 planis
1509 4599 1692 4674 aequilateris
1705 4604 1737 4653 et

376 4670 571 4744 aequiangulis
594 4671 777 4727 contineatur.
