3788 5828
609 379 615 391 '
726 371 889 425 m
1428 373 1489 439 221

130 533 160 596 in
188 550 222 595 re
255 549 382 612 operam
403 530 475 594 Ursi
502 530 624 612 expetii.
671 528 827 601 Quantam
855 538 970 605 autem,
1002 547 1058 611 per
1085 531 1183 592 Deum
1214 531 1431 596 immortalem!
1465 543 1496 599 et

89 672 96 680 .
130 641 220 703 quam
242 620 440 700 multiplicem
462 619 535 682 mihi
558 619 632 681 iacit
653 619 792 699 iujuriam
815 619 898 681 ierus
920 618 1033 681 homo?
1078 617 1257 682 Ambiebam
1292 621 1357 700 ejus
1387 623 1494 685 amici-

131 711 205 772 tiam
227 709 323 771 missa
346 708 485 790 epistola.
531 706 566 770 Si
588 707 766 788 petitionem
790 726 890 769 meam
913 707 1046 783 admisit,
1071 706 1159 769 tidem
1178 707 1244 788 ejus
1269 709 1423 772 desidero:
1448 713 1494 774 sin

129 798 265 879 sprevit,
299 806 402 860 umen
434 797 612 860 inhumanus
640 806 699 859 est
749 794 913 858 Sermones
947 795 1124 869 amicorum,
1160 796 1266 858 literne
1298 798 1396 877 magis
1427 801 1494 880 pri-

131 897 222 949 uatae
246 904 315 947 esse
338 887 465 949 debent:
489 886 620 948 basille
644 885 820 966 publicavit,
845 903 901 946 nec
923 903 971 946 me
995 883 1154 959 consuluit,
1178 903 1233 945 nec
1257 885 1414 962 facturum,
1440 907 1494 949 uec

130 979 245 1038 samum
270 975 437 1050 nunciavit,
470 992 526 1036 nec
556 973 714 1053 exemplar
741 972 834 1035 misit
881 970 999 1043 Quibus
1027 979 1075 1033 est
1107 991 1196 1035 curae
1224 975 1361 1054 aequitas
1394 995 1430 1036 ne
1463 977 1493 1037 in

129 1066 251 1127 hostem
275 1062 393 1145 quidem
416 1063 480 1125 tale
509 1062 580 1143 quid
604 1062 727 1124 audent.
775 1061 961 1124 Remisisset
988 1059 1076 1137 mihi,
1110 1061 1190 1141 qnod
1211 1069 1333 1123 veteres
1360 1064 1492 1137 aiebant,

129 1153 284 1226 nuncium,
315 1161 369 1214 ant
397 1151 585 1214 abolevisset
612 1150 771 1224 schedam,
805 1152 832 1212 si
860 1169 919 1212 non
947 1149 1063 1230 placuit
1090 1150 1213 1213 amicus.
1260 1148 1439 1233 Quanquam
1467 1155 1493 1215 si

130 1242 226 1305 literis
249 1242 314 1320 ejus
337 1242 377 1302 ad
400 1259 447 1303 me
471 1240 570 1301 altero
592 1240 716 1302 tandem
740 1257 821 1301 auno
844 1238 983 1321 scriptis,
1013 1238 1040 1300 si
1058 1237 1173 1318 judicio
1197 1239 1263 1318 ejus
1287 1240 1324 1301 de
1348 1259 1395 1301 me
1418 1241 1493 1303 fides

127 1329 234 1392 haberi
261 1337 382 1410 potest:
415 1337 448 1390 et
473 1328 589 1409 placuit
616 1328 762 1402 conditio,
803 1336 835 1390 et
869 1327 1033 1391 amicitiam
1065 1328 1164 1389 colere
1196 1327 1382 1392 instituerat.
1431 1327 1493 1393 Sed

128 1419 205 1480 haec
229 1418 310 1480 levia
333 1425 413 1492 sunt,
436 1417 490 1479 illa
512 1417 609 1498 major
631 1415 818 1496 improbitas,
831 1416 908 1496 ·jure
932 1417 1034 1496 utique
1049 1415 1239 1491 vindicanda,
1264 1417 1290 1478 si
1311 1418 1359 1480 oui
1382 1417 1411 1479 in
1428 1419 1493 1481 foro

128 1517 183 1569 ant
207 1526 280 1587 spes
311 1515 365 1569 aut
391 1505 574 1568 oblectatio:
608 1505 757 1585 quodid,
791 1505 870 1586 quod
892 1525 1103 1585 yenprrpoum
1126 1505 1239 1567 dictum
1262 1524 1319 1585 ego
1342 1507 1491 1583 volebam,

131 1598 197 1677 ipse
221 1595 279 1657 sibi
302 1593 510 1670 maledicenti,
534 1595 612 1673 quod
627 1594 749 1667 scribis,
774 1594 917 1674 applicat
974 1593 1215 1656 Acerbissimum
1239 1595 1378 1671 omnium,
1402 1598 1492 1676 quod,

127 1704 217 1765 quem
242 1684 433 1764 intelligebat
455 1702 494 1746 ex
516 1683 592 1744 meis
614 1682 712 1745 literis
735 1701 826 1745 ame
851 1682 975 1743 maximi
1004 1682 1084 1755 fieri,
1115 1681 1176 1744 illis
1199 1682 1274 1763 ipsis
1297 1684 1373 1744 meis
1397 1684 1494 1745 literis

127 1782 271 1854 quantum
294 1773 395 1853 potuit
416 1771 639 1835 dehonestavit.
687 1768 739 1833 Sic
762 1770 902 1832 nimirum
925 1770 985 1851 ipsi
1007 1790 1054 1832 me
1079 1771 1117 1833 de
1140 1770 1265 1833 laudato
1294 1771 1413 1834 inimico
1437 1792 1492 1835 sno

125 1863 244 1942 placuit
275 1861 390 1924 ulcisci.
436 1859 500 1923 Sed
534 1864 629 1940 ¹neque
657 1859 735 1921 satis
763 1858 865 1922 mirari
897 1878 1020 1939 possum
1051 1859 1211 1921 consilium
1240 1859 1387 1924 hominis:
1422 1862 1494 1924 dum

126 1950 285 2015 consilium
307 1968 406 2012 meum
428 1949 509 2011 illins
532 1948 744 2030 hyperbolicae
767 1947 952 2010 laudationis
975 1948 1099 2011 ventilo.
1147 1944 1249 2018 Quid?
1273 1948 1402 2011 Tautine
1418 1950 1494 2012 facit

127 2041 188 2103 ista
212 2058 281 2101 mea
303 2038 483 2120 praeconia?
511 2039 557 2098 At
579 2037 663 2117 cujus
687 2036 833 2105 hominis?
860 2036 905 2098 ‘Si
928 2036 975 2097 vir
998 2045 1096 2109 esset,
1121 2044 1341 2111 contemneret,
1368 2038 1394 2098 si
1418 2057 1491 2118 prn-

127 2130 214 2203 deus,
240 2146 299 2189 non
322 2127 505 2188 venditaret.
553 2124 743 2196 Quaerebam
767 2124 911 2186 obscurus
941 2143 997 2204 ego
1021 2125 1209 2186 laudatorem
1232 2126 1345 2187 clarum
1368 2127 1493 2197 vixdum

126 2217 191 2280 uati
215 2217 341 2289 inventi,
364 2215 574 2278 mendicabam
597 2214 636 2276 ab
659 2215 726 2293 ipso
749 2214 869 2294 stipem,
894 2231 964 2275 ecce
989 2213 1100 2292 stipem
1118 2213 1184 2293 ipsa
1199 2213 1337 2276 mendico
1351 2216 1492 2278 extorsit.

125 2308 361 2384 Praeceptorem
377 2304 455 2378 diui3
479 2323 536 2365 nae
559 2320 683 2383 parvam
708 2302 790 2364 laudi
811 2301 1016 2364 accessionem
1039 2302 1114 2363 iacit
1136 2321 1174 2364 ex
1198 2302 1373 2364 adulatione
1397 2304 1492 2366 disci-

126 2395 199 2475 puli.
247 2392 386 2466 Quaerat
408 2412 510 2455 eornm
541 2390 718 2472 praeconia,
748 2391 854 2471 quise
880 2400 1094 2470 praeceptores
1126 2391 1222 2473 ipsius
1246 2391 1355 2456 ierunt.
1402 2390 1492 2464 Quod

127 2486 153 2547 si
177 2483 252 2546 mihi
275 2492 378 2563 partes
398 2481 509 2563 judicis
532 2480 629 2542 tradit
651 2483 721 2554 (uec
745 2479 880 2558 apertius
902 2480 934 2541 id
955 2480 1121 2560 potuisset,
1154 2498 1243 2559 quam
1265 2481 1309 2542 sic
1333 2487 1491 2544 ostentata

125 2594 195 2637 mea
218 2572 379 2653 epistola),
404 2571 491 2644 sciat,
511 2571 575 2651 jam
600 2569 671 2631 mihi
695 2569 771 2631 alios
795 2586 884 2649 qnam
908 2568 1045 2651 discipuli
1074 2587 1172 2630 mures
1197 2576 1376 2648 competere.
1424 2571 1488 2632 To-

127 2667 243 2725 leratur
265 2663 295 2723 in
321 2659 467 2740 discipulo
491 2670 639 2739 utcunque
659 2656 803 2731 adulatio,
829 2658 855 2719 si
879 2675 917 2717 eu
941 2656 1077 2736 opinione
1093 2657 1308 2737 praeceptoris,
1333 2677 1489 2720 examore

124 2752 266 2833 proiecta
281 2748 325 2811 ‘ad
347 2744 436 2810 linem
461 2748 594 2809 discendi
615 2747 770 2825 dirigatur.
816 2746 850 2806 In
870 2745 972 2825 judice
991 2745 1126 2806 adulatio
1141 2745 1287 2823 flagitium
1304 2755 1362 2806 est.
1400 2745 1489 2817 Quae

36 2860 42 2865 ·
126 2843 171 2903 sic
195 2839 355 2903 scribenda
384 2838 474 2911 duxi,
509 2844 543 2897 nt
566 2835 703 2916 quamvis
734 2842 873 2913 praestat
899 2832 1074 2894 securitatis
1102 2852 1209 2908 causa,
1243 2834 1488 2897 nocentissimum

124 2948 272 3011 quemque
291 2927 364 2989 mihi
386 2926 541 2988 minimum
565 2923 673 2996 irasci,
695 2931 796 2984 tamen
821 2921 847 2983 si
870 2939 929 2982 non
953 2921 1043 2985 aliter
1066 2920 1170 2981 honori
1195 2930 1247 2983 tuo
1270 2921 1386 2983 consuli
1411 2941 1486 3003 pos-

123 3021 182 3093 sit,
216 3017 345 3080 haberes
378 3014 533 3077 arbitrimu
565 3013 738 3092 publicatae
771 3010 937 3072 calumniae
966 3009 1085 3088 publice
1117 3008 1236 3071 obviam
1270 3010 1369 3072 eundi.
1425 3010 1489 3073 Sed
1518 3042 1524 3047 ·

123 3108 249 3170 missum
272 3105 394 3166 tandem
417 3100 516 3184 ipsium
540 3103 698 3163 iaciamus.
739 3101 804 3161 h'ec
828 3099 907 3160 enim
932 3116 1022 3178 qnam
1045 3099 1110 3178 ipse
1127 3098 1215 3173 male,
1240 3099 1294 3159 sed
1319 3118 1407 3180 quam
1431 3118 1488 3180 ego

123 3198 200 3258 bene
224 3194 355 3268 fecerim,
380 3192 542 3274 quaeritur.
588 3191 631 3252 Et
652 3199 724 3251 sunt
746 3188 865 3268 quidem
888 3187 918 3249 in
933 3187 987 3249 illa
1000 3206 1068 3249 mea
1082 3186 1212 3267 epistola
1233 3187 1386 3268 pleraque,
1411 3206 1488 3268 quae

122 3284 257 3358 defendi,
281 3283 392 3363 aliqua,
417 3300 493 3363 quae
508 3279 656 3353 excusari,
671 3278 782 3358 aliqua,
807 3295 883 3359 qnae
896 3277 1030 3358 pessima
1043 3275 1214 3355 suspicione
1228 3276 1349 3338 liberari
1365 3276 1487 3339 debent.

214 3361 375 3435 Ordiamur
406 3372 445 3433 ab
478 3389 528 3445 eo,
562 3369 640 3449 quod
673 3367 883 3448 gravissimum
917 3374 980 3428 est:
1016 3366 1096 3446 quod
1127 3383 1235 3444 nempe
1267 3365 1384 3427 crimini
1414 3365 1487 3427 mihi

122 3466 189 3538 das,
214 3470 425 3542 contraquam
444 3458 590 3521 senserim
613 3458 642 3519 iu
663 3477 697 3520 os
721 3455 780 3536 ipsi
804 3457 946 3517 locutum.
994 3453 1084 3525 Quod
1107 3454 1175 3515 dum
1199 3455 1279 3533 agis,
1311 3454 1356 3516 ita
1379 3454 1486 3536 ioque-

122 3553 176 3628 ris,
201 3558 237 3614 ut
259 3550 332 3623 mihi
355 3548 610 3610 absolutissimum
634 3547 671 3607 de
695 3546 763 3607 aliis
787 3545 935 3625 judicium
960 3544 1090 3607 tribuere
1114 3543 1259 3605 videaris.
1305 3540 1405 3636 Quam
1430 3562 1487 3624 ego

122 3639 325 3721 suspicionem
349 3637 375 3700 si
399 3658 418 3699 a
440 3656 496 3711 me,
522 3635 601 3716 quod
622 3652 768 3715 perquam
791 3632 879 3694 facile
903 3639 961 3706 est,
984 3651 1147 3708 removero,
1172 3651 1283 3712 magna
1301 3640 1389 3713 parte
1412 3651 1486 3712 pur-

121 3729 255 3813 gationis
285 3748 331 3790 me
365 3727 538 3788 defunctum
563 3742 630 3786 esse
663 3722 784 3803 putabo.
829 3720 952 3783 Etenim
980 3721 1030 3801 qui
1054 3722 1099 3783 vir
1129 3722 1171 3782 sit
1194 3721 1309 3795 Ursus,
1338 3722 1486 3801 jamnon

122 3820 280 3899 disputare
302 3818 417 3896 placet,
452 3823 535 3877 certe
559 3832 616 3894 quo
640 3821 774 3892 tempore
797 3809 957 3888 epistolam
985 3810 1068 3871 illam
1091 3809 1213 3888 scripsi,
1242 3815 1274 3869 at
1295 3809 1487 3872 imbecilliori

122 3928 208 3971 eram
227 3906 352 3987 Judicio,
375 3914 407 3966 et
429 3922 487 3965 non
512 3921 617 3982 parum
636 3899 694 3981 ipsi
708 3901 772 3980 jam
796 3897 1044 3960 distribuerem.
1090 3896 1187 3958 Venit
1210 3895 1350 3960 Gratium
1369 3899 1486 3961 Ductor

122 3998 275 4079 quispiam
298 4014 336 4055 ex
359 3992 450 4056 ltalia
472 4010 626 4067 reversus,
662 3991 769 4052 librum
788 3986 857 4066 ejus
887 3986 959 4048 mihi
983 3985 1142 4062 exhibens,
1176 4003 1262 4066 quem
1285 3987 1387 4049 triduo
1410 4007 1486 4049 con-

120 4104 210 4149 cesso
234 4084 345 4164 raptim
367 4100 580 4163 percurrerem.
626 4082 661 4143 Iu
685 4098 720 4141 eo
744 4077 893 4139 salutatos
916 4074 1139 4137 schematismis
1167 4074 1283 4153 reperio
1306 4075 1486 4156 praecipuos

118 4175 212 4255 hujus
235 4172 385 4252 temporis
405 4170 645 4243 mathematicos,
668 4167 786 4247 reperio
811 4165 1001 4244 magnificam
1025 4165 1055 4226 in
1078 4164 1267 4243 praefatione
1290 4165 1486 4245 provocatio-

118 4283 198 4328 nem·
215 4264 255 4325 ad
279 4262 375 4324 simile
400 4260 470 4342 quid
494 4258 672 4333 audendum,
696 4256 737 4317 ad
760 4254 977 4318 astronomiam
1001 4272 1017 4314 e
1043 4251 1245 4317 fundamentis
1262 4254 1486 4330 esstmendaru,

117 4354 241 4434 reperio
273 4350 451 4433 compendia
485 4347 633 4428 quaedam
666 4364 772 4420 aurea,
806 4362 882 4424 quae
913 4341 1068 4423 Tubiugae
1101 4362 1120 4403 a
1147 4341 1310 4404 Maestliuo
1340 4341 1487 4404 celebrari

117 4443 334 4514 memineram,
368 4439 485 4519 reperio
514 4436 682 4498 doctrinam
715 4434 848 4507 sinuum,
881 4431 1048 4494 docuinam
1080 4431 1310 4509 triangulorum,
1350 4431 1487 4511 vulgaria

118 4533 257 4614 quidem,
291 4529 347 4591 sed
376 4546 456 4590 nova
485 4526 558 4588 mihi
591 4524 699 4595 omnia,
733 4530 767 4584 ut
795 4521 914 4596 videas,
949 4539 1007 4600 qno
1039 4519 1151 4599 remige
1178 4520 1297 4581 damam
1329 4521 1486 4594 verberet3

117 4640 190 4686 narn
214 4621 359 4701 pleraque
381 4624 491 4698 postea
513 4615 545 4677 in
563 4613 690 4676 Euclide
715 4618 746 4672 et
759 4610 1002 4689 Regiomuntano
1025 4608 1134 4688 reperi,
1158 4626 1234 4689 quae
1258 4616 1321 4669 tum
1344 4608 1402 4688 ipsi
1427 4610 1485 4670 tri-

117 4712 262 4774 buebam.
309 4707 414 4787 Neque
437 4713 569 4780 metuas,
600 4710 647 4778 ut,
680 4699 841 4781 quaejam
864 4697 940 4775 diui,
974 4698 1049 4759 bene
1078 4715 1145 4759 cum
1167 4697 1290 4759 invento
1312 4715 1379 4759 meo
1403 4705 1486 4759 stare
1600 4724 1602 4731 v

117 4808 246 4883 queant.
292 4796 386 4858 Dicat
407 4795 472 4875 ipse
495 4813 549 4874 pro
573 4811 620 4854 me
643 4788 841 4862 Maestlinus,
866 4806 956 4868 qnam
979 4786 1119 4848 tenuibus
1142 4785 1297 4866 principiis
1320 4785 1483 4847 institeriru

117 4892 225 4966 initio,
261 4886 312 4968 qui
342 4885 494 4967 profecto,
517 4883 543 4946 si
572 4890 635 4945 mm
659 4878 795 4962 jejunum
822 4895 869 4938 me
897 4876 1030 4939 secundo
1054 4874 1238 4949 dimisisset,
1273 4892 1362 4952 qnam
1388 4872 1485 4954 primo
