3878 5840
708 401 865 469 amnas
884 402 1034 454 “Mitt
1479 399 1544 468 425

190 559 361 625 variatione
383 560 460 623 varii
482 559 563 624 modi
585 560 769 636 reflexionis,
793 579 870 642 qnae
894 568 943 624 est
966 582 986 623 a
1008 558 1101 624 variis
1124 560 1349 642 superficiebus.
1393 561 1463 626 Nou
1486 580 1545 644 ago

186 650 254 730 janu
277 649 315 712 ds
338 650 392 713 illa
414 650 587 726 reflexione,
611 668 689 731 quae
714 658 764 713 est
785 670 805 711 a
826 650 984 732 superficie
1007 650 1157 731 speculari
1191 658 1223 713 et
1241 652 1406 714 reflectitur
1429 672 1448 712 a
1469 670 1545 731 quo-

189 736 267 802 libet
288 738 353 818 ejus
375 746 486 819 puncto
509 738 538 799 iu
562 738 680 802 unicum
704 739 814 802 saltem
835 745 995 821 punctnmt
1029 739 1085 801 sed
1107 739 1145 801 de
1169 739 1223 802 illa
1245 740 1424 814 reflexione,
1457 759 1545 821 quam

189 827 340 890 ocrnImns
367 827 398 889 in
425 828 561 906 quolibet
587 828 721 909 pariete,
753 828 920 908 inaequalis
948 827 1040 890 etiarn
1067 836 1100 890 ct
1126 847 1254 908 asperae
1283 828 1463 908 superficiei,
1496 827 1547 909 qui

190 916 299 991 lucens,
324 934 385 996 qua
405 916 556 996 pingitur,
579 916 725 979 imbutam
747 935 783 979 eo
807 917 907 978 colore
933 936 1021 998 quem
1044 916 1151 991 habet,
1176 915 1347 997 aquolibet
1368 923 1479 996 puncto
1500 915 1546 978 sui

189 1004 222 1067 in
249 1011 347 1067 totum
374 1003 627 1084 hemisphaerium
649 1005 794 1068 reflectit.
840 1005 919 1068 Nam
952 1006 1004 1066 lux
1032 1025 1052 1066 a
1073 1006 1160 1067 Luna
1188 1005 1228 1067 ad
1250 1023 1305 1067 nos
1333 1007 1448 1067 reflexa
1474 1023 1546 1084 per-

190 1092 277 1155 venit
298 1093 365 1167 boc,
390 1111 450 1154 non
472 1093 526 1155 illo
548 1093 653 1168 modo;
678 1093 755 1155 alias
777 1112 836 1155 non
860 1112 973 1156 cornua
995 1093 1024 1155 in
1043 1093 1141 1163 Luna,
1166 1093 1220 1155 sed
1242 1093 1465 1173 imagunculam
1484 1092 1546 1155 So-

192 1181 231 1244 lis
259 1199 392 1283 semper·
400 1180 562 1243 rotundam
590 1199 790 1244 cerneremus.
837 1183 944 1263 Itaque
977 1182 1164 1261 geometrica
1188 1181 1347 1262 dispositio
1379 1180 1547 1263 superficiei

191 1269 268 1332 nihil
290 1269 339 1332 hic
361 1268 420 1331 nisi
444 1271 522 1332 rorte
544 1270 691 1346 maculas,
716 1271 852 1351 quales
844 1290 874 1332 ιιι
897 1271 985 1332 Luna
1007 1270 1166 1346 cernimus,
1192 1269 1295 1332 efficit.

722 1359 854 1421 Thesis
876 1357 1012 1422 XXVII.
1140 1348 1147 1366 ‘

278 1444 399 1510 Causae
420 1462 493 1507 vero
517 1444 595 1508 alius
617 1453 709 1527 atque
733 1447 811 1509 alius
834 1447 1005 1511 reflexionis
1028 1450 1138 1520 (causa
1152 1445 1341 1526 qualitatis
1333 1463 1363 1506 ιιι
1383 1402 1470 1506 radio
1494 1463 1546 1507 re-

190 1534 284 1609 flexo)
317 1540 389 1597 sunt
421 1533 606 1596 reflectentis
640 1535 807 1613 superficiei
839 1536 967 1598 colores.
1018 1534 1121 1597 Velim
1159 1534 1209 1596 hic
1239 1534 1344 1596 audire
1383 1532 1547 1635 chymicos,

190 1623 332 1705 quidnam
354 1621 503 1685 colores
494 1641 524 1682 ιιι
548 1623 743 1686 terrestribus
767 1624 942 1704 corporibus
964 1623 1073 1686 variet.
1122 1620 1248 1685 Colores
1264 1622 1384 1703 quidem
1407 1621 1523 1684 iridis'
1516 1640 1545 1682 ru

190 1714 268 1775 duas
292 1712 513 1774 distribuuntur·
536 1711 653 1773 classes
659 1730 670 1785 ;
703 1713 804 1775 altera
826 1721 925 1775 ortum
947 1713 1042 1774 habet
1063 1711 1102 1773 ab
1127 1710 1377 1773 obtenebratione
1405 1728 1459 1771 sen
1481 1709 1546 1790 pri-

190 1800 315 1863 vatione
338 1799 430 1871 lucis,
463 1798 561 1860 altera
592 1819 613 1861 a
635 1799 816 1862 refractione
849 1820 904 1863 seu
931 1801 1086 1864 tinctione.
1133 1799 1298 1880 Utriusque
1322 1797 1432 1861 classis
1460 1798 1546 1878 prin-

190 1888 301 1968 cipium
323 1896 373 1950 est
395 1886 434 1950 ab
457 1886 611 1967 ipsissima
633 1889 713 1963 lnce,
746 1908 801 1951 seu
824 1889 893 1952 albo
916 1889 1017 1951 calore
1041 1889 1116 1951 lucis
1146 1887 1294 1967 ἀναλογῳ,
1325 1900 1403 1969 qnae
1428 1887 1545 1966 quidem

190 1979 243 2041 lux
265 1976 396 2039 medinm
419 1975 504 2038 iridis
527 1975 671 2039 circulum
693 1977 850 2054 obtinens,
879 1996 948 2039 eum
976 1977 1006 2038 iu
1029 1977 1088 2039 duo
1118 1975 1205 2056 quasi
1233 1984 1330 2038 secat.
1376 1975 1426 2037 En
1449 1976 1549 2037 altera

192 2084 322 2146 namque
343 2071 433 2144 parte
455 2063 638 2140 diminuitur,
662 2084 702 2127 ex
724 2066 825 2129 altera
847 2066 1038 2146 refringitur:
1069 2063 1207 2145 utrinque
1231 2064 1354 2127 tandem
1376 2063 1407 2125 in
1430 2066 1548 2143 nigrum

191 2174 246 2217 sen
272 2153 416 2216 tenebras
443 2151 565 2215 desiuit.
611 2153 647 2215 ln
678 2154 884 2218 diminutionis
912 2155 1008 2235 primo
1039 2154 1135 2234 gradu
1164 2154 1199 2216 fit
1231 2153 1326 2228 flava,
1347 2152 1391 2214 Ιἰιι
1415 2152 1547 2214 secundo

192 2242 300 2316 mbas,
328 2250 393 2304 turn
415 2241 517 2302 fusca:
551 2249 583 2304 et
611 2242 739 2323 denique
768 2243 864 2325 nigra
914 2244 999 2306 Idem
1028 2249 1158 2322 apparet
1184 2242 1214 2304 iu
1242 2240 1370 2304 nubibus
1398 2238 1471 2303 Sole
1498 2240 1548 2301 vel

192 2349 303 2394 occaso
330 2330 380 2392 vel
409 2328 532 2391 orituro.
578 2330 663 2392 Idem
690 2332 720 2392 in
750 2333 852 2395 stellis
879 2332 961 2395 circa
982 2331 1184 2405 horizontem,
1218 2330 1296 2392 idem
1323 2332 1353 2392 iu
1382 2329 1547 2410 eclipsibus

193 2418 367 2492 Solaribns3
395 2435 463 2481 cnm
490 2418 569 2480 oculi
591 2419 701 2495 nostri,
733 2419 894 2501 inquibus
923 2428 972 2483 est
994 2421 1069 2483 haec
1097 2418 1236 2491 fallacia,
1268 2417 1367 2481 subito
1390 2417 1547 2498 privantur

193 2507 259 2571 lnce
282 2506 374 2570 Solis.
419 2506 455 2568 In
484 2506 656 2569 reflexiouis
678 2525 750 2570 vero
772 2510 869 2588 primo
892 2509 1004 2590 mado,
1037 2507 1161 2584 viridis,
1193 2514 1267 2587 post
1282 2506 1445 2582 ,caerulea
1477 2505 1546 2568 dein

190 2615 354 2678 purpurea,
388 2601 421 2657 et
449 2594 577 2676 deniqne
605 2594 725 2659 omnino
753 2597 842 2677 nigra
869 2616 924 2659 seu
951 2596 1151 2660 obtenebrata
1173 2596 1315 2658 cernitur.
1363 2592 1440 2657 Cum
1472 2613 1546 2675 ergo

191 2684 240 2748 hic
267 2683 310 2747 sit
337 2683 411 2746 ordo
433 2682 513 2745 inter
540 2684 656 2747 colores
671 2685 716 2745 in
744 2685 836 2747 iride:
868 2693 1104 2748 consentaneum
1132 2692 1181 2746 est
1208 2684 1335 2746 eundem
1363 2702 1431 2746 esse
1461 2683 1546 2746 etin

191 2772 371 2849 rodericum
399 2779 434 2834 ut
463 2771 628 2835 fortissime
656 2772 772 2835 radium
800 2774 939 2835 reflectat
966 2772 1139 2853 superficies
1167 2773 1256 2847 alba;
1288 2779 1359 2852 post
1381 2770 1485 2833 viridis
1516 2778 1547 2832 et

192 2864 289 2938 fiara3
312 2869 377 2925 tum
391 2861 532 2924 caerulea
553 2867 586 2923 et
600 2860 710 2936 ruben3
735 2861 803 2923 dein
817 2879 974 2941 purpurea,
986 2870 1018 2923 et
1036 2861 1137 2934 fusca3
1161 2859 1345 2923 debilissime
1364 2877 1436 2921 vero
1451 2858 1547 2939 nigra.

713 2949 846 3013 Thesis
868 2949 1020 3012 XXVIII.

281 3037 379 3118 Niger
406 3043 508 3099 antem
536 3035 656 3099 sortiter
685 3037 855 3100 illustratus
883 3038 1008 3100 rubeum
1035 3034 1154 3117 spargit
1184 3036 1311 3099 radium.
1358 3034 1394 3098 Id
1422 3041 1549 3114 apparet

192 3145 232 3189 ex
254 3125 409 3210 chalybeia
433 3125 581 3205 speculis,
610 3123 661 3188 ubi
684 3126 773 3189 faciei
797 3128 879 3190 color
902 3126 989 3188 albus
1022 3133 1055 3188 et
1077 3125 1191 3205 speculi
1214 3125 1300 3205 niger
1323 3124 1439 3187 confusi
1462 3123 1547 3186 rubi-

87 3224 93 3239 ¹
191 3215 365 3279 cundiorem
388 3220 619 3294 repraesentant
641 3213 759 3278 faciem.
806 3214 907 3287 Quare
930 3215 1099 3279 rectissime
1128 3213 1195 3294 quis
1217 3214 1329 3277 Martis
1353 3213 1475 3275 stellam
1498 3211 1547 3273 di·

188 3304 270 3367 xerit
292 3303 448 3384 superficie
471 3303 560 3383 nigra
589 3304 761 3383 praeditam
784 3323 865 3380 esse,
889 3323 956 3368 eum
978 3303 1081 3367 radius
1105 3303 1171 3383 ejus
1195 3304 1339 3366 sicualdo
1356 3301 1547 3364 rubicundus.

189 3391 376 3455 Debilitatur
398 3390 491 3470 igitur
513 3392 579 3473 ejus
602 3395 716 3456 reflexa
739 3395 821 3471 lux„
836 3412 894 3456 non
917 3393 1009 3473 igitur
1032 3393 1158 3455 multum
1180 3393 1351 3466 humectat,
1377 3398 1409 3453 et
1432 3391 1463 3453 in
1486 3391 1544 3453 hu·

191 3482 283 3544 moris
305 3481 426 3544 delectu
449 3488 508 3542 est.
553 3479 670 3546 Eodem
693 3484 802 3546 coloris
825 3490 858 3544 et
880 3481 1113 3544 humectationis
1138 3488 1315 3562 argumento
1334 3479 1467 3543 Saturno
1490 3478 1549 3541 tri·

191 3569 317 3635 huemus
341 3570 443 3633 albam
465 3576 497 3631 et
520 3589 661 3672 asperam
683 3571 880 3651 superficiem,
906 3571 977 3651 qnia
990 3570 1090 3632 colore
1106 3577 1155 3632 est
1167 3569 1318 3650 plumbeo
1340 3569 1411 3631 Jovi
1425 3567 1549 3629 rubeam

173 3659 241 3738 ,vel
265 3675 461 3740 pnrpuream,
495 3659 566 3738 quia
588 3659 685 3720 flama
709 3659 851 3721 subrufus
875 3667 1018 3739 apparet,
1048 3656 1163 3718 Veneri
1184 3659 1297 3718 flavam
1319 3656 1370 3718 rel
1393 3654 1494 3717 albam
1517 3662 1549 3716 et

192 3744 479 3826 aequabilissimsm,
502 3764 571 3839 cnm
593 3745 725 3808 omnium
747 3746 790 3809 sit
811 3745 1027 3826 pulcherrirna:
1052 3744 1201 3808 Mercurio
1218 3745 1388 3807 caeruleum
1411 3742 1502 3804 vel
1474 3741 1549 3802 vrri-

191 3834 270 3905 dem,
293 3852 361 3895 cum
384 3841 547 3912 argenteus
570 3842 736 3917 appareat,
759 3834 858 3915 magis
881 3832 1098 3901 scintillatione
1121 3852 1174 3895 seu
1198 3832 1293 3895 diluto
1319 3831 1434 3911 fulgore
1458 3848 1547 3910 quam

192 3921 292 3983 colore
315 3922 426 3983 clarus.

734 4009 868 4073 Tbeeis
891 4009 1009 4074 XXIX

280 4094 349 4158 Lux
370 4094 494 4177 propria
510 4095 664 4177 quidem
655 4115 724 4178 ipsa
746 4099 839 4162 etiam
861 4099 998 4162 variatur
1019 4115 1074 4180 per
1096 4095 1283 4177 superficiem
1303 4093 1449 4176 corporis,
1473 4095 1551 4158 nude

193 4184 285 4261 venit,
309 4191 344 4247 nt
366 4184 458 4248 alium
481 4193 514 4247 et
536 4185 627 4248 alium
650 4188 781 4250 colorem
804 4195 1030 4271 repraesentet:
1055 4186 1110 4248 sed
1132 4182 1245 4266 gradn‘s
1268 4183 1464 4246 calfactoriae
1487 4182 1550 4245 vir-

192 4274 268 4338 tutis
291 4272 470 4357 adipiscitur
492 4275 531 4337 ab
554 4274 662 4337 intima
684 4277 817 4356 corporis
841 4278 888 4340 sui
912 4276 1119 4358 dispositione.
1166 4273 1230 4337 Sed
1242 4282 1343 4336 tamen
1368 4272 1437 4352 ipsa
1454 4273 1549 4335 etiarn

192 4363 367 4445 superficies
400 4364 438 4426 de
465 4362 600 4443 corporis
633 4364 830 4445 dispositione
861 4373 1010 4429 testatur:
1044 4372 1078 4427 ut
1109 4364 1155 4424 ita
1181 4363 1374 4426 humectandi
1404 4361 1500 4425 virtus
1530 4381 1551 4423 a

191 4454 372 4517 calfactoria
399 4453 617 4533 quodammodo
647 4453 825 4532 dependeat
872 4456 919 4517 Ac
947 4473 1022 4517 sane
1051 4453 1078 4515 si
1100 4452 1182 4515 color
1210 4453 1382 4515 interventu
1410 4450 1487 4514 lucis
1512 4449 1551 4512 ab

193 4562 255 4606 nno
278 4560 405 4624 corpore
428 4540 458 4603 in
483 4543 614 4605 alienum
636 4543 794 4605 manslerri
817 4552 850 4605 et
872 4543 1035 4625 propagari
1058 4547 1170 4622 potest,
1194 4540 1337 4603 credibile
1352 4547 1402 4602 est
1424 4548 1457 4602 et
1473 4538 1551 4600 alias

191 4633 356 4712 qualitates
378 4649 486 4712 posse;
510 4632 548 4694 de
571 4631 673 4694 calore
697 4631 776 4693 enim
799 4634 1000 4697 certissimum
1023 4641 1081 4694 est.
1128 4629 1216 4692 Unde
1235 4648 1325 4709 quam
1340 4629 1464 4709 quisque
1478 4628 1550 4707 pla-

192 4728 265 4783 neta
290 4722 434 4785 uanum
461 4720 492 4784 in
521 4720 632 4784 efiectu
661 4725 811 4797 ostentat,
845 4722 912 4801 ejus
936 4720 1085 4800 analogon
1114 4717 1247 4800 aliquam
1267 4717 1497 4797 dispositionem
1520 4716 1551 4777 in

192 4807 258 4888 ipso
280 4810 424 4889 planetae
447 4828 573 4890 corpore
601 4828 670 4871 esse
695 4817 929 4872 consentaneum
953 4809 1083 4871 videtur.
1130 4805 1219 4880 Quod
1247 4806 1273 4867 si
1298 4807 1395 4868 locum
1419 4805 1547 4877 obtinet,

192 4897 232 4963 ad
254 4897 406 4963 inhabilia
427 4898 558 4962 artificia
579 4917 669 4963 mann
692 4898 801 4961 ducere
830 4916 886 4962 nos
914 4905 1029 4980 potest.
1077 4898 1173 4962 Verbi
1195 4894 1298 4978 gratia
1323 4912 1379 4974 per
1401 4898 1556 4954 aestatem·
