3788 5828
604 1516 657 1593 IN
684 1514 989 1594 MYSTERIUM
1016 1514 1496 1592 COSMOGRAPHICUM

862 1675 1006 1741 noran
1029 1673 1240 1739 annonis.

985 1867 1117 1877 ...q-..-

443 1991 470 2056 i)
487 2009 512 2059 p.
533 1989 557 2043 3.
594 1992 663 2044 luter
685 1993 851 2046 Maestlini
874 1993 1045 2058 manuscripta
1066 1994 1223 2059 natiyitatem
1248 1992 1379 2056 cujusdam
1404 1992 1509 2043 ioannis
1527 1990 1622 2040 Alherti
1646 1990 1732 2053 depre-

369 2066 514 2122 hendimur,
540 2067 612 2128 cuius
630 2066 693 2115 calci
711 2067 835 2131 inscripsit
852 2064 999 2116 Messalinus
1022 2064 1086 2114 haec
1104 2064 1193 2115 rerba:
1219 2063 1393 2129 astrologicam
1415 2063 1550 2126 iudicium,
1576 2060 1641 2127 quod
1660 2074 1677 2113 s
1694 2076 1734 2111 ms

369 2138 449 2202 petis,
467 2150 515 2202 ago
533 2137 640 2186 scrihere
658 2152 708 2186 non
726 2152 839 2201 possum,
864 2152 912 2186 neo
930 2136 989 2185 solo.
1028 2136 1172 2199 astrologus
1190 2151 1215 2184 η.
1235 2150 1284 2185 ηοη
1303 2150 1371 2194 sum,
1396 2135 1461 2200 quod
1480 2142 1507 2184 et
1523 2134 1621 2197 puhlioe
1640 2139 1667 2181 at
1682 2134 1733 2195 pri·

370 2208 447 2257 ratim
465 2221 541 2271 saepe
559 2208 711 2270 protertatus
729 2223 791 2258 runa
829 2207 873 2258 Ich
890 2207 940 2257 hab
958 2205 1023 2257 mich
1047 2207 1090 2257 der
1108 2206 1262 2273 Astrologie,
1287 2221 1361 2271 quam
1386 2212 1471 2257 tamen
1496 2212 1565 2257 recte
1587 2211 1733 2267 usurpatam

369 2279 455 2344 magni
473 2278 552 2334 facio,
571 2278 663 2329 niernal
680 2279 781 2330 konnen
799 2278 979 2344 underiangen.
1266 2300 1267 2303 ¹

442 2416 470 2481 2)
487 2434 512 2484 p.
532 2416 557 2467 9.
595 2416 621 2469 91
644 2420 698 2484 quis
720 2420 858 2470 uberiorem
881 2419 955 2483 huius
973 2420 1009 2469 rei
1028 2419 1263 2469 demonstrationem
1287 2418 1425 2476 desideret,
1450 2433 1506 2468 eum
1530 2417 1676 2483 ablegamus
1702 2416 1734 2467 ad

371 2504 431 2554 opus
459 2489 488 2540 G.
509 2489 534 2540 S.
557 2488 714 2555 mugelli,
739 2492 900 2554 inscriptum:
936 2489 1058 2541 Mathem.
1077 2490 1255 2548 winterbach,
1281 2504 1328 2541 neo
1351 2505 1401 2540 non
1425 2489 1457 2540 ad
1476 2488 1637 2540 Dalamhri
1655 2488 1732 2538 histo-

370 2563 433 2612 riam
452 2562 618 2613 astronomiae
636 2563 780 2612 recentioris
799 2562 855 2612 Vol.
875 2562 895 2612 1.
914 2577 939 2627 p.
960 2558 1011 2610 324
1030 2577 1065 2627 sq.

441 2699 470 2765 3)
488 2717 512 2767 p.
535 2699 575 2751 19.
614 2702 732 2764 Cometa,
758 2719 831 2769 quem
848 2705 946 2755 indicat
963 2700 1102 2768 Keplerus,
1122 2696 1270 2769 conspectos
1289 2709 1328 2753 est
1346 2716 1412 2752 anno
1433 2698 1517 2758 1377,
1541 2701 1608 2751 idem
1625 2700 1682 2756 illa.
1702 2700 1733 2751 ds

370 2788 417 2839 qno
436 2773 540 2836 Tyoho
559 2773 660 2826 Brahe
678 2775 765 2825 librum
783 2772 853 2826 illum
871 2791 942 2827 suum
960 2776 1085 2826 celebrem
1104 2777 1262 2840 conscripsit:
1282 2774 1321 2825 De
1334 2774 1420 2823 mundi
1433 2773 1543 2823 aetherei
1555 2772 1733 2822 recentioribus

370 2845 548 2910 phoenomenis
566 2846 628 2897 liber
646 2846 778 2897 secundus.
815 2847 884 2898 luter
903 2863 996 2905 omnes,
1015 2862 1076 2913 quos
1095 2847 1179 2910 Tycho
1198 2848 1224 2897 in
1241 2847 1289 2897 hoo
1308 2860 1381 2910 opere
1399 2849 1526 2900 recenset,
1545 2843 1733 2893 Massiliae

371 2916 504 2966 maximam
517 2917 603 2967 tribuit
620 2917 728 2978 laudem,
748 2933 804 2968 cum
817 2920 847 2969 ob
861 2919 993 2985 diligentes
1006 2918 1198 2975 ohservationes.
1218 2926 1272 2968 tum
1285 2918 1316 2967 ob
1335 2916 1497 2966 eruditionem
1516 2920 1542 2965 et
1559 2914 1733 2978 hypothesium

350 2989 576 3046 'concinnitatem
598 2990 746 3048 „neminem
766 2993 810 3048 ait,
826 2991 891 3041 inter
905 3006 998 3048 omnes,
1019 3006 1120 3056 quorum
1133 2992 1227 3055 scripta
1238 2990 1380 3052 inspexerit,
1400 2987 1518 3037 eruditius
1532 2994 1558 3036 et
1571 2986 1732 3050 ingeniosius,

369 3059 493 3109 neminem
512 3060 588 3110 etiam
606 3062 792 3111 convenientius
811 3068 838 3111 et
855 3062 1005 3126 probabilius
1031 3061 1062 3112 de
1084 3062 1133 3110 hoc
1156 3068 1255 3111 cometa
1277 3061 1427 3110 sententiam
1444 3058 1600 3122 protulisse.“
1639 3055 1729 3107 Obser-

369 3131 481 3180 vationes
500 3145 558 3180 suas
577 3130 724 3182 Maestlinus
743 3133 768 3182 in
787 3133 875 3196 oppido
893 3133 1036 3251 Baoknang
1058 3133 1084 3181 in
1108 3132 1200 3182 ducatu
1219 3130 1447 3195 wirtembergensi
1472 3130 1594 3186 instituit,
1619 3128 1662 3179 ubi
1680 3134 1733 3176 tum

369 3203 486 3264 temporis
504 3203 605 3265 parochi
622 3217 724 3253 munere
742 3203 893 3269 iungehttur
910 3200 989 3266 (ωηο
1005 3202 1015 3252 1
1038 3200 1111 3252 991η
1125 3204 1281 3254 academiam
1293 3200 1529 3267 Heidelbergensem
1543 3206 1569 3250 et
1581 3213 1647 3250 suno
1662 3194 1731 3248 158⁴

369 3271 510 3339 'subingam
522 3281 626 3323 vocatus
640 3281 686 3330 est,
705 3274 747 3323 uhi
760 3274 955 3324 mathematicae
968 3280 994 3324 et
1007 3276 1173 3324 astronomiae
1192 3273 1320 3325 docendas
1338 3275 1433 3323 muneri
1452 3271 1559 3335 praefuit
1578 3271 1611 3320 ad
1628 3276 1733 3319 mortem

368 3358 461 3408 nsquer
480 3350 554 3393 natus
573 3346 655 3394 estin
674 3345 762 3408 oppido
781 3346 928 3410 Goepplnga
946 3359 1012 3394 auno
1035 3342 1110 3401 1959,
1129 3353 1239 3396 mortuns
1258 3346 1282 3396 d
1306 3342 1344 3393 ill.
1364 3343 1422 3395 Oet
1443 3339 1521 3399 1931,
1540 3356 1635 3393 ωηηιη
1654 3337 1732 3407 agens

369 3411 475 3476 91ηηη);
494 3416 679 3465 ohservationes
696 3415 752 3465 illas
770 3414 861 3478 publici
876 3417 938 3478 juris
956 3416 1017 3465 iecit
1034 3415 1182 3479 inscriptas:
1213 3414 1359 3468 observatio
1378 3421 1404 3465 et
1422 3415 1600 3467 demonstratio
1619 3418 1733 3464 comatae

370 3485 495 3544 aetherei,
522 3487 563 3550 qui
591 3488 663 3535 aunis
683 3482 717 3533 77
736 3492 763 3536 et
781 3483 815 3534 79
834 3488 982 3536 constitutus
1008 3487 1034 3535 in
1057 3487 1164 3549 sphaera
1183 3487 1319 3545 „Venerist
1346 3488 1477 3552 apparuit.
1501 3500 1558 3535 cum
1581 3483 1733 3535 admirandis

370 3559 423 3619 eius
441 3558 606 3621 passionibus.
624 3557 746 3607 varietate
765 3571 800 3606 sc.
819 3564 909 3615 motus,
928 3558 982 3607 loeo
1001 3555 1048 3608 9ο.
1077 3557 1139 3607 Tuh.
1161 3556 1238 3608 1579.
1275 3559 1312 3609 Ea
1328 3557 1378 3609 hac
1396 3558 1556 3622 inscriptione
1574 3555 1665 3613 elucet.
1685 3569 1734 3621 qua

369 3642 396 3678 rs
413 3636 495 3678 motrrs
513 3627 637 3692 Keplerus
658 3627 705 3686 „de
724 3627 829 3678 Cometa
846 3633 903 3678 tuo
922 3628 1053 3680 Venereo“
1073 3630 1204 3694 scripserit

440 3765 470 3835 9)
487 3784 511 3833 p.
534 3766 574 3817 lt.
611 3768 842 3820 Hohenlelderi
860 3771 955 3821 nobiles
972 3772 1098 3823 Arauisci
1117 3769 1173 3833 (hili
1192 3772 1275 3822 hostii
1293 3769 1469 3822 Hohenielderi
1487 3771 1512 3820 in
1526 3767 1688 3820 hittenheim
1707 3774 1733 3820 et

370 3838 489 3906 Almegk)
508 3847 561 3891 tum
578 3842 695 3904 temporis
713 3837 729 3890 9
745 3841 842 3900 tramea
862 3841 1033 3908 wolfgangus.
1053 3843 1200 3900 Ludorious.
1220 3848 1246 3892 et
1258 3841 1368 3898 Marcus,
1387 3842 1518 3908 Tnbingas
1535 3841 1613 3891 literis
1631 3854 1734 3905 operam

370 3911 478 3972 dabant,
499 3912 698 3975 praeceptoribus
711 3919 810 3963 ntentm
822 3912 898 3963 isich.
913 3913 1088 3979 Zieglero‚
1110 3915 1224 3979 phyriona
1240 3915 1385 3978 professore.
1409 3919 1435 3963 et
1445 3912 1502 3962 Vito
1515 3912 1658 3969 hihllsro,
1677 3926 1733 3976 pro·

369 3982 461 4033 iessore
479 3982 579 4047 liuguae
597 3982 692 4034 latinae
710 3991 736 4034 et
753 3998 869 4050 graecas
900 3985 1040 4036 Ludorious
1054 3987 1080 4037 iu
1092 3985 1220 4036 Hauschio
1238 3988 1337 4050 saepius
1356 3986 1470 4041 occurrit
1488 3985 1554 4034 inter
1571 3984 1669 4050 legatos
1687 3997 1731 4033 no·

368 4055 479 4103 minatur
489 4067 618 4116 procerum
630 4055 761 4113 austriam
781 4054 943 4122 Woligangus
958 4065 984 4107 et
996 4056 1136 4108 Ludorious
1149 4070 1215 4106 anuo
1230 4054 1298 4106 1599
1311 4057 1424 4122 praeside
1443 4054 1616 4107 Maestllno
1634 4054 1732 4119 publice

369 4131 548 4189 proposuerunt
564 4131 614 4175 tres
632 4127 826 4189 disputationes:
852 4125 879 4190 1)
899 4127 938 4178 De
958 4127 1112 4185 Climatihua
1131 4129 1250 4192 perioeoia
1268 4127 1314 4179 dtc.
1350 4125 1380 4185 2)
1400 4127 1439 4177 De
1457 4127 1544 4177 diehm
1562 4126 1733 4177 artificialibus

370 4202 397 4246 at
413 4195 576 4245 naturalibus.
612 4194 640 4257 3)
659 4198 699 4249 De
718 4200 801 4255 aonis3
820 4199 880 4249 item
899 4214 965 4250 anno
981 4196 1048 4250 1393
1068 4200 1130 4264 disp.
1145 4199 1176 4248 de
1189 4201 1282 4257 anima.
1301 4200 1415 4264 praeside
1434 4198 1580 4248 Lieblero
1598 4197 1658 4262 phil.
1677 4203 1731 4246 nat

369 4266 447 4332 prol.;
467 4274 494 4317 et
511 4267 572 4331 disp.
592 4268 713 4334 logicam:
732 4270 763 4320 ds
781 4270 999 4327 demonstratione.
1018 4286 1099 4335 praes.
1121 4272 1150 4320 Δ.
1165 4270 1328 4328 Planero‚
1347 4270 1412 4320 med.
1434 4275 1460 4320 et
1477 4269 1565 4333 philos¹
1585 4269 1730 4331 professore.

369 4337 470 4389 Marcus
488 4340 614 4402 proposuit
631 4354 655 4390 a
677 4338 745 4390 1999
768 4341 881 4405 praeside
900 4338 1087 4392 Maestlino'
1110 4342 1171 4406 disp.
1197 4341 1228 4391 de
1248 4341 1396 4407 Eciipsihus,
1421 4348 1448 4390 et
1469 4354 1551 4405 praes.
1572 4340 1732 4405 Zieglero

267 4440 271 4447 ·
371 4409 433 4474 disp.
452 4409 582 4474 physicam
599 4411 631 4462 de
649 4411 722 4462 Viso.

442 4548 470 4613 9)
489 4566 512 4615 p.
535 4550 576 4602 11.
612 4552 852 4618 christophorus
870 4552 1038 4611 Beseldus‚
1065 4554 1167 4619 Kepleri
1190 4554 1271 4605 affinis
1296 4552 1364 4618 (ride
1382 4555 1468 4604 literas
1486 4553 1588 4604 Beaoldi
1606 4554 1632 4603 in
1651 4550 1732 4617 praei.

371 4621 403 4672 ad
425 4619 512 4687 opt),
535 4625 656 4687 proiessor
681 4624 723 4675 ille
744 4625 908 4692 Tubingansia
937 4624 1006 4687 (inde
1029 4626 1061 4676 ah
1083 4640 1149 4676 sono
1172 4623 1271 4687 itio),
1298 4627 1340 4692 qui
1364 4633 1464 4676 mutata
1487 4626 1537 4675 hde
1565 4638 1632 4675 anno
1666 4620 1732 4674 1939

370 4693 445 4751 elam,
464 4707 529 4744 anno
550 4691 617 4745 1939
635 4696 721 4761 palam
738 4697 868 4747 formulam
880 4695 1037 4748 catholicam
1051 4698 1178 4762 amplexus
1193 4704 1240 4747 est.
1269 4697 1419 4761 Disputatio,
1439 4710 1514 4762 qnam
1527 4697 1587 4746 dicit
1599 4696 1731 4760 Koplarua,

370 4780 420 4815 non
437 4766 503 4829 typis
520 4768 641 4830 impressa
658 4782 713 4817 esse
731 4768 843 4825 rideturr
861 4768 926 4818 redit
944 4768 977 4817 ad
996 4782 1052 4817 eam
1064 4768 1188 4833 Koplsros
1206 4770 1232 4818 in
1251 4768 1434 4819 Dissertatione
1453 4783 1509 4818 oum
1526 4769 1618 4818 nuncio
1637 4767 1731 4817 sidereo

371 4841 398 4886 et
415 4838 441 4886 in
458 4837 556 4887 Astron.
571 4838 673 4899 Lunari,
691 4838 797 4904 indeque
815 4846 895 4903 patet,
913 4838 1050 4902 Keplernm
1067 4840 1093 4889 in
1111 4841 1163 4897 ills.
1183 4839 1351 4905 Pythagoram
1370 4848 1395 4890 et
1408 4838 1567 4909 Plutarchum
1587 4836 1632 4902 (de
1645 4838 1731 4888 Lunae

370 4903 448 4972 iacis)
466 4914 591 4969 secutum,
613 4909 644 4958 de
662 4910 751 4962 Lunae
770 4924 884 4977 corpore.
904 4911 1021 4968 materia,
1040 4911 1128 4961 incolis
1145 4910 1240 4963 iusisse.
