3838 5824
377 398 442 482 '142
885 414 997 479 uaeas
1017 412 1215 482 cosmographia

377 573 544 656 octaoguli,
576 581 647 636 snut
669 573 700 635 in
723 574 819 653 pedu
842 573 1003 636 remotiore
1027 583 1059 636 et
1081 573 1283 639 irrationales.
1330 570 1367 648 3)
1396 571 1512 650 Causa,
1543 574 1613 655 quia
1640 574 1737 636 trinus

377 684 443 727 oum
467 662 579 732 sextili,
605 663 783 744 quadratum
806 666 873 725 cuni
898 663 1045 742 quadrato
1069 664 1202 726 efficiunt
1222 671 1337 726 rectum
1357 663 1508 743 angulum,
1533 662 1609 725 radii
1633 662 1739 744 reliqui

377 752 459 814 nullo
482 759 573 832 pacto
597 771 663 812 oum
687 750 750 812 ulla
779 759 901 830 recepta
926 752 1016 814 linea.
1063 746 1099 824 4)
1128 751 1358 831 ImperfectaB
1386 751 1485 813 mollis
1515 759 1563 813 est
1590 752 1737 831 quodam·

377 841 465 903 modo
488 839 643 918 perfecta,
679 839 749 919 quia
781 839 875 901 utitur
902 840 1007 901 eadem
1037 839 1183 902 divisione
1212 859 1279 902 oum
1308 840 1451 921 perfectis
1479 848 1511 902 et
1538 848 1587 901 est
1615 839 1739 901 dimidia

378 929 492 1010 quinta.
528 926 627 991 „Unde
651 946 709 988 non
733 927 853 1003 mirum,
886 928 981 988 solam
1004 947 1041 988 ex
1065 927 1248 1008 imperfectis
1272 929 1453 1008 respondere
1478 928 1614 1009 aspectui
1638 928 1737 1003 alicui,

378 1036 420 1079 so.
447 1015 565 1089 sextili,
598 1014 648 1094 qui
677 1015 780 1077 itidem
809 1024 858 1077 est
886 1016 1026 1077 dimidius
1055 1017 1162 1078 trinus.
1210 1015 1339 1079 Ceterae
1369 1016 1447 1078 enim
1475 1036 1530 1079 nec
1555 1026 1645 1094 aptae
1670 1024 1740 1078 sunt

377 1105 407 1166 in
431 1102 660 1179 duodenarium,
698 1123 753 1164 nec
781 1104 908 1183 perfecti
936 1104 1063 1184 alicujus
1090 1124 1161 1184 pars
1189 1113 1268 1168 sunt.
1316 1103 1351 1179 5)
1379 1105 1517 1185 Denique
1545 1125 1600 1166 sex
1629 1104 1740 1185 trigoni

378 1194 499 1272 anguli,
516 1199 645 1272 quatuor
668 1191 816 1273 quadrati,
842 1200 904 1253 tres
919 1192 1085 1272 sexanguli,
1112 1202 1144 1255 et
1166 1194 1281 1256 duobus
1305 1194 1499 1256 semicirculis
1523 1194 1740 1273 comprehensa

287 1276 295 1301 '
378 1283 435 1344 duo
460 1280 562 1361 spatia
585 1279 711 1359 implent
733 1298 851 1341 omnem
874 1281 902 1341 in
932 1281 1058 1359 planitie
1084 1281 1190 1343 locum.
1237 1282 1282 1343 At
1303 1290 1366 1344 tres
1390 1282 1491 1361 anguli
1515 1281 1544 1342 in
1569 1281 1736 1362 quinquan-

378 1370 448 1451 gulo
479 1369 609 1430 minores
638 1376 708 1429 sunt
741 1376 869 1448 quatuor
901 1368 1010 1442 rectis,
1047 1378 1176 1449 quatuor
1208 1378 1279 1431 sunt
1306 1369 1448 1448 majores.
1494 1370 1582 1434 Unde
1611 1377 1644 1431 et
1665 1369 1741 1431 illud

332 1454 335 1461 ’
376 1466 477 1540 patet,
507 1476 599 1537 qnare
623 1474 678 1517 neo
701 1457 974 1536 octangularis,“)
1003 1476 1057 1517 uec
1081 1456 1354 1537 duodecaugularis
1378 1454 1552 1534 radius‚¹'¹)
1583 1476 1638 1520 nec
1661 1457 1740 1520 ullus

377 1545 560 1625 reliquorum
575 1551 724 1623 operetur.
761 1544 864 1625 Atque
887 1544 936 1606 hic
959 1545 1023 1606 fere
1047 1565 1154 1625 separo
1180 1566 1288 1608 causas
1313 1554 1489 1628 aspectuum
1512 1567 1532 1607 a
1549 1546 1649 1608 causis
1665 1564 1740 1607 con-

378 1629 600 1707 cordiarum.¹¹)
639 1629 730 1693 Certe
754 1630 832 1693 enim
858 1652 933 1713 qnae
959 1653 997 1694 ex
1021 1635 1139 1713 angulis
1162 1635 1207 1708 fit,
1230 1634 1361 1715 genuina
1384 1634 1477 1696 radiis
1502 1642 1550 1696 est
1573 1633 1739 1697 ratiocina-

378 1719 495 1796 tic;¹¹)
519 1739 587 1782 cum
611 1727 734 1799 propter
757 1721 898 1798 angulum
921 1721 950 1783 in
974 1730 1084 1802 puncto
1109 1723 1274 1805 superficiei
1303 1722 1456 1783 Terrenus
1481 1725 1603 1798 facturn,
1628 1724 1658 1785 in
1683 1741 1740 1803 quo

378 1810 550 1883 miscentur,
577 1809 691 1870 existat
714 1809 860 1888 operatio,
886 1829 944 1870 nou
970 1828 1041 1872 nero
1065 1820 1189 1891 propter
1212 1811 1337 1891 figuram
1360 1810 1390 1872 in
1410 1812 1534 1874 zodiaco
1554 1812 1664 1875 circulo
1684 1811 1740 1872 de·

378 1898 541 1978 scriptam,
577 1915 653 1975 quae
687 1897 902 1975 imaginatione
934 1898 1035 1977 potius
1066 1916 1153 1977 quam
1183 1899 1225 1960 rei
1249 1899 1378 1961 veritate
1403 1908 1533 1962 constat.
1544 1897 1576 1976 ll)
1622 1896 1740 1962 Divisio

377 2005 450 2046 uero
474 1984 541 2045 fidis
564 2003 619 2045 nec
643 1983 672 2044 iu
701 1984 811 2045 circulo
842 1984 890 2060 lit,
924 2005 979 2047 nec
1007 1987 1124 2064 augulis
1154 1987 1267 2061 utitur,
1303 1989 1355 2049 sed
1386 1988 1525 2069 inplauo
1549 1998 1741 2069 porrectam

379 2074 489 2134 lineam
511 2071 672 2152 perficitur.
721 2073 853 2133 Possunt
877 2081 977 2133 tamen
1003 2073 1192 2136 nihilomiuus
1223 2084 1256 2136 et
1286 2077 1518 2138 concordantiae
1543 2088 1574 2139 et
1598 2085 1741 2157 aspectus

378 2161 489 2222 habere
513 2178 666 2222 commune
692 2160 780 2239 quid,
806 2161 884 2240 quod
908 2161 1014 2222 eadem
1038 2162 1175 2243 utrinque
1200 2170 1356 2238 causatur,
1381 2174 1414 2225 ut
1438 2184 1529 2243 supra
1553 2166 1741 2236 dictumffl)

378 2249 413 2311 Id
439 2267 509 2310 sero
538 2247 666 2309 aliorum
694 2248 861 2310 industriae
890 2248 1023 2329 relinquo
1048 2251 1251 2312 scrutandum.
1298 2251 1466 2314 Ptolemaei
1489 2254 1621 2328 Musica,
1665 2271 1741 2333 quae

378 2336 637 2417 Regiomontanus
656 2354 724 2397 cum
744 2336 933 2416 expositione
954 2337 1111 2420 Porphyrii
1135 2339 1270 2401 editurus
1294 2348 1370 2415 erat,
1397 2341 1450 2402 sed
1475 2343 1605 2403 noudum
1630 2359 1742 2409 excusa

380 2424 539 2489 Cardenus
564 2424 691 2498 asserit,
723 2424 753 2486 in
785 2425 841 2485 hac
869 2426 998 2497 materia
1024 2428 1128 2506 procul
1157 2427 1246 2489 dubio
1269 2438 1438 2492 versantur.
1450 2433 1495 2505 ¹1²)
1529 2421 1621 2492 'vida
1645 2430 1740 2492 etiam

380 2514 450 2593 quid
474 2532 511 2574 ex
533 2510 670 2575 Euclidis
694 2512 819 2575 Musicis
843 2512 901 2575 huc
925 2514 1029 2576 referri
1052 2517 1236 2595 possit.⁰⁰)·

799 2688 845 2751 IN
868 2687 1008 2752 CAPUT
1030 2686 1321 2754 DUODEOIMUM

904 2810 1019 2862 nosse
1039 2811 1215 2864 socruum.

460 2912 492 2986 a)
512 2919 574 2972 Hoc
586 2917 682 2972 thema
696 2935 734 2972 ex
747 2918 873 2988 professo
887 2920 1007 2973 tractari
1022 2920 1049 2974 iu
1063 2921 1135 2974 libro
1149 2923 1183 2974 de
1198 2922 1284 2976 stella
1297 2939 1376 2986 nova,
1400 2922 1483 2994 inque
1496 2941 1630 2995 responso
1645 2928 1679 2981 ad
1694 2930 1743 2983 ob·

374 2998 455 3068 jecta
472 2998 594 3061 Rtsliui;
618 3014 716 3067 nempe
731 3006 850 3069 quatuor
864 2999 973 3069 quidem
993 3000 1086 3054 circuli
1108 3000 1214 3055 zodiaci
1228 3004 1398 3073 quadrantes
1418 3004 1565 3061 monstrari
1579 3022 1598 3061 a
1611 3008 1743 3063 conditio·

378 3080 460 3134 nibus
474 3079 589 3132 duorum
602 3084 732 3141 motuum,
757 3079 846 3133 diurni
861 3086 891 3133 et
901 3079 973 3133 Solis
988 3079 1081 3143 annui,
1107 3095 1175 3149 quas
1200 3089 1353 3150 sequuntur
1376 3083 1461 3137 etiam
1483 3084 1592 3140 luminis
1616 3093 1646 3141 et
1668 3089 1743 3142 cale·

379 3157 507 3213 lectionis
530 3164 638 3211 metae:
669 3164 701 3211 at
723 3161 906 3227 quadrantum
927 3158 1101 3229 singulorum
1125 3159 1337 3215 subdivisionem
1360 3161 1388 3215 in
1408 3167 1490 3216 terna
1514 3166 1639 3235 praecise
1662 3168 1745 3240 signs

379 3238 448 3291 nihil
462 3237 522 3290 tale
536 3254 588 3290 nec
600 3255 638 3290 ex
651 3242 727 3289 motu
742 3254 793 3289 nec
806 3254 843 3290 ex
857 3238 961 3291 viribus
976 3238 1088 3300 habere,
1104 3238 1183 3306 cujus
1198 3241 1312 3293 effectus
1327 3241 1433 3294 censeri
1447 3245 1545 3312 possit,
1566 3246 1619 3299 nisi
1633 3253 1742 3302 tantum

379 3314 618 3388 generalissimam
641 3314 717 3367 illam
738 3315 947 3377 distinctionem,
973 3316 1070 3383 quanti
1092 3315 1306 3388 uuiuscujusque
1330 3318 1357 3373 in
1380 3319 1551 3391 principium,
1577 3325 1693 3381 medium
1714 3336 1744 3382 et

377 3396 471 3447 linem:
497 3409 565 3464 quas
580 3400 674 3446 tamen
687 3401 784 3463 partes
799 3394 877 3447 nulla
891 3393 1042 3446 necessitas
1062 3393 1147 3463 jubet
1165 3398 1297 3466 aequales
1312 3415 1373 3452 esse
1398 3415 1431 3452 ac
1452 3418 1486 3454 ue
1510 3412 1605 3473 partes
1620 3406 1742 3476 quideme

379 3472 481 3528 suflicit
495 3472 575 3535 enim,
600 3477 633 3525 ut
645 3487 703 3540 ‘pro
717 3472 805 3525 medio
820 3477 968 3526 censeatur
981 3478 1043 3526 tota
1057 3475 1217 3542 quadrantis
1240 3476 1324 3542 linea,
1348 3496 1400 3547 pro
1420 3481 1554 3553 principio
1575 3491 1605 3538 et
1621 3485 1676 3540 line
1690 3489 1743 3542 duo

379 3553 472 3606 lineae
487 3550 596 3605 termini
610 3567 661 3603 seu
674 3559 787 3620 puncta,
803 3564 875 3620 qnae
889 3568 943 3605 non
958 3558 1024 3606 sunt
1036 3569 1103 3623 pars
1118 3556 1151 3608 de
1165 3554 1249 3610 linea.

459 3628 489 3696 b)
505 3622 639 3686 ‘Ridicula
660 3630 726 3683 mihi
749 3630 889 3684 sententia
911 3631 1022 3695 excidit,
1047 3649 1113 3687 vere
1136 3651 1191 3689 non
1206 3637 1356 3692 sententia
1399 3639 1470 3701 Quid
1491 3642 1562 3697 enim
1576 3651 1629 3707 est,
1653 3646 1744 3702 nihil

379 3717 521 3782 praeter
534 3707 667 3763 omnia?
708 3709 877 3773 Numeratiu,
900 3711 972 3766 actio
986 3713 1094 3778 mentis,
1110 3716 1271 3784 supervenit
1283 3718 1367 3771 rebus
1381 3718 1515 3785 omnibus,
1535 3722 1633 3778 divinis
1648 3733 1678 3781 et
1690 3728 1742 3781 hu·

378 3790 484 3846 mauis:
508 3790 595 3853 nulla,
611 3806 646 3842 ue
659 3789 801 3843 levissima
815 3789 923 3861 quidem
937 3791 1076 3847 distinctio
1090 3801 1143 3859 est,
1168 3812 1218 3849 seu
1232 3797 1326 3860 realis,
1350 3815 1400 3852 seu
1418 3799 1608 3856 intentionalis
1631 3802 1680 3872 (sit
1693 3806 1744 3860 illa

379 3870 485 3942 primae
499 3869 546 3923 rel
556 3870 702 3934 secundae,
718 3870 764 3923 sel
779 3869 888 3934 tertiae,
904 3873 949 3926 vel
964 3880 1067 3942 quotae
1082 3874 1155 3928 libet
1167 3872 1343 3946 intentionis)
1363 3894 1434 3948 quae
1449 3894 1503 3933 non
1517 3885 1656 3952 quandam
1669 3885 1743 3940 simi·

380 3949 525 4004 litudinens
545 3949 652 4002 habeat
674 3965 734 4003 cum
757 3948 890 4004 dunione
913 3959 1008 4006 rectae
1027 3953 1055 4007 in
1078 3962 1184 4022 partes.
1226 3956 1304 4021 Vide,
1328 3973 1399 4027 quae
1423 3960 1456 4012 de
1471 3961 1588 4015 numeris
1604 3963 1744 4034 disputari

379 4029 428 4083 lib.
444 4029 491 4082 lV.
506 4027 733 4083 Harmonicorum
747 4030 852 4098 Capi
893 4031 954 4085 Hoc
973 4041 1067 4087 autern
1088 4033 1154 4086 mihi
1168 4041 1230 4089 erat
1249 4036 1276 4089 iu
1292 4036 1391 4102 animo,
1416 4055 1476 4093 oum
1490 4039 1562 4094 hanc
1576 4045 1743 4099 seutentiam

380 4108 565 4177 conciperem:
589 4108 716 4179 quidquid
730 4117 892 4164 numeratur
906 4128 925 4165 a
938 4113 1016 4166 nobis
1032 4106 1159 4184 (praeter
1173 4115 1278 4169 divinas
1293 4133 1433 4185 personas>
1448 4118 1476 4172 in
1489 4119 1536 4173 SS.
1552 4120 1701 4190 Trinitate)
1716 4125 1743 4178 id

380 4194 537 4257 respectum
551 4188 671 4258 aliquem
685 4189 791 4244 habere
806 4190 1029 4260 quantitativum,
1044 4194 1145 4246 saltem
1158 4193 1186 4247 in
1200 4193 1354 4250 intentione
1368 4199 1548 4255 numerantis.

461 4262 489 4334 c)
513 4267 568 4321 Per.
582 4266 805 4338 imaginationem
819 4271 898 4339 plani
911 4288 963 4341 per
972 4273 1108 4326 sectiones
1123 4273 1188 4327 illas
1203 4274 1324 4330 latemm
1341 4283 1372 4329 et
1390 4294 1442 4346 per
1455 4284 1578 4333 centrum
1590 4282 1743 4353 figurarum

381 4346 499 4401 omniurn
513 4347 634 4401 traducti
658 4357 687 4402 et
707 4365 795 4420 usque
809 4351 860 4404 sub
879 4352 951 4405 fixas
974 4352 1094 4416 extensi,
1119 4353 1199 4422 cnjus
1223 4356 1309 4410 sectio
1324 4370 1384 4410 cum
1398 4358 1520 4425 sphaera
1532 4360 1650 4416 fixarum
1663 4364 1743 4419 nobis

380 4426 493 4497 peperit
506 4426 534 4481 in
548 4427 727 4498 conceptione
741 4429 793 4482 illa
806 4430 971 4499 eclipticam.

462 4500 494 4576 d)
517 4507 546 4561 si
564 4506 691 4563 nimimm
708 4526 747 4563 ex
760 4516 855 4564 centro
869 4510 1003 4564 communi
1017 4512 1169 4582 liguransm
1181 4520 1277 4569 rectae
1294 4531 1346 4584 per
1359 4515 1497 4572 sectiones
1511 4518 1576 4574 dicti
1589 4521 1668 4591 plani
1682 4539 1743 4578 curu

381 4584 517 4640 lateribus
531 4587 681 4658 rgentum
695 4588 842 4658 ejiciantur
854 4606 941 4660 usque
955 4592 1006 4645 sub
1020 4592 1105 4655 flxasr
1121 4595 1274 4649 addendum
1287 4603 1394 4649 autem:
1414 4596 1442 4651 Si
1457 4598 1543 4653 etiam
1556 4617 1650 4656 omues
1664 4603 1742 4673 quin-

381 4682 435 4737 que
457 4666 566 4737 igrsrae
588 4667 642 4721 tali
663 4668 813 4740 irregulari
836 4670 892 4724 situ
914 4669 1029 4726 invicem
1051 4679 1230 4743 coaptentur,
1265 4680 1298 4727 ut
1319 4673 1492 4746 singularum
1515 4678 1628 4750 singula
1650 4683 1744 4738 latera

381 4744 550 4800 sectionibus
564 4746 622 4800 auis
636 4754 712 4801 stem
725 4748 754 4803 in
766 4764 824 4802 una
837 4749 889 4803 tali
902 4756 981 4804 recta
993 4751 1082 4806 linea:
1105 4759 1171 4808 tuno
1189 4754 1260 4808 euim
1279 4753 1407 4809 zodiacus
1427 4757 1613 4832 distinguetur
1635 4760 1663 4816 in
1677 4779 1741 4832 par·

382 4831 426 4881 ses
440 4825 522 4891 tales,
547 4841 616 4897 quas
635 4843 690 4881 non
704 4827 817 4882 metitur
837 4828 889 4883 nisi
904 4835 1014 4885 centum
1028 4836 1058 4885 et
1071 4831 1202 4886 uicesima
1219 4832 1316 4887 totius.
1359 4835 1426 4889 Cum
1446 4843 1539 4892 autem
1552 4838 1622 4893 situs
1637 4841 1691 4896 iste
1706 4841 1744 4896 sit

381 4904 555 4978 hemeris,
577 4906 716 4978 regularis
731 4923 797 4961 vero
819 4926 870 4979 per
891 4912 1009 4981 angulos
1024 4913 1188 4966 dudecatdri
1212 4919 1242 4966 et
1264 4912 1400 4970 icccaedri
1424 4923 1538 4972 octonos
1561 4921 1691 4993 utrinque
1714 4922 1743 4975 in
