3786 5808
395 492 427 528 ne
445 477 590 541 peritissimo
608 477 706 541 quidam
724 475 812 526 artifici
830 476 958 536 hamanus,
977 479 1015 527 rel
1032 491 1077 540 per
1093 477 1248 530 insomnium,
1266 475 1293 523 in
1310 478 1418 523 mentem
1436 475 1510 523 veuit
1538 471 1595 522 lam
1608 486 1668 522 raro
1680 471 1746 536 Kap-

395 550 459 598 Ierns
477 554 561 597 noster
578 548 735 597 solertissimo
755 563 784 597 ex
803 549 939 612 geometria
955 550 1054 597 invento
1073 549 1165 598 orbium
1184 561 1228 597 seu
1246 545 1403 610 sphaerarum
1421 544 1564 595 coelestium
1579 550 1677 594 certum
1694 543 1746 592 lini·

395 628 495 683 tumque
515 634 642 669 nnmerum
661 627 688 669 et
705 620 823 674 ordinem,
843 623 916 682 atque
933 621 999 684 qnod
1015 620 1147 669 maximnm
1167 626 1212 679 est,
1232 625 1325 667 certam
1342 616 1547 681 magnitudinum,
1568 616 1636 664 sieut
1653 619 1681 665 et
1697 629 1746 663 mo-

395 699 480 747 tuum,
500 691 533 741 ad
550 706 578 740 se
594 700 679 741 mutuo
697 691 876 754 proportionem
893 692 984 749 uadit,
1008 699 1034 741 ct
1050 690 1123 755 paulo
1142 691 1216 740 sitim
1234 696 1314 739 sumto
1331 689 1400 738 initio
1419 688 1539 743 ostendit,
1562 686 1631 750 quod
1649 684 1749 737 Creator

395 762 464 812 Dens
477 761 534 825 Ops
548 760 614 811 Max.
634 764 659 811 in
677 762 762 811 mundi
781 762 912 821 creatione,
930 766 1003 825 juxta
1019 764 1124 827 quinque
1142 761 1290 827 regularium
1309 774 1434 823 corporum
1452 759 1670 823 geometricorum,
1689 756 1748 808 alias

396 833 506 883 omnibus
524 835 655 897 geometris
673 834 861 887 notissimorum,
878 835 1066 898 proportionem,
1085 833 1202 897 sphaeras
1219 832 1337 882 coelestes
1354 830 1455 880 mobiles
1472 830 1646 885 fabricaverit,
1664 834 1748 879 artam

395 905 474 962 derit,
494 904 653 966 disposuerit,
685 904 839 953 adornaverit
861 911 887 954 et
905 905 1059 956 ordinaverit.
1096 907 1177 968 Atque
1194 903 1260 953 lranc
1278 903 1427 952 amtentism
1445 903 1496 964 ipsc
1514 916 1566 950 non
1583 900 1687 965 logicis,
1704 915 1749 950 nac

395 976 489 1027 laribus
502 982 547 1025 aut
559 975 647 1032 dubiis,
666 976 704 1025 vel
717 975 830 1030 anilibus,
847 975 924 1024 multo
936 977 1016 1025 minus
1035 976 1122 1026 alienis
1140 981 1214 1039 atque
1232 974 1264 1023 ad
1276 974 1425 1037 propositum
1436 988 1508 1022 suum
1518 972 1642 1022 nolenter
1654 971 1750 1021 adactis

297 1038 299 1042 ⁸
395 1047 551 1110 coniecturis,
569 1048 613 1096 sed
631 1047 757 1113 gannim,
776 1048 956 1110 propriissimis,
975 1055 1027 1096 taur
1044 1062 1075 1097 ex
1092 1063 1174 1097 rerum
1191 1052 1292 1104 natura,
1312 1058 1387 1108 quam
1405 1059 1435 1094 ex
1451 1045 1591 1109 geometria
1609 1043 1749 1106 depromtis,

378 1118 482 1182 ‘quibus
501 1118 635 1168 contadici
653 1134 702 1168 non
720 1124 809 1181 potest,
829 1119 963 1168 ratiociniis
982 1118 1118 1169 confirmat.
1156 1117 1264 1178 Quorum
1281 1116 1432 1179 potissimum
1450 1121 1496 1171 est,
1519 1115 1711 1181 eiegaumsins
1725 1120 1751 1165 at

395 1190 541 1239 snansmna
557 1189 694 1246 harmonia,
713 1197 739 1239 et
757 1202 895 1240 contenent
913 1196 1047 1240 concentus
1067 1189 1156 1240 cuiculi
1175 1188 1330 1239 astronomici
1349 1202 1378 1236 er
1391 1187 1603 1237 coronationibus
1619 1189 1674 1248 iam
1692 1192 1750 1235 anta

394 1261 492 1323 proditi,
511 1275 567 1310 cum
585 1263 691 1325 quinque
708 1261 856 1325 regularium
874 1276 1001 1324 corporum
1018 1262 1180 1310 diastematis.
1210 1258 1315 1319 Quantis
1329 1259 1394 1307 enlm
1409 1258 1543 1308 intervallis
1561 1257 1687 1321 sphaerae
1705 1258 1750 1307 cir·

395 1332 559 1395 cumscriptae
577 1333 638 1382 cubo
657 1347 701 1382 sen
719 1331 855 1385 hmabdro,
877 1333 998 1394 pyramidi
1015 1346 1060 1381 seu
1078 1332 1216 1387 tetraadro,
1234 1328 1402 1387 dodecaedro,
1420 1329 1564 1387 icosabdro,
1585 1329 1718 1385 octatdro,
1735 1341 1752 1377 a

395 1401 504 1466 sphaeris
522 1402 561 1452 his
579 1404 666 1454 iisdem
684 1404 823 1466 corporibus
841 1403 963 1467 inscriptis
982 1404 1108 1469 sigdlshm
1119 1404 1227 1459 distmt3
1246 1406 1319 1450 tanta
1336 1403 1413 1450 etiam
1429 1402 1563 1451 intersutia
1581 1402 1649 1450 inter
1666 1399 1750 1464 plaus-

395 1475 472 1523 tarias
489 1475 608 1539 sphaeras
626 1489 657 1525 ex
674 1476 759 1524 ordinm
776 1475 921 1538 interposita
939 1489 994 1525 esse
1013 1475 1192 1525 mmcnomicae
1203 1473 1385 1522 numerationes
1404 1472 1535 1537 (qnantum
1548 1471 1650 1536 quidem
1664 1471 1695 1520 ab
1708 1470 1750 1526 cis,

394 1544 481 1607 quibus
500 1561 549 1595 non
567 1560 649 1609 pauca
667 1546 747 1596 adhuc
770 1545 875 1596 deiicere
898 1560 970 1595 neruo
993 1546 1202 1596 observationibus
1219 1545 1329 1593 intentus
1346 1545 1441 1601 noant,
1466 1544 1514 1593 huc
1532 1558 1613 1607 usquc
1631 1542 1751 1606 praestari

393 1617 473 1678 potuit
496 1624 540 1666 aut
563 1619 707 1681 praestitum
731 1614 779 1674 est)
799 1617 931 1667 clarissime
949 1617 1068 1668 indicant.
1108 1617 1146 1667 Ab
1164 1617 1212 1666 hoc
1229 1616 1304 1680 igitur
1320 1620 1442 1677 tempore,
1468 1615 1510 1678 qni
1527 1615 1655 1664 coelorum
1673 1617 1751 1663 metm

393 1687 488 1748 plenior
506 1689 643 1752 inquirere,
668 1696 776 1752 atquae
795 1690 821 1738 iu
840 1689 990 1738 metonomia
1008 1689 1089 1739 adhuc
1106 1700 1198 1738 manca
1222 1691 1294 1744 sunt,
1320 1686 1420 1736 reficere
1446 1686 1661 1751 etredintegrare
1679 1684 1751 1740 relat,

392 1758 468 1807 habat
483 1761 536 1821 jam
555 1760 572 1808 d
588 1761 661 1823 priori
682 1765 811 1824 patentem
826 1763 939 1821 januam,
959 1772 1008 1822 qna
1025 1761 1185 1825 ingrediatur,
1203 1759 1279 1809 habet
1296 1758 1457 1808 rectissimam
1475 1772 1597 1818 normam,
1618 1757 1750 1822 adquam,

308 1885 310 1888 y
394 1844 440 1879 ceu
458 1830 492 1880 ad
509 1830 614 1893 Lydium
631 1831 752 1895 lapidem,
781 1845 866 1881 omncs
885 1845 943 1880 suas
966 1831 1164 1891 observationes,
1191 1837 1317 1892 totumque
1342 1829 1464 1880 οοΙοιιΙιιιιι
1489 1831 1625 1880 examinet.
1663 1828 1751 1880 Merito

393 1901 468 1966 igitur
481 1894 564 1950 nostr'o
577 1902 660 1952 seculo
680 1903 710 1951 de
723 1903 770 1952 hoc
783 1902 981 1952 excedentissimi
994 1902 1165 1952 Mathematici
1179 1901 1280 1964 Kapleri
1298 1901 1493 1965 ingeniosissimo
1511 1903 1615 1951 invento
1634 1900 1750 1966 gratulor,

393 1970 454 2021 nihil
473 1972 601 2031 dubitans,
621 1976 680 2037 quin
698 1989 742 2037 per
759 1974 786 2024 id
803 1979 882 2023 totam
900 1975 1074 2023 astronomiam
1092 1975 1232 2037 propediem
1249 1977 1413 2022 restauratam
1431 1973 1506 2021 risnri
1524 1973 1610 2022 simus.

465 2041 537 2102 Quod
554 2045 576 2093 si
594 2059 675 2109 quom,
695 2047 759 2095 sicut
775 2046 896 2096 hactenus
914 2059 962 2093 non
980 2050 1082 2108 paucos,
1102 2045 1230 2107 Gopernici
1242 2042 1413 2106 hypothesium
1425 2058 1443 2093 a
1453 2042 1536 2093 multis
1548 2044 1681 2108 illegitime
1695 2058 1749 2093 con·

394 2114 514 2163 damnata
532 2119 558 2162 et
575 2122 673 2178 praeter
690 2117 811 2166 rationmn
829 2116 959 2166 diffamata
971 2116 1109 2166 absurditas
1122 2114 1238 2173 offendit;
1257 2122 1284 2164 et
1301 2115 1365 2178 quod
1376 2115 1500 2177 Keplerus
1516 2114 1564 2165 hoc
1583 2131 1630 2167 suo
1644 2116 1752 2170 invento.

393 2180 445 2234 urla
463 2199 520 2235 cum
539 2185 688 2248 Gopemico,
712 2188 839 2237 stellarum
861 2187 966 2237 lixarum
982 2189 1008 2236 in
1028 2196 1146 2246 maeno,
1173 2195 1199 2239 et
1217 2186 1280 2237 Solis
1298 2185 1323 2234 in
1341 2185 1424 2235 mundi
1443 2191 1528 2236 cmtro
1545 2187 1750 2242 immobilitatem,

393 2261 467 2320 smne
492 2255 584 2306 Terrae
609 2264 679 2307 extra
700 2260 807 2309 medium
831 2259 974 2308 circularem
992 2259 1154 2309 mobilitatem
1173 2260 1275 2308 anuuit:
1302 2258 1323 2304 is
1340 2271 1431 2322 quasso
1449 2258 1516 2321 prius
1535 2272 1589 2308 rem
1608 2262 1750 2323 cognoscat,

394 2334 420 2377 et
438 2329 575 2384 examinet,
601 2344 675 2392 quam
692 2332 806 2393 praecoci
823 2330 974 2392 praejudicio
992 2333 1141 2379 sententiam
1158 2330 1238 2386 ierat,
1264 2330 1285 2377 is
1308 2327 1390 2392 legat,
1418 2344 1483 2392 quae
1501 2328 1655 2392 Copernicus
1672 2328 1751 2379 lib-L

393 2412 447 2461 cap.
467 2397 499 2447 V.
523 2405 549 2448 et
573 2401 679 2464 quinque
703 2402 875 2465 sequentibus,
899 2402 960 2450 item
982 2414 1046 2464 quae
1073 2401 1196 2465 Keplerus
1219 2406 1302 2450 noster
1325 2414 1380 2463 cap.
1399 2401 1418 2450 1.
1443 2402 1481 2449 aui
1499 2399 1628 2450 Prodromi
1652 2400 1749 2451 scribit:

392 2484 506 2519 necnon
524 2484 588 2534 quae
606 2470 726 2522 Rheticus
744 2478 862 2536 aequente
880 2472 1022 2521 narratione
1039 2472 1130 2530 habet,
1158 2474 1200 2522 ubi
1218 2470 1366 2535 principales
1384 2473 1492 2522 rationes
1511 2479 1658 2528 enumerat,
1677 2485 1752 2535 qnare

394 2546 536 2591 cretarum
554 2548 746 2593 astronomorum
764 2544 938 2607 hypothesibus
956 2544 1120 2594 recedendmu
1138 2544 1219 2594 inerit
1255 2542 1289 2591 Et
1313 2542 1418 2592 ridebit:
1444 2544 1618 2607 quamtionem
1641 2544 1673 2594 de
1700 2543 1751 2591 loco

395 2618 421 2661 et
437 2618 558 2675 perpetua
576 2614 658 2678 quiete
676 2614 767 2665 Terrae
785 2628 940 2679 nequaquam
958 2614 1075 2677 liquidam
1093 2629 1157 2666 esse.
1196 2614 1291 2677 Quibus
1309 2612 1376 2663 istud
1394 2615 1510 2678 adiungo.

467 2682 571 2733 Usitstis
589 2699 651 2735 saue
668 2686 855 2749 hypodresibne,
879 2701 943 2749 quse
970 2688 1162 2749 praescriptione
1186 2687 1267 2751 potins
1290 2698 1364 2747 quam
1381 2686 1478 2735 ratione
1495 2684 1581 2735 vdent
1604 2685 1709 2744 (idcirco
1727 2688 1753 2734 ct

394 2754 467 2819 vulgo
487 2767 530 2804 eas
548 2758 657 2819 proponi,
677 2765 704 2807 et
720 2764 821 2820 tyrones
837 2758 948 2820 primitus
965 2757 992 2807 in
1010 2758 1053 2816 eis,
1072 2758 1140 2807 relnt
1152 2758 1312 2808 communiter
1324 2757 1397 2811 notis,
1417 2761 1443 2806 et
1460 2757 1490 2807 ob
1508 2756 1634 2819 idipsum
1653 2756 1752 2819 cognita

394 2825 560 2885 facilioribus,
584 2827 708 2879 informari
726 2831 803 2879 satius
821 2835 847 2879 et
864 2829 999 2879 consultum
1017 2835 1070 2878 eat:
1088 2830 1125 2878 ita
1143 2830 1242 2885 easdem
1261 2831 1286 2877 in
1306 2829 1394 2878 cateno
1412 2828 1636 2891 disputationibus,
1655 2828 1702 2877 nisi
1720 2824 1751 2875 ad

395 2898 513 2948 interiora
531 2901 695 2950 astronomiae
712 2901 850 2964 penetralia
866 2901 1052 2965 ingrediendum
1070 2903 1110 2953 sit.
1131 2902 1292 2952 communiter
1310 2901 1418 2956 retinen,
1438 2899 1542 2949 eandem
1560 2899 1593 2949 cb
1611 2910 1714 2950 causam
1724 2902 1753 2946 ut

395 2968 525 3033 plurimum
543 2966 654 3035 expedit)
672 2971 750 3023 Terra
765 2972 791 3021 in
809 2971 890 3023 medio
908 2973 992 3035 quieta
1010 2973 1139 3026 meacm.
1158 2973 1283 3037 potissimo
1303 2976 1447 3035 ugenacco
1466 2984 1483 3020 a
1500 2971 1632 3035 maritans
1651 2975 1677 3020 et
1693 2967 1750 3017 ieri·

394 3041 453 3089 tatis
471 3042 601 3097 momentis
620 3043 746 3101 desumto,
773 3044 831 3107 quia
853 3044 939 3108 gravis
957 3044 990 3093 ad
1007 3044 1092 3093 mundi
1114 3044 1222 3094 medium
1245 3043 1372 3097 deorsum,
1398 3043 1463 3093 levia
1485 3042 1516 3091 sb
1539 3041 1653 3103 ejusdem
1671 3038 1750 3090 medio

395 3125 489 3161 mnam
507 3112 565 3162 ierri
584 3113 706 3164 dicuntur.
743 3117 778 3164 At
795 3129 886 3179 quaeso
904 3115 970 3163 unde
988 3115 1057 3163 nobis
1075 3115 1139 3165 hacc
1156 3116 1247 3165 lenum
1264 3114 1422 3178 granumque
1448 3111 1619 3175 erpericnfiai
1648 3118 1675 3162 et
1691 3124 1751 3174 quo-

393 3196 471 3245 mque
495 3196 579 3234 corum
604 3188 694 3236 notitia
717 3186 783 3248 apud
805 3201 850 3235 nos
872 3198 900 3235 sc
923 3184 1048 3245 extendit,
1074 3191 1103 3233 nt
1126 3200 1158 3234 ex
1187 3186 1222 3235 eis
1240 3186 1315 3234 sotim
1333 3185 1418 3234 mnndi
1435 3184 1543 3234 medium
1561 3190 1630 3235 certo
1649 3195 1751 3247 mpusre

393 3251 533 3318 possimm‘i
559 3257 600 3306 An
617 3272 668 3308 non
686 3258 765 3307 omnis
783 3256 856 3306 aedes
873 3262 900 3305 et
917 3262 996 3305 totum
1014 3256 1162 3306 domicilium
1182 3257 1289 3305 omnium
1308 3269 1400 3317 eorum,
1418 3270 1481 3320 qnae
1499 3255 1573 3305 nohis·
1587 3256 1677 3321 gravia
1693 3258 1751 3303 aaut

394 3330 439 3372 ant
455 3324 528 3382 laris,
548 3325 633 3385 Terra,
653 3335 679 3378 et
696 3329 764 3379 circa
782 3326 884 3376 Terram
903 3340 946 3375 aer
964 3324 1020 3375 cst?
1049 3325 1099 3376 Sed
1112 3326 1170 3390 qnid
1181 3326 1266 3383 Terra,
1285 3325 1343 3390 quid
1361 3340 1416 3375 cam
1435 3327 1546 3376 ambiens
1564 3341 1616 3386 aer,
1636 3328 1750 3390 respectu

393 3396 530 3445 immensae
547 3399 622 3449 tofina
640 3399 725 3448 mundi
742 3395 888 3447 murmur
915 3396 1037 3446 Punctum
1049 3403 1117 3453 sunt,
1135 3399 1186 3446 sire
1198 3397 1316 3459 punctuli,
1336 3402 1362 3446 et
1379 3399 1400 3447 si
1418 3397 1475 3461 qnid
1492 3399 1572 3447 minua
1591 3399 1641 3449 dici
1657 3400 1747 3462 posset.

394 3467 515 3516 rationem
526 3467 627 3518 babent
657 3467 730 3530 Quod
748 3484 804 3520 curn
822 3469 862 3525 sit,
882 3482 914 3518 an
931 3482 982 3517 non
999 3466 1167 3531 philosophum
1186 3468 1309 3518 dicturam
1326 3475 1409 3531 putas,
1427 3470 1492 3533 quod
1508 3469 1608 3520 infirma
1619 3481 1749 3534 apamen·

393 3538 455 3587 tasio
474 3540 638 3602 apertionis,
657 3542 708 3589 aire
726 3540 772 3589 hoc
789 3539 907 3602 punctulo
916 3537 959 3588 ,aa
976 3544 1054 3587 totum
1066 3540 1183 3589 mundum
1196 3538 1340 3589 uxamam?
1367 3539 1432 3589 Non,
1444 3555 1502 3605 erpo
1526 3555 1557 3591 ex
1576 3542 1616 3598 iis,
1636 3553 1700 3605 quas
1718 3537 1749 3588 sd

392 3608 440 3659 hoc
457 3610 601 3673 punctulum
619 3616 748 3676 appetunt,
766 3611 806 3662 vel
826 3611 857 3660 ab
876 3625 905 3660 eo
923 3610 1061 3675 refugiunt,
1078 3611 1110 3660 de
1128 3611 1302 3675 speciosissimi
1319 3610 1391 3673 hujus
1409 3611 1493 3662 mundi
1512 3618 1597 3663 cenae
1616 3612 1679 3663 certi
1696 3622 1749 3660 essc

392 3693 528 3744 possumus.
558 3681 652 3732 Locum
670 3682 768 3748 quidem
786 3697 858 3731 snum
875 3682 1005 3746 proprium,
1025 3683 1065 3746 qui
1084 3681 1226 3746 philosopho
1244 3687 1309 3731 teste
1329 3689 1367 3731 cst
1384 3683 1502 3747 perfectio
1520 3683 1564 3740 rei,
1582 3682 1648 3734 haec
1666 3686 1750 3732 nostra

392 3750 479 3816 maria
504 3759 530 3801 et
556 3754 620 3803 levia
642 3768 659 3804 a
680 3761 772 3804 natura
791 3753 837 3803 sibi
854 3753 971 3802 tributum
990 3760 1125 3817 appetunt,
1151 3766 1225 3817 qnam
1248 3752 1419 3811 affectionem,
1446 3762 1475 3804 ut
1493 3753 1644 3817 Cepernicns
1662 3754 1704 3803 lib.
1725 3750 1748 3798 1.

393 3835 447 3885 cap.
468 3819 493 3870 9.
513 3823 606 3874 erudite
625 3826 736 3882 disserit,
756 3824 870 3875 credibile
890 3830 929 3873 est
946 3825 1021 3879 ctiam
1040 3823 1105 3880 Soli,
1123 3825 1223 3883 Lunae,
1249 3825 1383 3888 notansque
1408 3827 1541 3875 muntium
1558 3824 1693 3890 fulgoribus
1710 3825 1746 3872 in·

394 3908 455 3951 csse,
474 3900 503 3943 nt
520 3899 573 3958 ejus
592 3896 704 3947 efficacia
721 3897 747 3945 iu
766 3911 805 3951 ea,
824 3911 874 3960 qua
893 3910 920 3945 se
938 3902 1135 3959 repraesentant,
1154 3896 1305 3946 rotunditate
1321 3903 1500 3960 permaneant:
1523 3896 1624 3961 quodsi
1643 3898 1664 3946 is
1681 3895 1748 3945 iocus

394 3965 483 4015 alicubi
501 3967 573 4016 simul
591 3969 624 4017 sit
642 3967 726 4018 mundi
745 3975 864 4025 centmm,
884 3967 910 4016 id
928 3969 1039 4035 nonnisi
1051 3982 1094 4031 per
1107 3968 1222 4017 accidens
1235 3969 1363 4033 contingit.
1393 3967 1485 4018 Verum
1498 3966 1626 4031 Coparuici
1640 3968 1747 4017 rationes

393 4039 573 4095 utronomicse
591 4055 640 4089 non
659 4052 676 4088 a
692 4039 829 4103 particula,
855 4052 933 4105 eaque
958 4030 1137 4095 minutiem,
1161 4038 1195 4088 ad
1212 4043 1304 4087 totum:
1328 4039 1373 4089 sed
1391 4045 1490 4096 cenna,
1509 4053 1526 4089 a
1543 4044 1596 4088 toto
1615 4039 1648 4089 ad
1665 4042 1747 4103 partes

393 4107 538 4171 procedunt.

463 4176 513 4228 Sed
531 4186 557 4229 et
575 4195 605 4230 ex
622 4182 674 4245 ipso
693 4180 865 4243 hypothesium
884 4182 1031 4230 usitatarum
1045 4185 1071 4230 ct
1083 4179 1212 4243 Cupernici
1223 4194 1338 4244 processu
1349 4180 1422 4232 ncnc
1437 4182 1586 4247 agnoscitur,
1605 4186 1677 4230 utrae
1695 4177 1747 4243 plus
1778 4192 1790 4203 ·

395 4248 453 4299 fidei
475 4258 622 4301 mereantur.
659 4252 759 4301 Etenim
778 4251 906 4316 Copornici
932 4250 1079 4315 hypotheses
1107 4253 1213 4301 omnium
1241 4251 1334 4302 orbium
1356 4257 1382 4302 et
1406 4252 1565 4317 sphaerarum
1591 4253 1700 4302 ordinem
1722 4252 1748 4296 et
1773 4250 1776 4260 '

392 4321 587 4385 magnitudinem
604 4323 640 4374 sic
658 4329 801 4385 numerant,
827 4323 974 4387 disponunt,
998 4328 1151 4373 connectunt
1175 4329 1201 4372 et
1222 4324 1370 4381 medentur,
1395 4329 1424 4372 ut
1441 4320 1501 4373 nibil
1519 4325 1650 4389 quicquam
1667 4323 1693 4371 in
1712 4319 1746 4369 cis

391 4393 482 4442 mutari
503 4400 547 4443 ant
564 4395 704 4458 uansponi,
724 4395 776 4444 sine
795 4396 870 4444 totius
887 4396 994 4445 universi
1015 4394 1172 4451 confusione,
1196 4396 1286 4458 possit;
1310 4395 1368 4458 quin
1387 4395 1462 4444 etiarn
1481 4397 1559 4445 omnis
1577 4393 1698 4444 dubitatio
1716 4390 1746 4439 da

392 4463 440 4512 situ
459 4469 485 4513 et
503 4466 566 4515 serie
584 4466 668 4528 procul
687 4465 788 4515 exclusa
805 4471 898 4516 manet
934 4465 1044 4515 Econtra
1071 4462 1097 4514 iu
1121 4463 1297 4527 hypothesibus
1320 4466 1418 4516 usitatis
1448 4481 1563 4516 numerus
1587 4465 1746 4530 sphaerarum

392 4534 500 4584 incertus
519 4541 564 4585 eat
599 4536 648 4586 ani
666 4537 731 4586 enim
749 4552 849 4594 norem,
869 4537 910 4587 alii
929 4533 976 4592 1⁰,
996 4536 1038 4585 alii
1058 4533 1088 4583 11
1110 4535 1228 4598 sphaeras
1245 4541 1384 4592 numerant,
1403 4551 1449 4586 nec
1468 4537 1549 4587 adhuc
1567 4537 1682 4587 convenit
1699 4546 1743 4581 nn·

391 4618 479 4654 merus.
518 4605 583 4657 Ordo
602 4608 693 4657 ibidem
711 4614 750 4657 est
767 4608 869 4658 dubius:
889 4607 992 4658 definita
1010 4607 1137 4661 distantis.
1157 4614 1255 4670 praeter
1274 4604 1306 4667 Θ
1327 4612 1353 4656 et
1371 4601 1407 4670 b,
1426 4608 1496 4659 uuila
1513 4608 1575 4666 dari,
1595 4608 1685 4657 nedum
1702 4602 1743 4653 de·

392 4679 523 4728 monstrari
540 4685 629 4741 potest.
667 4678 706 4728 De
724 4679 839 4736 Venere,
858 4677 980 4728 Mercurio
999 4683 1025 4728 et
1043 4677 1100 4727 Sole
1119 4677 1149 4727 iis
1166 4678 1275 4728 nondum
1293 4678 1428 4741 composita
1447 4685 1499 4739 cst,
1522 4694 1569 4731 nec
1588 4681 1745 4742 componetur

392 4761 507 4812 uuquam.
536 4748 747 4815 Rem'omontanns
765 4747 845 4800 libii.
860 4764 914 4814 cap.
931 4748 954 4796 i.
974 4749 1098 4813 Epitomes
1117 4750 1142 4796 in
1155 4749 1253 4814 Almag.
1265 4748 1330 4798 Ptol.
1350 4748 1487 4805 confltetur,
1507 4750 1570 4816 qnod
1589 4756 1643 4800 uter
1661 4756 1743 4797 eornm

393 4816 477 4872 chos
495 4820 534 4871 rel
551 4819 688 4872 Mercurius
710 4835 784 4888 supra
809 4821 914 4871 aiterum
940 4821 1058 4880 ornetur,
1086 4819 1153 4870 nulla
1178 4819 1323 4873 certitudine
1346 4818 1494 4888 deprehendi
1516 4822 1600 4889 possit.
1637 4820 1670 4869 Et
1687 4817 1743 4866 loct
