3788 5828
713 335 800 423 ones
818 371 915 423 om
1431 372 1493 441 241

223 528 307 601 Quid
327 528 435 608 igitur,
463 549 502 592 au
526 548 585 591 nou
615 529 793 593 alterutram
821 531 1032 614 hypothesium
1054 532 1137 594 cirea
1159 531 1287 610 primum
1310 542 1424 597 motum
1446 537 1497 611 (ut

136 621 272 698 exemplo
297 620 467 697 loquamur)
492 619 600 681 falsam
624 639 692 682 esse
716 638 841 682 necesse
865 628 923 695 est,
949 628 1002 684 aut
1024 639 1102 693 eam,
1127 639 1203 702 quae
1219 623 1344 684 Terram
1366 623 1412 685 ait
1426 640 1495 686 mo·

137 710 198 771 reri
220 709 303 770 intra
326 706 456 776 coelum,
486 716 539 770 aut
562 727 637 783 eam,
663 728 741 789 quae
763 709 879 772 coelum
902 711 967 771 vult
995 710 1096 790 gyrari
1120 711 1201 772 circa
1223 711 1366 774 Terram?
1412 711 1494 775 Sane

135 800 162 860 si
184 795 421 858 contradictoria
444 796 531 858 simul
554 816 627 859 vera
649 808 799 877 nequeunt
816 817 893 872 esse,
918 816 1013 878 neque
1028 799 1103 860 haec
1118 799 1176 861 duo
1190 799 1279 862 simul
1297 818 1371 862 vera
1392 809 1495 875 eruut;

135 888 190 949 sed
213 887 342 948 alterum
366 884 485 946 omniuo
519 885 638 948 falsum.
684 886 731 947 At
757 894 884 967 utroque
913 886 1002 948 modo
1030 887 1109 949 idem
1137 889 1175 949 de
1205 889 1300 967 primo
1331 898 1414 951 motu
1438 890 1492 951 de·

134 982 329 1039 monstratur.
375 972 512 1035 Eaedem
538 983 701 1055 sequuntur
731 975 882 1055 signorum
913 976 1111 1049 mersiones,
1138 976 1230 1038 iidem
1253 978 1329 1053 dies,
1354 986 1438 1040 ortus
1463 986 1495 1039 et

135 1082 262 1126 oremus
285 1063 456 1136 stellarum,
491 1064 615 1125 eaedem
638 1063 802 1144 qualitates
832 1064 974 1126 noctium.
1003 1058 1075 1125 'Ex
1103 1065 1181 1127 falso
1211 1066 1302 1145 igitur
1334 1084 1429 1146 aeque
1458 1085 1494 1128 ae

135 1174 174 1216 ex
194 1171 266 1214 vero
290 1170 392 1213 verum
416 1152 570 1231 sequitur?
615 1151 738 1214 Minime
763 1153 907 1232 gentium.
953 1154 1021 1215 Non
1036 1154 1114 1214 enim
1133 1153 1218 1229 haec,
1243 1173 1320 1234 quae
1343 1156 1495 1218 recensita

133 1250 205 1305 sunt
235 1249 268 1302 et
299 1240 380 1301 mille
404 1240 479 1312 alia,
508 1240 555 1301 vel
579 1249 702 1320 prepter
724 1241 836 1304 Terrae
868 1242 917 1303 vel
949 1250 1073 1321 propter
1096 1242 1173 1304 coeli
1202 1250 1317 1305 motum
1340 1243 1492 1318 eveniunt,
1518 1250 1525 1261 '

134 1339 282 1412 qnatenus
306 1328 343 1389 is·
356 1329 468 1411 Terrae
492 1330 541 1391 vel
565 1330 640 1391 coeli
659 1338 758 1392 motus
782 1339 849 1392 est:
879 1330 933 1391 sed
956 1339 1105 1411 quatenus
1134 1330 1295 1394 intercedit
1318 1333 1397 1393 iuter
1421 1351 1494 1395 coe·

136 1421 193 1481 lum
218 1426 252 1481 et
273 1419 397 1479 Terram
422 1417 524 1497 aliqua
547 1419 700 1497 separatio
724 1438 814 1499 super
837 1427 936 1481 tractu
961 1419 1101 1498 quodam,
1127 1420 1176 1500 qui
1196 1420 1329 1499 legitime
1353 1420 1392 1482 ad
1414 1421 1495 1482 viam

134 1506 215 1570 Solis
239 1508 281 1568 sit
307 1506 452 1575 iuflexus,
487 1514 670 1587 utrocunque
698 1508 763 1586 jam
787 1526 911 1586 corpore
940 1508 993 1568 illa
1020 1509 1173 1586 separatio
1202 1509 1382 1588 perficiatur.
1428 1509 1494 1570 De·

135 1603 340 1659 monstrantur
361 1593 453 1675 igitur
477 1604 548 1656 ante
572 1596 655 1656 dicta
677 1615 733 1674 per
755 1597 830 1657 duas
854 1596 1053 1678 hypotheses,
1081 1606 1229 1678 quatenus
1251 1597 1322 1659 illae
1346 1605 1417 1659 sunt
1439 1597 1495 1659 sub

134 1705 192 1749 une
206 1702 326 1765 genere,
349 1701 408 1745 nou
432 1691 579 1764 quatenus
601 1684 681 1745 inter
694 1702 728 1746 se
742 1685 892 1747 differunt.
941 1683 1017 1746 Cum
1035 1703 1108 1765 ergo
1122 1704 1216 1748 eausa
1230 1685 1495 1748 demonstrationis

134 1793 223 1837 uuum
245 1773 323 1848 sint,
347 1791 441 1834 causa
463 1772 731 1834 demonstrationis
758 1773 851 1835 etiam
874 1791 932 1835 oon
958 1783 1046 1836 eruut
1075 1774 1319 1836 contradictoria.
1365 1774 1413 1837 Ao
1436 1773 1495 1836 etsi

133 1865 194 1926 illis
217 1863 385 1924 adhaereat
411 1861 611 1923 contradictio
633 1861 779 1943 physica,
796 1862 867 1924 -illa
886 1871 988 1924 tamen
1013 1864 1300 1925 demonstrationem
1323 1863 1388 1942 jam
1420 1861 1495 1924 nihil

134 1953 255 2015 attinet
303 1951 371 2012 Non
394 1949 487 2030 igitur
509 1958 542 2012 et
565 1968 604 2011 ex
625 1968 699 2013 vero
723 1959 815 2013 etex
838 1950 916 2011 falso
940 1968 1042 2012 verum
1062 1951 1146 2031 sequi
1170 1952 1226 2013 hoc
1246 1951 1365 2032 quidem
1389 1970 1494 2013 exem·

133 2043 183 2122 plo
215 2040 375 2120 probatum
403 2046 461 2100 est
508 2037 570 2101 Sed
600 2038 699 2101 acrius
728 2039 859 2101 fortasse
883 2057 937 2100 nos
968 2040 1087 2120 urgebit
1114 2040 1304 2101 notissimum
1326 2040 1496 2119 exemplum

135 2131 171 2193 de
196 2128 386 2192 couceutrico
409 2147 476 2190 cum
500 2127 649 2210 epicyclo,
683 2128 733 2208 qni
756 2127 940 2209 aequipollet
967 2129 1145 2190 eccentrico.
1192 2130 1341 2203 Annon,
1375 2128 1402 2189 si
1423 2128 1494 2208 pla-

135 2228 208 2281 neta
230 2237 284 2279 seu
307 2217 446 2297 quicquid
470 2217 503 2278 id
524 2225 574 2279 est
598 2217 677 2299 quod
698 2217 854 2296 planetam
875 2216 993 2291 incitat,
1017 2226 1153 2279 centrum
1173 2217 1334 2280 eccentrici
1356 2217 1387 2279 iu
1412 2224 1494 2279 motu

135 2327 189 2370 suo
212 2305 347 2385 respicit,
372 2313 508 2368 centrum
531 2305 659 2387 epicycli
682 2305 771 2367 simul
794 2324 853 2367 nou
868 2305 1029 2384 respiciet?
1075 2303 1164 2376 Quod
1179 2305 1204 2367 si
1224 2306 1291 2387 quis
1306 2312 1496 2368 astronomus

135 2398 191 2458 hoc
215 2394 381 2457 affirmabit
412 2386 491 2456 alter
514 2394 604 2470 illud,
642 2396 752 2457 falsum
775 2393 813 2456 ab
837 2394 983 2456 ulterutro
1006 2393 1065 2456 dici
1089 2413 1188 2456 nonne
1207 2413 1331 2456 necesse
1346 2401 1404 2468 est,
1429 2412 1497 2456 cum

135 2495 237 2547 tamen
266 2484 347 2545 idem
376 2490 503 2563 uterque
534 2483 735 2558 demonstret,
776 2483 895 2563 aequali
927 2483 1045 2545 seilicet
1071 2492 1212 2545 manente
1242 2484 1384 2564 planetae
1412 2491 1496 2545 motu

136 2592 249 2637 moram
278 2580 381 2634 tamen
410 2559 481 2651 ejus'
508 2572 538 2633 in
566 2591 624 2633 uuo
653 2571 840 2634 semicirculo
874 2571 1037 2651 longiorem
1066 2572 1148 2633 lieri?
1202 2571 1251 2633 Ex
1283 2572 1361 2633 salso
1392 2571 1495 2652 itaque

136 2682 231 2744 aeque
254 2681 290 2723 ac
313 2680 352 2724 ex
373 2679 446 2722 vero
469 2679 575 2722 verum
598 2679 696 2722 nonne
719 2660 763 2722 sic
783 2660 937 2739 sequitur?
981 2660 1105 2722 Minime
1120 2660 1270 2740 gentium:
1295 2660 1401 2721 eadem
1415 2660 1495 2721 euim

136 2751 303 2833 respondeo
340 2768 416 2830 quae
439 2767 540 2828 supra.
595 2748 631 2809 ld
660 2767 717 2828 quo
740 2749 909 2817 coniicitur,
938 2767 1039 2809 moras
1072 2748 1101 2808 in
1130 2747 1276 2810 alterutro
1309 2748 1494 2809 semicirculo

137 2842 287 2922 longiores
311 2839 390 2914 lieri,
416 2838 455 2900 ab
478 2846 604 2919 utroque
628 2837 751 2912 dicitnr,
785 2846 817 2898 et
840 2835 878 2898 ab
902 2855 938 2897 eo
969 2835 1018 2916 qui
1041 2836 1240 2899 eccentricum
1263 2835 1366 2916 pouit,
1399 2843 1433 2897 et
1455 2834 1493 2896 ab

135 2950 173 2992 eo
195 2920 489 3011 qui'ooneenrrieom
521 2945 589 2989 cum
612 2925 755 3006 epieyclo.
802 2926 882 2987 Nam
905 2933 1030 3004 uterque
1054 2924 1195 3004 generale
1219 2925 1276 2987 hoc
1299 2925 1400 2998 affert,
1425 2943 1493 2985 ma·

134 3020 228 3099 jorem
250 3017 355 3080 circuli
386 3016 548 3097 planetarii
577 3014 745 3095 portionem
768 3033 837 3075 esse
867 3013 895 3075 in
920 3013 971 3075 illo
999 3013 1195 3074 semicirculo.
1241 3014 1307 3075 Hoc
1334 3012 1494 3092 genuinum

137 3105 402 3171 demonstrationis
429 3113 462 3166 et
484 3112 684 3184 coaequatum
706 3102 835 3165 medium
859 3121 925 3164 cum
947 3101 1020 3163 insit
1049 3101 1078 3163 iu
1102 3110 1229 3182 utraque
1253 3100 1413 3183 hypothesi
1436 3118 1493 3180 ge·

9 3236 11 3243 ·
47 3238 59 3255 ,
136 3196 288 3272 neraliter,
312 3194 386 3257 nihil
406 3193 471 3274 jam
495 3192 781 3256 demonstrationem
806 3191 986 3267 attinebant,
1006 3210 1082 3272 quae
1105 3199 1230 3271 uterque
1245 3190 1320 3253 dicit
1337 3186 1365 3251 iu
1381 3189 1492 3270 specie,

136 3287 200 3349 sive
223 3293 337 3364 pugnet
360 3284 414 3346 illa
446 3282 510 3344 sire
534 3301 605 3345 nou.
650 3282 756 3362 Neque
781 3300 855 3343 saue
878 3281 1010 3360 planetis
1029 3279 1132 3342 oeulos
1155 3288 1187 3341 et
1209 3279 1374 3342 discursum
1398 3278 1492 3340 intel·

138 3377 233 3437 lectus
258 3375 419 3436 humanum
443 3371 611 3447 tribuimus,
635 3380 670 3433 ut
693 3370 752 3433 sibi
775 3372 885 3433 circino
910 3370 957 3431 vel
981 3369 1038 3432 hoc
1059 3369 1108 3430 vel
1124 3368 1197 3430 illud
1211 3377 1353 3449 punctum
1367 3367 1500 3446 signent,

136 3465 270 3544 haecque
301 3482 392 3544 quae.
406 3460 469 3523 dixi
499 3460 647 3540 specialia
670 3460 716 3522 sui
748 3462 849 3539 potius
873 3467 996 3539 captus,
1032 3476 1120 3539 quam
1143 3457 1343 3538 explicandae
1372 3464 1499 3517 naturae

136 3573 231 3617 causa
252 3551 447 3614 introducunt
470 3550 611 3612 artifices.
656 3549 726 3610 Nou
751 3558 799 3610 est
822 3550 914 3629 igitur
937 3548 1031 3629 digna
1044 3547 1161 3610 nomine
1177 3546 1381 3629 hypotheseos
1396 3553 1499 3606 astro·

135 3643 272 3705 uomicae
301 3641 350 3703 rel
373 3640 450 3701 haec
477 3638 527 3699 vel
551 3639 605 3699 illa
627 3636 810 3715 suppositio,
845 3637 899 3698 sed
931 3636 962 3698 id
991 3636 1092 3717 potius
1121 3637 1200 3715 qnod
1222 3637 1340 3715 utrique
1363 3652 1499 3696 commu-

136 3730 215 3795 niter
238 3731 327 3806 inest,
351 3730 422 3790 dum
445 3746 487 3788 sc.
514 3724 679 3788 assumitur
702 3734 734 3786 et
757 3726 934 3804 supponitur
958 3734 1042 3787 certa
1066 3733 1097 3785 et
1112 3725 1250 3786 dimensa
1263 3723 1362 3802 portio
1386 3721 1498 3795 circuli,

137 3839 225 3902 quem
252 3819 377 3900 planeta
400 3816 547 3891 decurrit,
578 3833 655 3895 quae
680 3813 721 3875 sit
748 3814 860 3875 inuno
885 3813 986 3876 circuli
1010 3813 1127 3874 zodiaci
1151 3813 1288 3873 semisse.
1335 3811 1421 3872 Haec
1449 3811 1498 3872 in-

137 3928 226 3990 quam
258 3908 381 3969 tandem
403 3912 453 3967 est
482 3903 660 3987 hypothesis
690 3903 789 3983 justa,
823 3920 883 3981 qua
913 3901 1068 3982 longitudo
1096 3917 1198 3961 morae
1225 3899 1369 3979 planetae
1393 3898 1423 3960 iu
1447 3899 1499 3960 illo

138 3997 329 4060 semicirculo
352 3997 585 4057 demonstretur.
632 3993 739 4072 Itaque
763 3999 798 4052 nt
820 3991 1010 4059 concludam,
1040 3991 1138 4050 omnis
1161 3989 1191 4049 iu
1215 3987 1402 4050 astronomia
1424 4005 1499 4049 con·

136 4087 232 4149 elusio
259 4105 319 4147 nou
346 4084 407 4146 nisi
436 4084 475 4144 ab
504 4101 562 4144 uuo
590 4089 622 4143 et
645 4082 750 4142 eodem
774 4079 872 4141 medio
901 4079 1053 4157 perficitur
1074 4087 1108 4139 et
1130 4078 1307 4139 uniformem
1331 4076 1502 4155 praemittit

137 4174 334 4258 hypothesin:
360 4173 419 4236 etsi
441 4171 497 4234 illa
519 4192 538 4233 a
561 4191 594 4232 se
617 4170 685 4251 ipsa
699 4170 832 4243 differat,
858 4175 1004 4246 quatenus
1019 4173 1106 4228 extra
1124 4167 1201 4228 hanc
1216 4164 1503 4228 demonstrationem

138 4265 358 4329 consideratur.
405 4261 448 4324 Et
469 4259 619 4333 vicissim,
651 4258 804 4336 quaelibet
826 4256 1017 4337 hypothesis,
1052 4255 1079 4316 si
1103 4263 1245 4317 accurate
1268 4252 1500 4327 consideremus,

137 4354 291 4436 propriam
322 4366 377 4413 aec
396 4351 450 4413 ulli
474 4349 526 4411 alii
550 4346 711 4430 hypothesi
735 4363 919 4407 communem
950 4344 1070 4424 penitus
1098 4345 1237 4423 producit
1268 4342 1500 4405 conclusionem.

136 4443 203 4506 Nec
227 4442 291 4505 heri
313 4440 463 4521 potestin
488 4436 688 4509 astronomia,
714 4444 749 4496 ut
771 4454 810 4496 ex
833 4435 912 4495 omui
935 4443 1021 4513 parte
1045 4452 1147 4494 verum
1172 4433 1229 4505 sit,
1260 4431 1338 4512 quod
1362 4449 1400 4493 ex
1423 4431 1503 4491 falsa

136 4532 277 4612 primitus
300 4528 461 4613 hypothesi
484 4527 542 4589 fnit
564 4532 749 4587 extructum:
773 4529 804 4584 et
828 4522 953 4602 proinde
969 4522 1185 4605 hypothesibus
1209 4521 1265 4582 hoc
1280 4527 1329 4581 est
1348 4518 1502 4598 proprium

139 4621 183 4695 (si
206 4621 307 4683 ideam
330 4620 478 4699 tingamus
502 4617 651 4696 justarum
682 4611 923 4693 hypothesium),
954 4620 987 4673 ut
1015 4610 1077 4672 sint
1100 4610 1288 4689 undiquaque
1311 4624 1417 4670 verae:
1447 4624 1503 4666 nec

138 4717 189 4771 est
218 4706 402 4782 astronomi,
442 4704 588 4769 scientem
621 4701 717 4764 falsas
750 4717 919 4779 supponere
955 4701 1003 4762 vel
1033 4699 1191 4779 ingeniose
1228 4698 1374 4760 confictas
1403 4695 1501 4775 hypo-

138 4798 255 4869 theses,
278 4806 313 4858 ut
336 4812 375 4857 ex
398 4794 437 4857 iis
460 4803 560 4857 motus
583 4792 733 4854 coelestes
757 4788 955 4850 demonstret.
1490 4848 1498 4858 .

228 4886 299 4947 Jaru
321 4884 393 4946 Ursi
417 4884 564 4946 absurdas
588 4877 757 4943 sententias
779 4875 936 4956 paulisper
964 4875 1178 4956 expendamus.
1225 4874 1326 4935 Primo
1349 4869 1502 4951 hypothe·
1592 4900 1597 4903 -

192 4990 283 5044 sepas
296 4988 397 5040 osona
1042 5052 1047 5059 ι
1256 4973 1290 5027 tt
