3878 5840
727 401 884 467 muso
902 402 1053 453 aucun
1115 404 1120 407 ·
1500 406 1566 473 sur

211 552 277 617 nint
308 572 347 617 sn
379 553 518 619 humiles.
568 556 637 620 Alti
668 559 791 638 placent
822 559 998 639 astrologis,
1036 561 1165 624 humiles
1195 562 1340 645 physicis.
1388 560 1567 631 Statuamus

211 644 491 723 compensationem
513 644 562 707 bie
585 665 664 715 esse,
688 654 723 708 nt
746 666 803 726 quo
827 648 942 728 majore
966 659 1126 713 cernantur
1148 653 1257 731 angulo
1283 654 1423 727 (humiles
1445 663 1567 737 nempe)

211 732 269 794 boo
291 732 359 810 plus
383 732 557 809 calfaciunt,
581 742 704 815 propter
718 736 799 805 bano
823 738 942 817 quidem
966 738 1122 801 visionem.
1169 741 1277 803 Virtus
1302 761 1373 805 1010
1397 763 1435 805 ex
1458 747 1565 808 altitu-

211 820 282 883 dine
306 828 398 883 aueta
419 840 543 883 causam
566 823 659 885 habet
681 824 782 886 aliam.

735 914 869 975 Thesis
892 914 1042 977 XXXIII.

300 996 434 1059 Ratione
463 998 618 1079 utriusque
644 1001 766 1063 virtutis
796 1003 985 1066 calfacientia
1014 1012 1046 1073 01
1073 1003 1275 1067 humectantis
1308 1002 1567 1089 considerandum,

212 1103 271 1165 quo
294 1086 325 1147 in
347 1085 436 1166 signo
461 1096 622 1149 versentur
644 1090 797 1169 planetae.
842 1091 923 1153 Nam
943 1100 978 1154 et
999 1093 1139 1172 01110110
1163 1100 1195 1154 01
1208 1094 1296 1154 Luna
1318 1095 1349 1155 iu
1372 1110 1479 1153 cancro
1498 1092 1568 1170 plu-

213 1174 320 1237 rimum
344 1184 517 1252 operantur,
542 1176 613 1255 quia
636 1178 804 1240 diutissimo
827 1189 898 1241 sunt
920 1199 1012 1259 supra
1034 1181 1168 1253 Terram,
1194 1189 1228 1241 et
1248 1191 1372 1263 propter
1394 1176 1472 1241 alias
1495 1198 1569 1241 cau-

215 1282 268 1325 sas
291 1262 378 1324 initio
402 1274 664 1340 commemoratas,
689 1286 756 1327 cum
780 1268 816 1329 de
840 1267 911 1330 Sole
935 1287 1104 1349 ageremus.
1149 1270 1198 1330 lta
1220 1271 1326 1344 etiam,
1351 1288 1417 1332 eum
1441 1275 1570 1347 aparte

213 1360 286 1414 suut
312 1352 544 1430 septentrionis,
578 1354 645 1432 plus
673 1356 786 1416 habent
815 1357 948 1418 virtutis.
995 1358 1072 1418 Hinc
1100 1358 1266 1437 pleniluuia
1293 1357 1443 1421 brumalia
1469 1356 1568 1418 hurni-

212 1441 300 1502 diora
321 1448 394 1501 suut
416 1440 552 1506 10011111.
600 1443 633 1503 ln
657 1445 742 1505 zonis
765 1445 868 1525 itaque
887 1447 1175 1524 septentrionalibus
1198 1448 1280 1509 cirea
1294 1448 1371 1509 hune
1391 1454 1568 1525 01100101-

212 1540 261 1591 tss
288 1530 405 1609 aliquot
435 1547 531 1591 anuos
554 1529 680 1593 Saturni
708 1539 741 1593 01
761 1532 863 1607 Joris,
889 1535 958 1613 quin
987 1542 1019 1595 et
1041 1537 1152 1597 Martis
1181 1536 1210 1596 iu
1240 1536 1409 1605 busseul,
1439 1534 1568 1594 virtutes

208 1619 275 1696 jam
297 1617 469 1697 explicatae
492 1619 659 1681 imbecilles
683 1631 784 1683 eruut:
814 1623 884 1701 quia
906 1624 1106 1686 versabuntur
1134 1624 1163 1685 in
1187 1624 1283 1704 signis
1308 1622 1478 1686 humilibus.
1524 1623 1570 1683 At

213 1706 243 1768 iu
266 1706 349 1768 zonis
373 1704 556 1769 australibus
575 1715 661 1770 tanto
685 1718 773 1770 eruut
796 1711 945 1773 fortiores.

688 1850 696 1858 .
737 1799 868 1861 Thasie
891 1798 1041 1862 XXXIV.

301 1884 336 1946 Iu
360 1889 444 1946 motu
471 1899 538 1944 eum
567 1885 724 1948 videamus
756 1887 961 1949 tardissimum
986 1906 1134 1969 quemque
1163 1886 1325 1967 plurimum
1357 1904 1466 1967 posse:
1500 1885 1570 1947 binc

214 1990 322 2034 causas
346 1971 537 2047 deducemus,
562 1992 615 2035 cur
637 1975 808 2038 stationarii
827 1985 889 2039 tam
914 1978 976 2038 siut
990 1979 1108 2056 operosi
1132 1984 1164 2038 et
1186 1977 1216 2039 iu
1237 1976 1382 2057 apogaeis
1397 1983 1568 2037 versantes.

214 2060 275 2124 Ubi
297 2060 442 2122 Mercurii
473 2061 566 2123 statio
595 2063 724 2124 omnium
747 2066 878 2127 maxime
902 2074 951 2127 est
973 2067 1096 2128 efficax:
1122 2065 1157 2127 -10
1181 2064 1274 2139 euim,
1305 2073 1339 2125 ut
1361 2063 1568 2125 velocissimus

215 2149 301 2223 alias,
326 2150 486 2228 plurimum
509 2151 546 2212 de
569 2160 652 2213 motu
675 2153 798 2215 amittit.
846 2153 970 2216 Saturni
994 2173 1065 2216 vero
1089 2154 1182 2215 statio
1206 2152 1475 2225 minimumefficit,
1501 2151 1571 2231 quia

213 2257 320 2318 parum
342 2237 444 2313 babet,
468 2240 549 2319 quod
569 2241 601 2301 in
625 2242 757 2302 statione
780 2245 897 2322 perdat.
945 2242 1085 2304 Mercurii
1101 2244 1219 2323 quidem
1244 2242 1337 2303 statio
1364 2239 1569 2319 utplurimum

216 2334 333 2400 ventos,
358 2335 408 2389 est
430 2326 481 2388 ubi
504 2336 535 2389 et
557 2330 643 2390 nives
665 2330 715 2391 vel
738 2333 866 2409 pluvias,
889 2331 919 2392 iu
944 2348 1053 2410 genere
1077 2333 1215 2411 copiosos
1238 2348 1368 2410 vapores
1392 2329 1461 2390 ciet.
1505 2328 1571 2389 Hos

216 2416 307 2494 igitur
329 2416 571 2495 exspectabimus
598 2418 679 2480 eirca
705 2417 755 2481 17.
779 2420 869 2482 danu.
895 2418 948 2483 20.
973 2420 1048 2499 Aps.
1076 2418 1126 2483 12.
1151 2419 1236 2496 Μ111,
1265 2417 1315 2482 15.
1333 2419 1413 2499 Aug.
1438 2413 1468 2480 6.
1489 2416 1570 2496 Sep-

215 2511 287 2567 tem.
311 2500 342 2567 9.
368 2515 401 2566 ot
421 2500 476 2568 31.
496 2505 618 2568 Decem.
666 2506 729 2568 Sed
751 2507 884 2571 incertus
906 2509 1070 2571 etiamnum
1085 2509 1227 2571 Mercurii
1249 2518 1350 2571 motos
1374 2526 1432 2569 101
1454 2506 1571 2585 patitur

216 2592 521 2657 001111οἱ11111οω
544 2596 712 2675 praefinire.

748 2685 878 2746 Thesis
901 2683 1069 2746 XXXV.-

199 2822 211 2847 .
305 2768 407 2839 Quas
437 2770 616 2845 hacteuus
649 2773 815 2853 explicui
847 2792 980 2834 causas
1012 2773 1221 2833 futurorum
1254 2777 1461 2842 eventuum,
1500 2769 1571 2832 illae

216 2858 276 2920 etsi
298 2858 425 2920 multum
448 2859 567 2938 quidam
590 2859 757 2922 divinitatis
781 2861 903 2936 habent,
929 2879 1031 2925 omnes
1055 2869 1156 2921 tamen
1179 2861 1324 2921 materiae
1340 2866 1479 2919 naturam
1498 2875 1574 2936 pro-

218 2948 285 3026 pius
315 2946 487 3022 imitantur,
520 2967 610 3026 quarn
640 2968 716 3028 quae
745 2950 809 3029 jam
841 2958 1013 3030 sequentur.
1060 2950 1141 3012 Nam
1173 2949 1305 3027 ipsarum
1335 2946 1444 3025 1101111
1467 2946 1572 3006 modus

220 3037 250 3097 in
275 3036 387 3099 0111111
417 3037 546 3116 quodam
576 3036 651 3099 lucis
682 3039 823 3099 consistit
845 3058 938 3118 usque
962 3038 1100 3099 adhaec
1124 3037 1296 3100 sublunaria
1320 3053 1447 3114 corpora
1470 3035 1571 3096 conti-

220 3132 347 3186 nuatse:
371 3125 422 3204 qui
445 3126 583 3199 effluxus,
609 3126 745 3205 quamvis
768 3126 833 3189 sine
856 3127 985 3190 11110111
1012 3135 1044 3188 01
1067 3134 1201 3205 tempore
1225 3133 1281 3200 est,
1315 3143 1373 3186 nou
1397 3130 1499 3185 tamen
1523 3130 1573 3183 est

219 3214 285 3274 siue
312 3213 514 3292 quantitatum
538 3214 781 3278 dimensionibus.
827 3218 879 3279 Fit
908 3216 987 3278 euim
1010 3234 1065 3295 per
1093 3216 1202 3277 lineam
1229 3222 1361 3286 rectam,
1397 3219 1573 3273 attenuatur

219 3320 286 3363 cum
315 3302 464 3364 distantia
491 3304 645 3379 asidera,
681 3306 792 3367 crescit
825 3306 874 3367 vel
903 3306 1052 3368 decrescit
1084 3324 1150 3367 cum
1179 3304 1247 3384 ipsa
1277 3301 1404 3365 lucentis
1432 3301 1574 3380 planetae

218 3391 311 3462 faeie,
335 3392 496 3471 impeditur
518 3390 639 3471 objectu
662 3395 796 3474 eorporis
819 3395 919 3475 opaci,
945 3403 978 3457 et
999 3394 1147 3469 vicissim,
1172 3395 1274 3475 posita
1296 3391 1405 3453 sideris
1429 3396 1573 3469 aspecte-

219 3478 271 3541 bili
294 3481 494 3559 praestrurtia,
518 3482 657 3543 continue
680 3484 811 3562 ponitur.
858 3486 923 3546 Nec
945 3484 977 3545 id
991 3492 1118 3545 >tautum
1141 3483 1173 3544 in
1195 3501 1254 3544 uno
1278 3489 1310 3544 et
1333 3481 1438 3540 eodem
1462 3479 1572 3552 sidere,

217 3568 273 3630 sed
297 3568 391 3630 etiam
418 3570 448 3630 in
471 3571 695 3648 comparatione
723 3572 910 3635 diversorum
933 3572 1026 3635 habet
1050 3573 1163 3632 locum:
1193 3579 1228 3631 ut
1258 3569 1329 3649 quia
1352 3567 1407 3629 Sol
1431 3576 1464 3628 01
1486 3568 1574 3628 Luna

218 3666 289 3724 suut
304 3664 437 3737 aspectu
461 3657 598 3730 maximi,
632 3659 661 3719 in
686 3659 747 3720 illis
770 3677 885 3739 quoque
915 3659 1160 3722 evidentissimae
1184 3666 1255 3719 aunt
1282 3660 1339 3718 hae
1362 3655 1508 3716 virtutes:
1541 3655 1572 3714 iu

217 3746 339 3818 ceteris,
363 3765 489 3823 quarum
513 3746 660 3806 diameter
683 3765 750 3807 curn
774 3747 856 3809 Solis
879 3755 912 3809 et
934 3747 1038 3809 Lunae
1061 3747 1215 3817 diametris
1239 3746 1388 3823 inparve
1412 3760 1572 3820 compara·
1603 3776 1607 3787 ›

112 3904 116 3911 .
218 3834 299 3893 tione
324 3840 380 3906 est,
405 3833 565 3894 admodum
584 3834 694 3908 exiles,
720 3835 854 3915 adeoque
877 3837 929 3897 rix
953 3854 989 3897 ao
1012 3855 1049 3897 ne
1072 3835 1123 3894 vix
1146 3833 1267 3913 quidem
1290 3830 1461 3893 sensibiles.
1504 3830 1572 3891 Ita-

218 3937 276 3997 que
300 3921 391 3980 etiam
416 3922 453 3982 ab
478 3922 698 4001 astrologorum
726 3924 815 3986 turba
838 3919 1030 3986 'sanationes
1068 3924 1174 3984 harum
1197 3922 1388 3984 affectionum
1413 3919 1574 3980 secundum

218 4007 317 4069 dictos
339 4008 445 4070 modos
469 4010 531 4072 iere
554 4010 755 4091 negliguntur.
841 4002 845 4006 “

741 4099 875 4163 Thasio
898 4100 1048 4163 XXXVI.

306 4183 449 4264 Sequitur
464 4204 535 4265 ergo
559 4188 620 4248 alia
642 4208 743 4265 causa,
770 4209 846 4271 quae
870 4208 973 4251 omues
987 4191 1128 4268 planetas
1147 4186 1316 4268 aequaliter
1334 4185 1460 4257 attinet3
1485 4183 1575 4263 longe

217 4291 307 4355 quam
330 4275 414 4354 prior
436 4275 491 4337 illa
513 4275 650 4345 nobilior,
676 4297 811 4359 quaeque
826 4280 920 4341 multo
935 4279 1003 4358 plus
1020 4278 1226 4339 admirationis
1251 4276 1354 4337 habet.
1402 4275 1480 4336 Nam
1499 4274 1575 4334 haeo

107 4362 116 4375 '
217 4362 291 4426 nibil
314 4364 507 4427 materiatum
530 4365 627 4444 sapit,
658 4367 713 4427 sad
742 4368 856 4430 formae
884 4368 1033 4429 rationem
1056 4365 1162 4441 habet,
1192 4384 1248 4427 neo
1278 4365 1392 4426 formae
1416 4362 1573 4442 simplicis,

217 4453 274 4514 sed
297 4454 436 4516 animalis
460 4454 626 4528 facultatis,
652 4456 706 4516 sed
731 4456 957 4529 intellectiouis,
980 4456 1036 4517 sed
1055 4455 1245 4534 geometriae
1268 4452 1462 4531 cognitionis.
1505 4450 1574 4512 Non
1618 4488 1622 4493 =

217 4543 297 4603 euim
320 4542 409 4606 lineis
433 4544 526 4605 100110
550 4562 587 4604 ex
611 4541 760 4605 sideribus
784 4545 911 4625 siugulis
933 4546 1078 4607 virtutem
1101 4543 1193 4612 elicit,
1218 4543 1272 4604 sed
1286 4542 1424 4604 binorum
1443 4540 1575 4602 sidorum

218 4632 418 4693 manuario
443 4634 537 4694 Terra
559 4632 662 4695 radios
688 4632 840 4703 aestimat,
866 4634 1047 4713 geometrice
1063 4632 1198 4706 coierint,
1224 4650 1261 4693 au
1281 4629 1412 4709 diepam
1437 4648 1492 4690 neo
1508 4644 1575 4690 oum

217 4717 285 4797 ipsa
307 4719 425 4783 01101110
449 4722 554 4783 Lunae
579 4721 665 4795 facie,
691 4723 810 4802 quaudo
835 4723 906 4784 nulli
930 4723 970 4784 ad
990 4723 1115 4783 Terram
1138 4720 1324 4783 descendunt
1342 4719 1429 4791 radii,
1455 4717 1573 4779 exstin-

217 4807 328 4886 guitur,
354 4810 409 4870 sed
432 4810 548 4872 radium
563 4818 635 4871 tuuc
653 4810 888 4873 descendentem
902 4810 1100 4891 imaginatum
1125 4828 1183 4870 uon
1199 4808 1371 4889 impeditur,
1395 4824 1462 4867 curn
1478 4806 1573 4865 Terra

216 4896 374 4961 10011101
402 4907 436 4961 01
455 4900 565 4961 stellas
589 4899 805 4982 interponitur,
834 4899 890 4964 sed
921 4899 1000 4967 inira
1028 4900 1160 4962 lateutss
1188 4914 1282 4979 supra
1309 4896 1402 4958 011111
1425 4911 1570 4974 operosas
