3838 5824
814 351 844 403 n
862 351 1044 404 umanum
1063 349 1178 401 11111
1196 350 1283 414 moe·

729 562 776 626 IN
799 560 1125 626 DEDIOATIONEM
1148 558 1377 633 ANTIQUAM

898 683 1013 735 11111
1032 681 1210 737 11111111.

451 792 480 861 1)
501 799 583 849 Anno
607 791 696 856 1595,
727 792 770 846 die
797 794 824 848 9.
852 790 930 862 (19.)
957 792 1024 846 Julii
1053 791 1186 862 postridie
1207 790 1311 844 natalis
1339 789 1435 844 decimi
1454 789 1545 842 octavi
1567 790 1733 844 serenissimi

370 874 533 932 ferdinandi
547 872 721 936 archiducis,
744 872 859 928 Roman.
876 889 949 927 nunc
963 871 1139 941 Imperatoris
1155 871 1285 942 Augusti,
1307 869 1525 940 Hungariaeque
1540 875 1571 922 et
1583 870 1733 924 Bohemiae

370 955 460 1028 aegis:
482 952 560 1022 cnjus
581 953 610 1005 in
631 951 734 1019 ditione
755 951 925 1006 hereditaria
936 951 1032 1021 Styria
1053 957 1119 1005 tunc
1132 951 1272 1004 merebam
1293 949 1445 1019 stipendia,
1468 948 1558 1001 inveni
1577 948 1629 1003 hoc
1643 966 1733 1004 seore-

369 1043 442 1091 tum:
473 1031 624 1102 statimque
651 1032 686 1085 ad
707 1031 775 1084 illud
796 1032 977 1086 excolendum
1006 1046 1171 1092 conversus,
1200 1029 1311 1084 Octobri
1334 1034 1481 1099 sequente,
1513 1027 1540 1080 in
1561 1028 1733 1082 dedicatione

370 1111 540 1186 prognostici
562 1109 756 1173 anniversarii,
787 1113 858 1182 quod
880 1117 943 1164 erat
963 1127 1000 1163 ex
1021 1109 1109 1164 officio
1131 1108 1310 1173 scribendum,
1333 1108 1479 1163 editionem
1499 1107 1586 1161 libelli
1609 1108 1730 1178 promisi,

371 1202 404 1249 ut
423 1192 608 1264 significarem
632 1190 757 1260 publice,
789 1206 871 1261 quam
899 1189 996 1260 gravis
1024 1188 1090 1242 111111
1110 1189 1315 1259 philosophiam
1341 1186 1446 1242 amanti
1467 1194 1543 1240 esset
1564 1187 1734 1256 111111111-

371 1272 465 1328 ctandi
485 1269 646 1325 necessitas.
687 1270 734 1323 Ex
754 1286 787 1322 eo
808 1269 948 1339 profectus
970 1267 999 1321 in
1012 1268 1266 1339 Wirtembergiam,
1291 1268 1364 1322 inter
1384 1267 1535 1321 domestica
1556 1268 1672 1338 negotia
1692 1267 1732 1321 ni·

372 1352 414 1407 bil
436 1367 524 1422 aeque
545 1348 624 1419 pensi
645 1348 744 1411 habui,
767 1364 800 1402 ac
822 1349 969 1403 editionem
989 1347 1093 1411 libelli,
1117 1364 1188 1419 quae
1209 1347 1275 1401 mihi
1291 1346 1453 1415 juvenculo,
1475 1345 1554 1398 nulla
1574 1346 1733 1400 eruditionis

373 1433 449 1486 fama
468 1428 589 1500 publica,
611 1426 798 1499 typographis
819 1429 871 1482 sibi
892 1431 925 1482 de
947 1430 1044 1481 damno
1066 1427 1260 1490 metuentibus,
1281 1425 1427 1496 plurimum
1445 1424 1574 1479 exhibuit
1593 1426 1735 1479 molestia·

373 1527 445 1565 rum:
477 1515 506 1562 et
527 1512 608 1561 eraut
629 1507 674 1577 qui
702 1507 875 1561 absurditate
906 1506 972 1561 moti
1003 1507 1139 1577 dogmatis
1167 1505 1349 1576 Copcmicani
1377 1503 1523 1559 conatibus
1553 1505 1619 1558 meis
1650 1504 1734 1559 inter·

374 1592 512 1643 cederent.
554 1588 653 1655 ltaque
674 1586 781 1655 scripta
801 1587 973 1641 dedicatione
994 1585 1050 1639 ista
1072 1585 1162 1639 ldibus
1177 1585 1246 1654 Maji
1268 1584 1462 1647 Stuccardiae,
1486 1589 1552 1654 post
1572 1587 1640 1638 duos
1661 1601 1735 1637 men·

374 1685 418 1724 sss
438 1681 566 1722 reversus
587 1681 646 1719 sum
667 1665 695 1718 11
715 1665 846 1735 Styriam,
866 1666 968 1721 relicta
988 1665 1136 1719 Maestlino
1156 1665 1332 1734 praeceptori
1352 1681 1413 1718 meo
1434 1662 1562 1716 editionis
1583 1680 1650 1718 1111
1664 1680 1735 1732 pene

374 1750 533 1817 desperata.
574 1744 626 1798 Ille
646 1761 712 1798 vero
734 1747 769 1798 ad
791 1747 992 1808 exornandum,
1018 1746 1257 1799 commendandum
1278 1751 1308 1798 et
1328 1744 1402 1798 inter
1421 1742 1545 1797 homines
1567 1744 1736 1814 vulgandum

374 1825 549 1897 opusculum,
580 1825 653 1893 quod
673 1824 780 1895 ingenti
802 1841 862 1879 cum
887 1824 1078 1895 gratulatione
1108 1823 1224 1893 primum
1245 1830 1414 1893 aspexerat,
1447 1821 1515 1875 nihil
1536 1821 1603 1876 fecit
1623 1822 1734 1892 reliquiz

373 1904 547 1977 perfecitque
567 1903 717 1971 prudentia
737 1910 766 1956 et
787 1903 923 1959 industria
943 1919 1003 1971 sua,
1026 1911 1058 1956 ut
1078 1903 1191 1957 libellus
1212 1905 1330 1957 tandem
1344 1904 1472 1956 ederetur
1492 1902 1545 1954 fine
1569 1901 1633 1956 1111
1651 1901 1734 1964 1596,

375 1993 406 2040 11
426 1980 605 2054 sequentibus
626 1980 753 2035 nundinis
774 1983 933 2037 vernalibus
955 1982 1021 2035 anni
1045 1980 1119 2036 1591
1142 1983 1272 2053 catalogo
1294 1980 1517 2036 Rancofnrtensi
1550 1982 1733 2035 insereretur:

374 2060 578 2119 duro.nominis
600 2060 653 2113 mei
674 2060 748 2122 fato;
778 2077 842 2115 nam
870 2079 922 2132 pro
942 2060 1066 2129 Keplero
1096 2069 1296 2130 expresserunt
1315 2061 1461 2131 Repleum.
1504 2060 1563 2122 Quo
1587 2060 1647 2131 ipso
1669 2066 1737 2115 tem·

374 2160 455 2215 pore,
485 2142 624 2210 flagrante
654 2140 730 2193 bello
750 2140 912 2211 Hungarico
942 2156 1003 2193 cum
1024 2139 1132 2203 Turcis,
1162 2142 1195 2193 de
1225 2141 1372 2210 provinciis
1393 2139 1542 2193 limitaneis
1565 2140 1738 2194 Ferdinando

372 2221 467 2278 heredi
497 2219 637 2274 tradendis
668 2219 760 2273 arduis
795 2217 1041 2274 deliberationibus
1081 2224 1187 2282 actum,
1229 2220 1330 2290 quippe
1368 2219 1476 2273 exactis
1515 2219 1594 2272 annis
1625 2219 1734 2273 heredis

375 2300 558 2357 tutelaribus.
700 2292 703 2301 ’

456 2380 524 2434 Cum
545 2376 633 2449 igitur
653 2393 733 2431 casus
755 2377 878 2448 quidam,
901 2378 1001 2448 oppido
1023 2392 1104 2447 quam
1126 2375 1255 2445 pulcher,
1284 2375 1364 2429 initia
1384 2377 1602 2447 speculationum
1623 2376 1739 2430 istarum

376 2476 438 2515 cum
456 2456 668 2530 gubernationis
684 2456 905 2510 Ferdinandinae
928 2455 1081 2527 primordiis
1103 2456 1300 2518 connexuerit;
1322 2456 1382 2525 quis
1397 2462 1473 2509 vetet
1491 2455 1574 2509 etiam
1598 2471 1739 2509 successus

282 2595 285 2601 ,
375 2540 496 2610 reliquos
517 2538 752 2590 commemorando
772 2536 902 2606 exsequi:
932 2538 1005 2590 unde
1025 2536 1092 2589 tides
1117 2535 1240 2589 1111111111·
1265 2534 1326 2605 spei
1347 2535 1468 2604 optimae
1489 2536 1588 2602 plena,
1617 2552 1671 2589 non
1694 2550 1739 2588 ca·

377 2635 437 2679 snm
457 2633 577 2680 caecum,
600 2616 649 2669 sed
668 2615 780 2687 genium
800 2615 1068 2685 perspicacissimum
1088 2620 1118 2668 et
1131 2614 1374 2685 vigilantissimum
1388 2614 1482 2675 fuisse,
1505 2614 1550 2683 qui
1570 2615 1642 2668 11111
1655 2614 1740 2669 ritem

376 2697 516 2765 imbellem
537 2695 666 2766 humique
687 2702 845 2765 serpentem
866 2695 947 2750 ulmis
968 2694 1024 2748 illis
1046 2693 1209 2748 sublimibus
1230 2693 1414 2763 coaptaverit.

456 2776 569 2831 Etenim
589 2775 694 2828 factum
714 2782 759 2828 est
778 2774 827 2829 illo
847 2775 908 2844 ipso
930 2791 1003 2829 1111
1029 2774 1113 2836 1591,
1137 2780 1169 2827 11
1190 2772 1284 2843 Tycho
1305 2773 1447 2834 Braheus,
1470 2771 1511 2825 vir
1532 2771 1633 2825 illustri
1655 2781 1740 2827 stem·

269 2910 280 2929 ,
378 2862 453 2912 mate
474 2854 580 2910 Denico
601 2861 773 2925 prognatus,
799 2855 973 2926 consiliisque
995 2854 1195 2908 restaurandae
1216 2852 1401 2906 astronomiae
1422 2850 1558 2920 susceptis
1580 2851 1741 2915 celebrab-

379 2938 471 2999 simus,
494 2950 631 2997 successu,
654 2935 743 3003 quoad
765 2934 848 2997 vixit,
870 2933 1058 2997 felicissimus,
1083 2938 1115 2985 ut
1135 2931 1179 2985 hio
1200 2931 1311 3001 inquam
1330 2930 1425 2984 Dania
1445 2929 1540 2999 patria
1560 2930 1661 2984 relicta
1681 2948 1741 2985 cum

378 3015 454 3085 omni
473 3020 613 3084 apparatu
633 3013 817 3067 astronomica
839 3015 973 3067 transiret
998 3013 1025 3066 in
1048 3011 1232 3066 Germaniam.
1275 3011 1342 3065 Cum
1371 3016 1465 3064 autem
1486 3009 1569 3077 hujus
1590 3009 1640 3062 riri
1663 3009 1741 3064 insti·

293 3162 299 3169 ‚
377 3102 442 3151 tuta
455 3094 522 3148 mihi
543 3110 580 3146 ex
599 3092 693 3146 relatu
715 3099 744 3145 et
763 3094 997 3163 praelectionibus
1012 3090 1154 3146 Maestlini
1175 3092 1275 3144 dudum
1294 3097 1388 3143 essent
1403 3096 1478 3152 nota,
1501 3106 1560 3141 cum
1578 3089 1743 3143 mentionem

377 3176 453 3230 illius
474 3180 507 3227 ut
528 3170 623 3225 summi
644 3172 756 3226 artificis
777 3166 888 3242 passim
902 3173 928 3226 in
951 3173 1011 3240 ipso
1032 3171 1128 3224 libello
1149 3171 1293 3223 fecissem:
1319 3168 1463 3239 pulchrum
1484 3184 1655 3239 aequumque
1676 3169 1741 3223 mihi

379 3255 469 3309 risum
488 3256 547 3313 est,
576 3250 693 3319 primum
722 3258 806 3320 atque
832 3251 958 3304 libellum
978 3266 1066 3303 meum
1098 3250 1231 3320 catalogo
1253 3248 1475 3304 lbancohrrtensi
1507 3247 1639 3302 insertum
1666 3248 1741 3312 sciri,

380 3333 454 3387 inter
481 3337 588 3384 ceteros
612 3330 769 3382 matheseos
790 3328 961 3399 professores
989 3329 1074 3381 etiam
1095 3329 1260 3399 Tychonem,
1292 3336 1324 3382 ut
1345 3328 1573 3401 antesignanum,
1600 3330 1743 3382 consulere

380 3428 464 3480 super
484 3408 603 3463 materia
623 3408 726 3469 libelli,
757 3423 838 3477 quam
860 3424 919 3461 cum
948 3407 1061 3476 proprio
1097 3414 1155 3461 tum
1175 3408 1317 3462 Maestlini
1344 3407 1448 3476 judicio
1481 3408 1593 3461 maximi
1615 3407 1742 3462 momenti

379 3507 438 3544 rem
458 3506 520 3542 esse
542 3488 632 3541 rebar.
673 3488 713 3540 Et
732 3486 818 3540 ceteri
838 3486 946 3556 quidem
966 3492 1074 3556 promte
1096 3490 1309 3556 responderunt,
1337 3487 1481 3542 Galilaeae
1503 3488 1635 3552 Patauio,
1659 3489 1742 3543 Ursus

379 3571 483 3639 Praga,
505 3566 759 3643 LimnaeusQJena:
779 3560 815 3634 ¹⁸)
837 3567 872 3617 ad
886 3565 1044 3635 Tychonem
1064 3582 1128 3619 vero
1150 3566 1272 3636 epistola
1291 3583 1354 3621 mea
1374 3567 1480 3621 tardius
1501 3567 1606 3630 dolata,
1629 3571 1699 3638 quod
1720 3568 1742 3621 is

378 3649 468 3702 locum
488 3644 649 3713 inscriptum
673 3644 783 3698 interea
802 3652 964 3709 mutasset·
984 3645 1157 3715 voluptatem
1184 3665 1222 3701 ex
1251 3664 1385 3718 responso
1411 3647 1482 3700 tanti
1508 3646 1558 3700 viri
1587 3655 1743 3701 secuturam

379 3742 430 3797 per
450 3725 590 3795 integrum
611 3739 712 3777 annum
727 3723 857 3785 detinuit;
879 3724 960 3779 hausi
975 3728 1086 3780 taudem
1100 3726 1177 3780 illam
1192 3726 1299 3780 affatim
1321 3725 1490 3796 adjunxique
1511 3725 1638 3780 laetitiae
1652 3726 1742 3796 publi·

380 3822 445 3869 cae,
468 3819 539 3876 quae
562 3809 627 3856 tunc
647 3803 768 3872 Styriam
790 3805 908 3858 tenebat
928 3806 962 3859 ob
984 3806 1100 3859 exordia
1119 3805 1330 3876 gubernationis
1351 3806 1531 3869 Perdinandi,
1557 3804 1742 3859 florentissimi

379 3884 519 3955 principis.
563 3882 726 3953 Quanquam
747 3882 857 3952 eclipsis
879 3901 983 3955 magna
996 3885 1067 3938 Solis
1089 3885 1116 3937 in
1138 3885 1357 3938 dodecatemorio
1379 3885 1502 3953 piscium,
1525 3885 1570 3956 qui
1588 3886 1663 3939 locus
1678 3886 1743 3940 Fer·

380 3965 498 4019 dinando
520 3962 664 4024 culminat,
691 3963 832 4032 multoque
853 3965 943 4034 magis
964 3963 1140 4033 intemperies
1161 3963 1300 4016 hominum
1322 3970 1471 4028 certorum,
1499 3964 1559 4032 jam
1581 3965 1663 4036 signa
1683 3981 1743 4019 meo

375 4042 479 4113 judicio
501 4041 702 4110 praetulissent
723 4043 860 4096 aerumnis
881 4043 966 4112 paulo
987 4052 1052 4112 post
1071 4060 1122 4112 per
1142 4042 1299 4111 provincias
1321 4043 1386 4097 illas
1408 4044 1571 4097 consecutis.

460 4127 662 4190 Argumentum
683 4121 826 4176 literarum
847 4124 950 4176 Brahei
971 4124 1115 4184 hocerat,
1137 4122 1177 4175 uti
1200 4123 1342 4190 suspensis
1361 4123 1598 4191 speculationibus
1621 4140 1640 4177 a
1659 4123 1752 4194 priori.

381 4200 610 4254 descendentibus
631 4200 749 4255 animum
770 4201 863 4271 potius
884 4205 920 4255 ad
940 4202 1149 4256 observationes
1170 4218 1239 4272 quas
1261 4201 1341 4256 simul
1362 4203 1505 4266 offerebat,
1532 4202 1743 4258 considerandas

382 4280 548 4348 adjicerem:
580 4279 661 4349 inque
688 4280 720 4333 iis
742 4280 828 4349 primo
849 4284 940 4351 gradu
961 4283 1048 4345 facto,
1080 4288 1180 4351 postea
1201 4284 1306 4335 demum
1335 4283 1371 4335 ad
1393 4278 1497 4334 causas
1518 4285 1695 4337 ascenderem
1715 4290 1745 4337 et

381 4359 445 4412 1111Ι
461 4360 524 4430 quid
546 4359 573 4412 in
595 4375 647 4413 sua
666 4361 759 4428 potius
780 4361 939 4429 hypothesi,
961 4378 1042 4432 quam
1064 4362 1123 4429 ipse
1144 4361 1297 4430 Cepernica
1317 4360 1450 4413 veriorem
1473 4361 1614 4425 censebat,
1637 4362 1744 4416 1111111·

382 4438 515 4492 niscerer:
547 4438 678 4509 denique,
708 4445 741 4492 ut
761 4441 797 4491 ad
821 4439 911 4508 ipsum
931 4458 973 4494 me
1004 4441 1168 4504 conferrem,
1199 4441 1301 4511 qnippe
1323 4440 1368 4510 qui
1394 4439 1455 4506 jam
1481 4457 1557 4494 mare
1587 4443 1744 4496 transisset.

382 4517 503 4588 Cumque
524 4534 578 4570 non
600 4517 694 4571 statim
716 4536 769 4589 ego
792 4522 993 4588 responderem,
1015 4519 1141 4573 Braheus
1163 4521 1259 4573 eodem
1280 4528 1444 4590 argumento
1466 4520 1560 4588 plures
1582 4523 1617 4574 ad
1631 4539 1674 4575 me
1696 4538 1745 4591 per

382 4613 483 4650 annum
504 4605 663 4666 sequentem
685 4597 795 4668 scripsit
817 4600 963 4668 epistolas,
994 4615 1109 4669 quarum
1130 4615 1187 4653 una
1211 4605 1277 4668 post
1297 4599 1393 4662 aliam,
1425 4615 1477 4653 sua
1498 4600 1642 4669 quaelibet
1668 4615 1746 4655 mora

382 4675 555 4745 interposita,
577 4676 643 4729 mihi
664 4686 728 4731 sunt
748 4676 883 4734 redditae.
925 4680 1037 4732 Interim
1060 4679 1166 4733 Graetii
1194 4677 1327 4748 dissipato
1354 4684 1448 4731 nostro
1471 4685 1552 4737 coetu
1573 4680 1744 4743 discentium,

382 4753 443 4824 ipse
465 4756 609 4819 salarium,
633 4759 703 4827 quod
724 4756 869 4826 capiebam
890 4774 909 4811 a
928 4757 1087 4827 proceribus
1108 4757 1266 4827 provinciae
1288 4759 1347 4811 sine
1369 4756 1483 4827 opera,'
1499 4759 1569 4811 bene
1592 4760 1744 4814 collocatu-

381 4849 428 4890 rus
449 4835 592 4893 consilium
613 4838 724 4892 tandem
750 4835 828 4907 cepi,
858 4837 1015 4907 Tychonem
1036 4837 1129 4891 Brahe
1150 4836 1279 4891 visitandi
1301 4836 1385 4892 toties
1407 4837 1579 4893 inritantem.
1624 4840 1747 4894 Venerat
