3788 5828
717 356 801 423 Caput
815 356 967 410 tur—xv.

510 516 557 581 IN
581 514 723 583 carm
744 514 948 582 DECIMUM
967 516 1180 590 QUARTUM

688 621 804 675 nomn
823 622 1002 677 inmotus.

239 712 268 782 a)
292 714 425 786 Intellige
448 714 589 785 despatio
610 714 715 769 orbium
735 715 917 789 geometrico:
941 718 975 770 de
997 715 1116 770 materia
1129 716 1209 780 enim,
1235 717 1286 770 hoc
1300 725 1352 780 est,
1378 719 1411 772 de
1428 734 1526 789 corpu·

158 796 249 851 lentis
263 795 442 850 adamantina
455 811 490 848 ne
503 794 680 849 Ptolemaeus
697 795 804 866 quidem
817 797 887 850 adeo
902 812 996 850 crasse
1010 795 1231 866 philosophatur.

238 874 269 940 b)
291 876 443 930 Extremus
464 874 582 929 circulus
605 875 746 930 zodiacum
769 875 856 931 refert
883 877 912 931 in
939 876 1006 931 orbe
1035 875 1159 939 stellato,
1188 877 1341 948 descriptus
1366 894 1403 931 ex
1432 884 1527 932 centro

159 956 259 1020 mnndi,
284 955 330 1009 rel
349 955 436 1010 etiam
456 973 494 1010 cx
508 955 595 1028 globo
610 956 740 1022 Temno,
760 957 825 1027 quia
839 962 915 1011 totus
935 957 1009 1011 orbis
1030 971 1148 1026 magnus
1168 957 1203 1010 ad
1217 974 1279 1011 eum
1293 957 1460 1012 insensibilis
1475 963 1528 1013 est.

239 1040 265 1091 Δ
288 1034 402 1090 Saturni
426 1041 560 1106 systema,
585 1036 788 1091 concentrioum
810 1054 847 1091 ex
862 1037 887 1091 G
902 1041 997 1091 centro
1019 1036 1093 1090 orbis
1111 1035 1216 1107 magni.
1254 1037 1278 1091 B
1302 1043 1426 1109 systema
1439 1038 1525 1092 doris.

159 1117 181 1172 G
203 1115 315 1171 unus.
354 1115 383 1169 D
398 1114 523 1170 Circulos
548 1114 607 1170 sire
627 1115 675 1171 ria
694 1116 783 1170 centri
802 1116 882 1189 globi
902 1116 1016 1171 Terreni
1036 1115 1212 1170 concentrica
1231 1133 1269 1172 ex
1290 1123 1386 1172 canuc
1401 1118 1442 1182 G,
1466 1134 1527 1173 cum

158 1195 315 1268 sphaerula
327 1195 432 1250 Luneri
455 1197 562 1250 duobus
584 1195 653 1250 locis
667 1196 792 1267 appicta.
829 1198 913 1253 Duae
936 1212 1039 1251 caetu
1063 1195 1156 1251 lineae
1171 1195 1322 1251 mederer
1337 1197 1411 1252 orbis
1426 1198 1529 1253 Terrae

159 1293 220 1331 cnm
244 1275 350 1331 inserta
362 1275 445 1329 Luna
463 1274 618 1330 crassitiem
632 1277 776 1331 denotant.
808 1278 833 1333 Ε
853 1277 917 1331 Duo
929 1276 1047 1340 circelli,
1069 1275 1242 1331 delineantes
1264 1278 1420 1333 crassitiem
1435 1283 1526 1349 syste-

159 1356 241 1412 matis
256 1355 384 1419 Venerii,
408 1355 484 1409 intra
498 1371 581 1427 qnam
601 1356 687 1410 omnis
702 1356 763 1425 ejus
787 1363 909 1411 motuum
931 1356 1056 1410 varietas
1080 1356 1231 1426 perficitur.
1273 1356 1431 1428 Fspatium
1455 1358 1527 1412 inter

159 1438 227 1491 duos
242 1434 377 1499 circellos,
397 1434 425 1489 in
439 1452 493 1509 qno
512 1435 598 1490 omnis
617 1444 739 1490 motuum
757 1437 858 1492 stellae
876 1435 1007 1492 Mercurii
1025 1435 1149 1491 varietas
1174 1436 1322 1506 perficitur.
1360 1439 1385 1494 G
1404 1445 1529 1494 tertuum

160 1515 285 1579 omnium,
308 1521 338 1569 et
350 1531 438 1585 prope
451 1515 542 1586 ipsum
556 1532 656 1587 corpus
672 1515 781 1571 Solate.

224 1586 327 1650 'Arcm
341 1612 392 1665 per
407 1596 430 1649 0
444 1596 510 1650 etP
524 1602 701 1650 transeuntes
723 1600 821 1668 partes
844 1600 909 1650 sunt
935 1594 1164 1665 ecoentrepicycli
1178 1594 1302 1651 Saturni.
1339 1595 1429 1651 Linea
1442 1614 1529 1651 curra

160 1693 210 1748 per
224 1676 249 1738 Q
263 1682 347 1747 atque
361 1692 412 1745 per
424 1676 588 1747 perigaeum
602 1675 726 1747 epicycli
739 1677 767 1730 in
782 1677 805 1730 0
821 1691 950 1748 apogaeo
969 1673 1121 1729 excentrici
1145 1664 1237 1744 positi,
1262 1681 1292 1729 et
1305 1691 1356 1746 per
1370 1692 1528 1750 apogaeum

160 1758 282 1827 ejusdem
296 1756 362 1810 irrP
383 1756 516 1828 perigaeo
532 1756 686 1820 eccentrici,
711 1762 756 1811 est
774 1756 822 1810 ria
843 1757 978 1826 planetae
1000 1754 1163 1809 eccentrica
1201 1756 1326 1811 circulus
1351 1757 1459 1828 quidem
1473 1774 1528 1812 non

160 1844 212 1900 est,
235 1839 284 1891 sed
307 1853 326 1890 a
339 1836 466 1891 circulari
483 1836 560 1891 linea
574 1836 744 1891 sensibiliter
762 1854 817 1892 non
831 1836 931 1891 differt
968 1836 1009 1890 Hl
1032 1835 1175 1889 crassitics
1199 1837 1306 1891 dnobus
1330 1836 1440 1892 circulis
1464 1855 1528 1892 eon·

160 1917 287 1973 conuicia
306 1916 420 1980 inclusa,
447 1933 529 1987 qnam
550 1917 599 1970 ris
612 1916 726 1971 Saturni
747 1915 903 1971 eocentrica
925 1915 978 1970 sibi
1000 1913 1130 1970 vindicat.
1164 1915 1254 1971 Linea
1275 1933 1360 1970 curva
1381 1917 1427 1971 rel
1450 1918 1528 1989 quasi

161 1998 278 2053 eireulm
293 2013 344 2066 per
356 1997 387 2051 M
409 2003 439 2050 et
458 2013 510 2066 per
534 2013 693 2068 apogaeum
717 1996 835 2068 epicycli
855 1996 883 2049 in
899 1996 938 2060 0,
964 2001 1049 2066 atque
1069 2011 1120 2064 per
1140 1996 1304 2068 perigseum
1318 1995 1441 2064 ejusdem
1465 1996 1529 2051 inP

160 2076 309 2139 transiens,
323 2076 493 2131 sccentricns
507 2083 560 2139 est,
584 2094 664 2147 quem
678 2077 855 2131 Ptolemaeus
880 2081 1091 2147 aequantem
1110 2082 1202 2131 vocat
1239 2075 1292 2130 KL
1307 2076 1447 2131 crassities
1463 2078 1529 2131 duo·

160 2159 211 2213 bns
225 2156 318 2211 caecis
330 2155 440 2210 suculis
454 2156 634 2211 concentricis
648 2157 814 2228 intercepta,
839 2171 921 2227 quam
936 2161 1013 2210 totus
1025 2155 1174 2225 'epinyclus
1189 2162 1219 2210 et
1233 2172 1357 2227 aequans
1376 2156 1426 2211 ille
1438 2157 1529 2229 requi·

159 2245 234 2294 runt.
261 2236 384 2291 Planeta
398 2252 462 2290 rero
476 2237 555 2291 ultra
567 2237 594 2290 Η
609 2253 747 2307 nunquam
762 2236 896 2298 ascendit,
913 2253 963 2289 nec
976 2234 1051 2289 inira
1064 2235 1077 2288 1
1090 2235 1239 2290 descendit.
1470 2256 1485 2287 ο

240 2316 379 2371 Similibus
404 2316 622 2386 particularibus
644 2316 756 2371 orbibus
780 2322 892 2371 ceterae
902 2316 1041 2386 sphaerae
1055 2313 1139 2369 etiam
1153 2316 1301 2370 distinctae
1322 2314 1528 2389 intelligantur,

162 2397 208 2469 qni
221 2404 324 2460 tamen.
348 2413 384 2451 ne
398 2396 546 2450 multitudo
568 2396 702 2451 linearum
724 2396 868 2468 negotium
891 2395 984 2465 potius
1004 2395 1174 2459 obscuraret,
1199 2411 1282 2468 quam
1296 2397 1460 2461 declararet,
1484 2396 1530 2451 hic

164 2477 336 2531 omittuntur.
372 2476 437 2530 ideo
451 2475 479 2530 in
492 2477 562 2530 dore
577 2483 607 2530 et
620 2477 712 2530 Marte
725 2477 773 2531 via
790 2493 883 2530 eorum
905 2474 1060 2529 ecoentrica
1082 2476 1190 2547 duoque
1208 2491 1270 2531 eam
1289 2475 1462 2531 continentes
1477 2474 1528 2531 oii-

163 2557 216 2612 culi
232 2555 406 2617 concentrici,
428 2555 457 2608 in
471 2556 571 2610 ceteris
586 2557 638 2609 soli
653 2555 818 2611 concentrici
832 2555 963 2625 descripti
977 2553 1126 2610 sufficiunt.

242 2635 343 2707 Spatia
355 2634 527 2690 intermedia.
556 2637 582 2690 R
596 2636 673 2691 locus
688 2637 759 2701 cubi,
779 2635 957 2699 Stetraddri,
981 2634 1189 2700 Tdodecaddri,
1205 2636 1230 2690 V
1243 2635 1387 2701 icosaedri,
1407 2635 1436 2691 X
1450 2642 1529 2690 octa·

163 2717 231 2772 edri.
251 2712 285 2771 'N
298 2722 344 2770 est
356 2715 477 2784 spatium
491 2715 564 2770 inter
577 2716 727 2771 Saturnum
741 2722 771 2770 et
784 2716 865 2777 lixas.
890 2714 996 2770 infinito
1016 2714 1113 2769 simssa

233 2793 305 2845 Esse
317 2791 440 2857 chlsms
454 2795 584 2844 mactarit
600 2796 627 2843 in
644 2794 734 2844 tabula
749 2796 813 2856 ipsa.
843 2792 968 2855 Inscripta
987 2797 1040 2842 est:
1060 2791 1166 2842 Tabella
1184 2791 1318 2843 ostendens
1337 2806 1421 2843 rerem
1439 2794 1528 2858 ampli·

166 2865 278 2916 tudinem
297 2864 391 2927 orbium
408 2863 553 2916 coelestum
572 2871 598 2916 st
615 2865 809 2922 interstitiorum,
829 2861 964 2913 secundnm
982 2876 1096 2912 numeros
1115 2869 1142 2913 et
1158 2864 1309 2914 secundam
1328 2863 1465 2930 (lopernlet.

242 2933 272 3004 c)
293 2938 319 2993 tt
341 2954 372 2992 re
396 2938 456 2991 'one
477 2938 554 3001 sitos,
575 2945 608 2993 ut
630 2936 803 3001 577-635,
826 2936 866 2990 sic
886 2934 1054 2990 333-333.

242 3014 272 3083 d)
295 3017 325 3072 si
338 2954 404 3077 ini
416 3033 471 3071 non
485 3032 577 3072 sumas
593 3014 664 3079 577,
686 3017 794 3071 radium
807 3015 932 3085 inscripti
946 3016 1092 3080 omaedro,
1117 3015 1165 3069 sed
1180 3011 1250 3079 707,
1274 3016 1383 3071 radium
1396 3013 1522 3086 inscripti

165 3099 299 3169 quanto
314 3096 451 3152 octaedri:
467 3106 533 3152 mna
546 3098 669 3152 isteuon
682 3099 798 3151 multum
812 3096 952 3166 discrepat
966 3112 984 3148 a
999 3093 1066 3150 723.

61 3223 71 3229 .
243 3173 274 3245 a)
297 3177 351 3232 ffio
370 3177 513 3248 proportio
535 3177 641 3233 orbium
654 3176 726 3231 Solis
741 3186 771 3231 et
784 3177 880 3232 Lunae
900 3175 1050 3230 assumitur
1064 3191 1108 3239 es,
1135 3189 1205 3245 quae
1219 3173 1268 3230 '20
1283 3177 1318 3230 ad
1336 3176 1368 3239 l,
1392 3180 1528 3248 quantam

165 3257 250 3313 tradit
263 3256 434 3312 monentia
447 3258 565 3329 antiqua
578 3256 695 3311 circiter.
723 3261 765 3312 At
778 3259 862 3312 doceo
878 3256 927 3309 lib.
942 3256 988 3310 [V.
1004 3256 1155 3326 Epitomes,
1171 3256 1243 3327 quod
1256 3254 1353 3311 illusit
1367 3256 1425 3311 fere
1439 3254 1527 3325 triplo

165 3337 266 3407 ¹¹¹⁸ti⁰ft
290 3337 344 3392 etsi
357 3335 386 3391 in
398 3337 629 3408 Ephemeridibus
654 3338 789 3392 modestia
808 3338 926 3408 quadam
948 3352 1013 3390 usus
1036 3335 1167 3407 usurpari
1191 3333 1268 3391 illam
1282 3335 1424 3409 sesquiplo
1437 3334 1528 3405 majo·

164 3433 228 3480 rem,
244 3419 303 3473 scil.
319 3433 381 3471 eam
396 3434 469 3489 quae
484 3418 522 3474 30
539 3419 574 3472 ad
592 3419 625 3480 l,
641 3416 751 3487 interim
765 3419 827 3472 dum
842 3417 927 3488 plane
942 3416 1139 3472 concluderem.

730 3687 852 3787 Caput
877 3687 960 3761 XV.
1319 3774 1323 3777 Π

341 3844 503 3910 C‘otrectio
527 3846 755 3909 distantiarum
776 3852 808 3908 et
829 3802 997 3909 (literatos
1016 3845 1351 3927 prostaptaeresoon.

255 3989 303 4053 Ne
326 4006 398 4050 vero
422 3985 477 4049 tibi
501 3986 598 4048 lector
616 3986 711 4050 amice
735 3985 924 4048 occasionem
948 3985 1039 4047 ullam
1063 3985 1226 4065 praebeam
1249 3992 1345 4049 toturn
1360 3985 1418 4048 hoc
1431 4003 1536 4065 nego-1

169 4077 242 4141 tium
260 4083 386 4157 propter
408 4075 567 4137 loriculam
587 4073 768 4138 discordiam
781 4072 947 4154 rejiciendi,
972 4074 1137 4136 monendus
1155 4074 1204 4137 hic
1220 4094 1263 4148 es,
1283 4075 1366 4155 “qnod
1389 4081 1421 4136 te
1436 4074 1531 4154 probe

168 4166 341 4229 meminisse
364 4164 468 4238 velim,
504 4161 664 4244 Copernici
687 4164 833 4224 intentum
863 4180 920 4224 non
944 4161 974 4223 in
998 4163 1229 4242 cosmographia
1258 4162 1388 4236 versari,
1422 4163 1476 4224 sed
1500 4163 1530 4224 in

169 4254 370 4317 astronomia:
402 4254 458 4315 hoc
481 4259 548 4326 est,
573 4261 673 4314 utrum
695 4250 829 4313 nonnihil
853 4251 882 4312 in
906 4269 1009 4312 veram
1033 4251 1147 4314 orbium
1172 4252 1395 4330 proportionem
1412 4258 1528 4329 peccet,

168 4362 273 4424 pamm
296 4342 355 4422 ipsi
379 4359 468 4404 curae
491 4349 549 4415 est,
574 4341 663 4402 modo
686 4358 825 4402 numeros
848 4357 888 4400 ex
911 4339 1175 4403 observationibus
1194 4359 1248 4401 eos
1271 4339 1455 4413 constituat,
1479 4340 1529 4419 qni

115 4504 122 4512 ‚
169 4432 232 4496 siut
263 4432 303 4493 ad
336 4429 588 4492 demonstrandos
620 4436 720 4491 motus
751 4428 1000 4509 planetarumque
1033 4429 1100 4490 locs
1131 4428 1350 4506 computanda,
1386 4424 1530 4508 qnantum

170 4520 232 4583 lieri
256 4519 357 4599 potnit
378 4516 508 4580 maxime
532 4518 606 4596 apti.
653 4517 699 4579 At
722 4516 748 4579 si
773 4516 840 4597 quis
869 4515 1003 4596 aptiores
1026 4518 1098 4578 dare
1121 4525 1247 4580 conetur
1274 4525 1307 4577 et
1329 4517 1385 4578 hos
1410 4512 1529 4596 Ooper-

170 4609 227 4672 tici
251 4627 391 4671 numeros
413 4606 458 4668 ita
481 4606 628 4686 corrigat.
659 4613 692 4666 nt
719 4604 791 4667 nihil
815 4604 932 4668 interea
960 4611 1013 4666 ant
1041 4624 1147 4686 parum
1175 4605 1204 4665 in
1228 4605 1530 4684 prosthsphaeresesi

171 4696 281 4770 turbet,
306 4697 336 4759 id
362 4695 406 4758 illi
429 4713 484 4774 per
507 4692 706 4775 Oopemicum
730 4693 819 4756 facile
843 4693 955 4757 licebit.

259 4787 304 4850 Ut
331 4784 423 4865 igitur
450 4802 596 4846 summam
628 4781 755 4862 denique
783 4780 851 4844 hnic
878 4781 1001 4861 negotio
1029 4798 1149 4842 manum
1180 4780 1350 4862 imponam,
1384 4786 1474 4859 atque
1497 4786 1532 4840 ut

172 4882 335 4961 appareat,
369 4870 438 4953 qnid
463 4880 664 4953 quantumque
693 4888 787 4954 penes
818 4870 953 4953 singulos
985 4870 1126 4948 planetas
1154 4868 1185 4931 in
1212 4866 1419 4949 parallaxibns
1450 4865 1531 4928 orbis
