3872 5836
601 342 633 392 es
651 340 844 393 cunamen
862 318 1111 430 mensorem
1471 333 1534 402 ltt

185 505 299 569 nalinm
332 502 490 582 eclipsium
522 520 581 563 non
610 519 678 562 esse
701 490 922 576 diminuebdas,
955 501 1010 563 sed
1038 499 1192 581 angendae
1218 498 1320 580 potins
1344 497 1539 580 aequationes

184 595 277 657 Solis.
324 593 431 672 Itaque
461 592 486 654 si
514 597 639 671 propter
661 596 775 651 certum
799 608 951 678 nnmerum
975 590 1090 653 dierum
1122 590 1160 651 ab
1184 586 1372 669 aequinoctio
1396 587 1476 648 veris
1500 587 1539 649 ad

137 708 151 716 ’
183 680 357 746 autumnale
384 687 520 745 centrum
552 687 652 741 motus
674 679 793 740 omnino
818 679 897 740 idem
919 698 1042 743 manere
1067 679 1158 741 debet
1182 677 1261 752 Soli,
1295 683 1327 738 et
1349 676 1539 739 nihilominus

183 775 249 852 ejus
273 769 486 833 eooentricitas
509 777 634 848 propter
656 767 784 848 eclipses
807 770 947 847 augenda
968 776 1036 830 ast:
1060 769 1121 842 fiet,
1146 779 1180 829 nt
1202 757 1282 828 inter
1299 774 1407 828 centra
1430 785 1539 829 eccen-

188 861 256 923 triei
279 868 314 921 et
336 859 448 921 Terrae
472 865 607 920 centrum
630 858 789 936 aequantia
811 857 911 941 medio
935 858 1001 919 loco
1024 856 1154 918 incidat:
1180 856 1261 917 sicut
1283 856 1312 917 in
1338 855 1540 936 superioribus

185 960 218 1012 et
242 949 267 1024 Ω
292 948 387 1027 (apud
411 947 634 1019 Ptolemaeum)
658 954 708 1008 est
730 966 822 1027 supra
844 954 979 1009 centrum
1002 945 1172 1017 eooeutrioi‚
1197 944 1333 1007 iuLuna
1354 944 1432 1007 inira
1455 944 1486 1006 id
1510 945 1539 1005 in

184 1042 252 1119 ipso
275 1046 381 1100 centro
405 1036 532 1107 Terrae,
564 1034 594 1095 in
618 1035 724 1114 §jam
747 1054 853 1116 sopra,
881 1036 945 1115 jam
969 1036 1060 1110 inira,
1092 1034 1190 1097 medio
1214 1034 1279 1096 loco
1302 1036 1381 1097 inter
1403 1043 1538 1097 centrum

183 1130 296 1190 Terrae
319 1133 352 1186 et
372 1122 541 1197 ecoeutrioi‚
561 1122 627 1203 jam
650 1125 689 1185 ad
712 1124 794 1186 latus
818 1126 1005 1187 alterutrum.
1052 1124 1146 1186 Porro
1170 1123 1245 1184 haec
1267 1123 1379 1205 positio
1403 1143 1540 1202 aequan-

182 1218 225 1281 tis
257 1217 288 1277 iu
321 1214 453 1295 sphaera
485 1210 525 1289 Θ
554 1213 645 1293 plane
683 1220 789 1275 contra
820 1230 955 1276 normam
987 1213 1172 1293 superiorum
1204 1220 1368 1294 contraque
1405 1212 1541 1274 rationes

184 1305 327 1389 physicas
350 1301 461 1364 terruit
482 1319 541 1374 me,
566 1318 603 1361 ne
627 1301 759 1364 sortasse
783 1303 898 1364 ruinam
922 1302 1177 1383 aequinoctiorum
1201 1321 1304 1364 secum
1327 1302 1438 1376 nabat,
1465 1320 1541 1383 qnae
1657 1350 1664 1362 .

189 1394 314 1477 pulchre
341 1398 470 1472 possunt
500 1390 666 1452 observari.
712 1391 819 1470 ltaque
848 1391 982 1454 abstinui
1012 1410 1119 1454 manus
1151 1413 1170 1454 a
1200 1391 1329 1471 sphaera
1362 1390 1454 1454 Solis.
1500 1391 1543 1451 Et

183 1494 286 1547 tamen
320 1498 414 1543 causa
442 1479 553 1541 erroris
586 1478 616 1540 in
644 1479 806 1558 eclipsibus
837 1499 903 1543 cnm
931 1498 1009 1542 anno
1033 1480 1232 1555 convertitur,
1265 1488 1300 1542 nt
1326 1481 1456 1543 vidimus
1484 1481 1542 1542 hoo

185 1589 274 1636 anuo.
321 1567 504 1632 Necessario
527 1568 630 1648 itaque
653 1569 693 1630 ad
714 1569 809 1630 talem
834 1589 956 1632 cansam
979 1570 1114 1649 confugi,
1139 1570 1237 1651 qualis
1261 1578 1310 1631 est
1331 1571 1362 1632 iu
1382 1570 1444 1632 mei
1466 1588 1541 1649 pro-

184 1657 315 1741 gnostici
338 1654 514 1737 appendice.
563 1656 597 1718 ld
612 1676 777 1719 consonum
792 1657 969 1733 rationibus,
995 1658 1053 1721 nisi
1068 1659 1146 1739 qnod
1159 1659 1224 1739 jam
1242 1658 1358 1740 pridem
1372 1659 1443 1722 illas
1457 1678 1542 1720 meas

185 1750 272 1813 nimis
297 1746 428 1809 audaces
450 1745 585 1807 rationes
609 1747 725 1809 taxasti
748 1747 879 1809 leviteru
914 1745 1087 1810 consonum
1115 1759 1164 1810 est
1186 1748 1278 1828 igitur
1305 1747 1332 1809 si
1355 1768 1413 1811 nou
1443 1746 1541 1815 tatio-

184 1840 282 1912 uibus,
306 1842 389 1898 certe
413 1833 632 1914 suspicionibus
655 1835 816 1898 rationum.
863 1836 1152 1909 VidemusLnnam
1173 1846 1264 1918 prout
1286 1838 1356 1918 ipsa
1376 1854 1432 1919 per
1454 1856 1487 1899 se
1512 1843 1543 1898 et

184 1946 241 1990 sno
265 1932 348 1987 motu
369 1922 452 1985 circa
470 1923 594 1985 Terram
618 1924 657 1985 ad
680 1923 783 1987 Solem
806 1926 856 1987 vel
879 1946 899 1987 a
916 1925 989 1991 Sole
1014 1926 1088 2001 abit,
1112 1927 1242 2003 tardam,
1267 1928 1412 2002 velocem,
1438 1927 1550 1999 altam,‘

185 2016 327 2078 humilem
355 2012 492 2075 aTerra
513 2011 587 2076 fieri.
634 2013 669 2075 Id
693 2015 751 2076 etsi
780 2015 945 2089 nescimus,
974 2016 1163 2097 suspicamur
1189 2024 1291 2079 tamen
1322 2017 1394 2079 avi
1417 2014 1544 2079 motrioe

186 2105 268 2168 Solis
292 2119 371 2165 esse.
419 2099 453 2163 Si
475 2102 533 2163 hoc
557 2101 659 2164 evenit
682 2103 787 2165 Lunae
817 2112 943 2185 propter
965 2114 1079 2168 motum
1108 2126 1192 2167 sunm
1210 2107 1377 2187 proprium,
1410 2124 1462 2167 cnr
1485 2123 1544 2166 non

185 2194 307 2257 eveniat
336 2191 432 2253 eidem
461 2198 586 2271 propter
613 2201 727 2254 motum
750 2193 880 2268 Terrae,
904 2213 959 2274 per
988 2214 1075 2276 quem
1099 2197 1167 2277 ipsa
1196 2214 1262 2257 cum
1286 2203 1351 2258 toto
1382 2213 1436 2257 suo
1460 2194 1544 2256 coelo

101 2349 106 2355 ,
185 2284 283 2345 hieme
307 2280 484 2342 admovetur
508 2279 582 2348 Soli,
618 2289 738 2343 aestate
762 2282 801 2345 ab
825 2300 860 2344 eo
885 2284 1076 2346 dimovetur?
1121 2284 1275 2365 Objioias,
1300 2284 1452 2347 diversam
1476 2302 1546 2344 esse

188 2373 337 2435 rationem
368 2368 517 2449 utrinque.
564 2369 643 2431 Nam
675 2373 701 2433 si
730 2372 802 2451 quid
832 2372 1002 2452 hujusmodi
1025 2374 1130 2437 Lunae
1154 2374 1289 2449 eveniat,
1324 2375 1402 2455 qnod
1427 2392 1544 2435 errores

186 2464 267 2524 eima
289 2459 419 2539 eclipses
442 2456 645 2537 patefaciant,
679 2461 873 2541 undecunque
895 2462 926 2524 id
950 2463 1006 2538 sit,
1040 2462 1070 2524 id
1100 2480 1250 2525 eumuna
1277 2464 1464 2526 revolutione
1489 2480 1543 2522 ac-

186 2568 291 2613 cessus
323 2557 354 2609 et
377 2566 516 2609 recessus
540 2548 616 2609 coeli
639 2548 770 2611 Lunaris
803 2549 916 2612 aSole
945 2552 1038 2613 semel
1066 2551 1201 2614 converti
1230 2560 1262 2613 et
1286 2551 1452 2614 terminari.
1500 2552 1545 2611 At

187 2656 278 2719 supra
309 2637 339 2698 in
370 2656 430 2715 qna
452 2635 640 2699 revolutione
673 2639 807 2718 corporis
832 2637 936 2701 Lunae
966 2659 1108 2702 accessus
1137 2648 1169 2702 et
1192 2660 1331 2703 recessus
1355 2662 1374 2701 a
1396 2638 1469 2701 Sole
1497 2638 1545 2699 bis

188 2727 407 2791 terminabatur
436 2725 490 2788 illa
517 2724 727 2805 inaequalitas.
774 2727 970 2806 Respondeo,
1000 2729 1150 2790 diversam
1179 2728 1270 2790 etiam
1300 2737 1331 2791 et
1357 2729 1448 2808 plane
1477 2726 1545 2789 huic

189 2819 231 2879 rei
256 2816 383 2877 similem
406 2815 555 2877 rationem
578 2815 606 2876 in
631 2833 667 2876 eo
692 2835 774 2889 esse,
805 2817 884 2896 quod
907 2817 1002 2879 Terra
1024 2825 1056 2879 et
1079 2817 1194 2879 coelum
1208 2818 1313 2880 Lunae
1337 2818 1419 2879 circa
1441 2814 1545 2878 Solem

190 2924 308 2986 semper
330 2904 532 2985 progreditur,
556 2913 589 2966 at
613 2922 719 2984 corpus
736 2905 840 2967 Lunae
864 2905 894 2967 in
918 2904 1042 2967 dimidia
1064 2905 1251 2968 revolutione
1269 2905 1470 2987 progreditur,
1496 2903 1544 2964 di-

189 2994 282 3058 midia
304 2994 472 3073 regreditur
495 3002 636 3072 respectu
651 2990 744 3055 Solis.
790 2992 876 3056 Haeo
899 2995 1013 3056 habent
1034 2994 1112 3057 inter
1131 3014 1164 3057 se
1188 2995 1358 3075 analogiam
1383 2992 1544 3074 quandam.

189 3073 296 3165 Itaque
315 3083 447 3163 suspicio
470 3094 533 3158 est,
562 3101 650 3144 unum
673 3101 742 3144 esse
766 3102 888 3145 cansam
912 3083 1048 3146 alterius.
1095 3082 1158 3146 Sed
1186 3084 1318 3148 sufficiat
1350 3089 1469 3144 tantum
1490 3081 1545 3160 pro

187 3172 382 3236 excusatione
397 3172 522 3234 dixisse.
569 3169 700 3242 Quinto:
726 3192 763 3234 an
782 3190 854 3236 vero
869 3191 928 3235 nou
942 3173 1049 3254 iugens
1064 3173 1192 3236 audacia
1205 3181 1263 3249 ost,
1287 3173 1406 3236 unicam
1421 3171 1545 3234 diurnae

189 3262 384 3325 revolutionis
408 3261 582 3341 etquidem
605 3261 850 3342 aequalissimam
875 3282 1044 3325 mensuram
1068 3262 1261 3326 adulterare?
1305 3264 1385 3327 Nam
1408 3261 1465 3323 boo
1488 3276 1546 3322 uuo

192 3350 348 3413 conamine
372 3358 440 3413 tota
463 3351 540 3413 coeli
561 3352 703 3414 machina
726 3352 887 3415 laxabitur.
935 3350 1015 3425 Quid
1035 3354 1100 3431 jam
1124 3352 1200 3415 certi
1224 3353 1261 3416 de
1275 3351 1358 3415 Solis
1381 3356 1466 3413 motu
1488 3348 1546 3410 ha-

189 3441 343 3515 bebimus,
367 3441 394 3503 si
418 3441 456 3502 de
479 3459 620 3503 mensura
642 3441 701 3503 diei
726 3444 801 3504 certi
824 3459 883 3503 non
907 3462 1019 3518 sumus,
1044 3449 1098 3503 aut
1120 3461 1179 3523 qua
1201 3461 1342 3505 mensura
1366 3448 1498 3510 utemur,
1520 3436 1548 3499 si

192 3530 257 3592 dies
281 3530 368 3592 nobis
387 3529 540 3591 metienda
563 3531 629 3591 est?
675 3530 868 3608 Respondeo,
892 3532 1002 3592 nullius
1026 3550 1074 3592 me
1088 3532 1183 3609 pudet
1201 3531 1356 3605 audaciae,
1379 3548 1435 3609 per
1458 3544 1547 3607 quam

191 3638 314 3700 sperare
337 3636 480 3697 possum,
510 3636 556 3677 me
575 3624 691 3679 certum
714 3619 753 3677 ab
777 3617 942 3681 artificibus
965 3637 1141 3698 responsum
1165 3618 1274 3679 elicere
1296 3636 1398 3699 posse.
1440 3614 1547 3686 Quare

192 3708 233 3768 ite
262 3706 411 3780 artifices,
446 3705 535 3767 facite
563 3705 729 3785 periculum
761 3705 821 3781 rei,
860 3704 1031 3785 explorate‘
1049 3705 1261 3768 certitudinem
1292 3712 1393 3768 motus
1426 3720 1546 3765 arenae.

193 3796 338 3872 Magnum
362 3793 491 3873 aliquem
514 3793 663 3855 cumulum
688 3810 798 3855 arenae
815 3811 875 3872 ,per
899 3794 1031 3856 foramen
1056 3793 1133 3856 satis
1149 3793 1279 3873 amplum
1303 3791 1466 3864 demittite,
1490 3790 1548 3851 ad·
1587 3829 1589 3833 .

192 3891 256 3942 este
280 3881 339 3960 ipsi
361 3881 493 3960 negotio,
518 3900 640 3961 operam
663 3882 735 3942 date
758 3900 796 3944 ne
820 3880 906 3943 initio
929 3883 1060 3944 maximo
1074 3882 1208 3962 pondere
1230 3888 1386 3962 prematur
1401 3881 1545 3953 foramen,

192 3970 248 4029 line
273 3986 343 4029 vero
366 3969 439 4030 nihil
462 3979 581 4049 urgeat.
627 3969 751 4033 Modica
774 3989 893 4050 semper
915 3972 961 4034 vis
986 3991 1075 4033 manu
1094 3970 1271 4033 sufficiatur.
1317 3968 1468 4032 Metimini
1491 3968 1548 4031 boo
1572 3978 1581 3999 ⁸

191 4065 282 4138 pacto
311 4057 389 4119 diem
418 4058 586 4135 hibernum,
620 4060 701 4121 diem
723 4058 797 4121 item
821 4060 984 4136 aestivum,
1018 4059 1045 4122 si
1069 4059 1268 4122 differentiam
1297 4058 1437 4122 invenitis
1462 4055 1549 4119 unius

193 4156 247 4208 ant
275 4147 400 4208 duarum
421 4146 574 4224 horarum,
609 4149 802 4230 gratulamini
825 4148 923 4210 vobis.
968 4150 1075 4229 Neque
1100 4148 1165 4225 Soli
1193 4151 1328 4213 metuite.
1374 4146 1548 4228 Nam'quid

192 4236 326 4298 efficiunt
349 4235 381 4299 5¹
405 4237 519 4309 (motus
542 4235 563 4301 2
585 4238 742 4311 horarum)
766 4237 795 4299 in
819 4237 1035 4314 declinatione,
1061 4254 1150 4319 quam
1175 4239 1273 4302 solam
1296 4236 1381 4300 vobis
1404 4236 1479 4299 licet
1499 4236 1548 4298 in-

192 4326 369 4388 strumentis
392 4326 522 4407 oapere?
568 4326 630 4390 Sed
655 4344 736 4389 eram
760 4326 872 4389 oblitus
897 4346 988 4407 snpra
1011 4328 1139 4390 alteram
1162 4347 1288 4390 cansam
1311 4328 1349 4390 de
1364 4326 1452 4388 Luna
1475 4325 1549 4399 (uon

193 4415 229 4476 de
245 4414 333 4489 Sole)
358 4415 529 4496 suspicandi
553 4416 726 4496 adjungere.
771 4415 893 4478 Etenim
916 4417 942 4478 si
959 4415 1052 4491 Solis,
1065 4418 1261 4497 aequationes
1284 4416 1424 4478 ineanss
1447 4421 1580 4476 esseut*

193 4504 304 4567 erroris
327 4505 410 4567 circa
431 4503 575 4585 eclipses,
601 4505 706 4567 Lunae
730 4503 823 4584 igitur
846 4512 945 4567 motus
970 4514 1074 4568 essent
1096 4507 1187 4577 certi,
1216 4514 1249 4567 et
1275 4504 1402 4568 inveniri
1425 4503 1551 4566 deberet

194 4593 281 4654 Lnna
304 4614 339 4656 eo
364 4595 440 4670 loco,
464 4594 494 4656 iu
519 4613 606 4675 quem
630 4614 649 4654 a
671 4594 788 4657 calculo
807 4595 970 4673 reponitur.
1017 4595 1063 4657 At
1086 4594 1134 4656 die
1159 4594 1326 4675 paschatis,
1351 4593 1394 4654 nti
1418 4609 1466 4653 me
1484 4590 1549 4670 pri-

195 4680 262 4743 dem
286 4683 446 4763 scripsisse
469 4683 642 4746 meminisse
666 4690 762 4762 potes,
788 4682 875 4745 Luna
899 4690 986 4745 tanto
1011 4684 1072 4746 iere
1097 4683 1193 4746 serius
1217 4685 1256 4746 ad
1280 4685 1378 4746 locum
1401 4679 1565 4743 acaloulo.

194 4770 377 4835 destinatum
401 4774 549 4852 pervenit,
574 4780 687 4852 quanto
711 4771 808 4833 serius
831 4772 954 4852 eclipsis
976 4772 1059 4851 prior
1083 4780 1273 4853 apparuerat.
1321 4770 1403 4850 Ergo
1418 4766 1549 4848 suspicio

193 4871 253 4936 est,
277 4863 382 4923 Lunae
406 4870 520 4924 motum
544 4862 645 4943 potius
669 4879 759 4944 quam
783 4858 865 4924 Solis
888 4861 917 4923 in
941 4880 1035 4925 causa
1058 4882 1136 4925 esse.
1578 4865 1582 4873 '
