3788 5828
411 393 477 461 tls
967 392 1089 459 ΑΜ*
1106 390 1229 455 nyssam

413 575 464 619 ses
486 553 721 629 astronomicas,
753 553 810 628 ait,
849 571 918 614 esse
947 551 1078 614 effictam
1103 549 1336 613 delineationem
1369 538 1565 628 imaginariae
1594 567 1653 611 non
1683 567 1774 611 verae

412 653 445 707 et
467 644 613 723 genuinae
641 644 755 705 formae
778 640 955 723 systematis
979 638 1130 702 mundani.
1179 637 1296 709 Quibus
1330 638 1430 700 verbis
1461 645 1566 718 aperte
1594 645 1689 716 negat
1715 639 1772 720 hy·

411 732 551 813 pothesin
576 750 660 800 esse,
694 750 771 812 quae
794 749 853 791 non
877 731 919 792 sit
943 730 1030 791 salsa.
1077 726 1243 791 Confirmat
1267 729 1343 789 hanc
1367 746 1455 789 snam
1475 726 1660 788 seutentiam
1682 727 1773 807 paulo

412 830 496 902 post,
526 820 657 894 ubisit,
687 819 760 881 nihil
786 819 959 881 aliudesse
984 818 1185 899 hypotheses,
1220 836 1308 896 quam
1332 824 1502 878 commenta
1526 816 1685 896 quaedam.
1732 812 1774 876 Et

412 909 535 985 inferius
559 909 612 983 ait,
636 927 697 970 non
720 910 784 970 fore
807 908 991 987 hypotheses
1015 908 1041 967 si
1066 925 1154 967 verae
1181 905 1252 966 sint.
1305 904 1396 967 ltem':
1421 903 1574 984 proprium
1592 923 1660 965 esse
1675 904 1774 986 hypo·

372 1062 382 1089 Ι
413 999 560 1067 thesium,
591 1016 629 1057 ex
653 997 732 1059 falso
755 1014 860 1058 verum
884 996 1045 1057 sciscitari.
1092 993 1193 1065 Quare
1224 995 1387 1056 secundum
1411 994 1488 1055 hano
1512 993 1695 1055 sententiam
1718 1010 1775 1054 nec

414 1087 581 1150 movebitur
604 1085 699 1148 'l'erra
731 1105 787 1147 nec
810 1086 956 1164 quiescet.
1002 1084 1169 1162 Utramque
1193 1083 1272 1146 enim
1297 1082 1477 1163 hypothesin
1499 1082 1595 1145 Ursus
1619 1082 1774 1144 fatebitur.

413 1176 455 1239 Et
477 1176 559 1237 mille
582 1175 668 1237 talia.
716 1172 778 1235 Sed
802 1173 858 1235 hoc
882 1181 1050 1235 monstrum
1073 1171 1255 1235 delinitionis
1280 1171 1345 1251 jam
1367 1179 1460 1233 antea
1483 1170 1560 1232 satis
1583 1179 1633 1232 est
1655 1171 1776 1232 reluta-

414 1274 476 1328 tum
509 1282 564 1326 nec
587 1261 689 1324 verbis
713 1263 835 1342 dignum
860 1270 917 1323 est.
965 1262 1044 1323 Tota
1066 1262 1162 1323 series
1183 1280 1315 1322 errorum
1339 1270 1386 1322 est
1410 1279 1448 1322 ex
1471 1259 1596 1322 sinistro
1620 1259 1776 1321 intellectu

415 1353 525 1436 etymi:
551 1347 768 1423 ὑποτιθισθαι,
802 1352 883 1431 qnod
904 1351 983 1413 Urso
1003 1350 1122 1411 videtur
1149 1350 1228 1411 idem
1253 1349 1422 1429 essequod
1448 1348 1569 1431 lingere.
1617 1349 1662 1410 st
1684 1352 1778 1428 supra

415 1443 553 1516 diximus,
579 1440 645 1520 qais
669 1441 736 1520 ejus
758 1439 800 1501 sit
821 1439 1010 1519 significatus
1033 1439 1113 1519 apud
1136 1446 1317 1518 geometras.

501 1529 619 1592 Deinde
644 1529 837 1610 hypotheses,
858 1528 911 1600 ait,
935 1527 1063 1608 confingi
1087 1527 1124 1588 ad
1146 1526 1352 1589 observandos
1371 1534 1468 1587 motus
1484 1525 1644 1587 coelestes.
1690 1524 1776 1587 Haec

413 1619 567 1681 sententia
590 1617 772 1679 ediemetro
785 1624 901 1697 pugnat
922 1635 988 1679 cum
1022 1615 1161 1677 veritate.
1208 1616 1311 1677 Motus
1343 1614 1493 1677 coelestes
1517 1613 1681 1676 obseruare
1700 1631 1777 1693 pns-

412 1727 534 1781 sumus,
568 1706 652 1767 nulla
683 1707 773 1785 plane
805 1704 912 1767 imbuti
935 1704 1073 1785 opinione
1103 1704 1193 1766 ullius
1217 1703 1425 1784 dispositionis
1448 1703 1608 1766 coetorum.
1654 1700 1777 1764 Etenim

415 1795 592 1858 observatio
613 1803 745 1856 motuum
769 1793 946 1855 coelestiam
974 1801 1163 1854 astronomos
1187 1794 1350 1854 manducat
1373 1792 1412 1853 ad
1436 1791 1621 1873 hypotheses
1643 1791 1778 1871 legitime

415 1884 654 1958 constituendas,
680 1902 738 1944 nou
754 1902 770 1943 e
786 1882 947 1944 contrario.
995 1880 1083 1952 Quod
1107 1882 1239 1943 enimin
1263 1882 1342 1943 omni
1357 1880 1528 1960 cognitione
1552 1881 1595 1956 lit,
1620 1889 1656 1944 ut
1677 1880 1719 1941 ab
1740 1880 1778 1942 iis

415 1991 495 2055 qnae
516 1973 547 2033 in
570 1991 678 2033 sensnm
708 1971 861 2033 incurrunt
892 1970 1007 2045 exorsi,
1041 1971 1150 2031 mentis
1174 1970 1341 2050 agitatione
1369 1969 1571 2050 provehamur
1592 1970 1632 2032 ad
1655 1968 1776 2041 dam,

416 2080 494 2142 quae
522 2060 603 2122 nullo
632 2078 739 2121 sensus
772 2059 907 2122 acumine
940 2058 1153 2139 comprehensi
1185 2067 1309 2138 queunt,
1343 2059 1422 2120 idern
1455 2065 1487 2120 et
1517 2057 1559 2119 in·
1575 2059 1778 2120 astronomica

416 2148 537 2229 negotio
562 2150 658 2210 locum
681 2148 787 2221 habet,
822 2148 870 2210 ubi
894 2148 1020 2227 primum
1049 2147 1149 2209 varios
1179 2149 1372 2228 planetarum
1400 2147 1477 2208 situs
1506 2146 1634 2209 mnemia
1657 2154 1777 2226 tempn-

416 2239 498 2300 ribns
522 2238 616 2299 oculis
640 2245 793 2311 notamus,
824 2236 930 2316 quibus
954 2235 1214 2299 observationibus
1239 2236 1432 2298 ratiocinatio
1453 2235 1667 2316 superveniens
1692 2253 1779 2297 men-

416 2334 478 2388 tem
500 2327 532 2388 in
555 2325 755 2405 cognitionem
779 2325 894 2387 formae
916 2325 1086 2386 mundanae
1111 2325 1247 2399 deducit,
1275 2326 1361 2405 cnjus
1376 2322 1494 2406 quidem
1520 2324 1633 2388 termas
1647 2324 1777 2386 manda·

415 2434 475 2477 aaa
497 2415 541 2476 sic
564 2432 603 2475 ex
626 2413 887 2476 observationibus
910 2413 1069 2475 conclusae
1094 2413 1261 2476 delineatio
1275 2412 1486 2495 hypothesium
1510 2412 1778 2476 messeniorum

416 2504 610 2584 postmodnm
630 2521 736 2565 nomen
761 2502 950 2582 adipiscitur.

503 2593 608 2654 Tertio
638 2599 826 2654 asmonomos
859 2591 888 2652 in
918 2590 950 2652 id
978 2592 1088 2652 saltem
1119 2590 1276 2651 elaborare
1306 2590 1387 2663 salt,
1418 2597 1453 2650 ut
1483 2609 1520 2651 en
1544 2592 1693 2654 assumtis
1715 2591 1778 2655 sais

417 2681 635 2763 hypothesibus
659 2680 806 2743 rationem
829 2680 959 2743 reddant
981 2687 1115 2741 motuum
1134 2679 1310 2741 coelestium
1333 2678 1536 2759 doceantque,
1567 2680 1673 2761 qrrales
1694 2680 1777 2745 futu-

417 2771 461 2833 ris
493 2769 677 2849 temporibus
710 2770 876 2850 apparituri
909 2769 981 2832 sint.
1036 2769 1146 2848 Neque
1171 2768 1220 2830 hic
1257 2767 1321 2828 sine
1354 2767 1531 2846 exceptione
1559 2786 1661 2831 verum
1695 2770 1778 2833 dicit.

417 2858 497 2924 Nam
522 2859 580 2921 etsi
605 2859 672 2930 hon,
696 2858 774 2938 quod
798 2858 882 2932 dicit,
907 2857 1072 2920 astronomi
1095 2857 1269 2937 primarium
1293 2864 1341 2917 est
1360 2857 1499 2930 officiunt,
1523 2876 1583 2919 noa
1606 2866 1655 2920 est
1677 2867 1778 2921 tamen

419 2955 612 3009 astronomus
636 2966 653 3007 s
678 2955 767 3009 coetu
790 2947 1051 3029 philosophorum,
1081 2946 1130 3026 qui
1154 2946 1192 3007 de
1216 2964 1314 3007 rerum
1345 2952 1454 3007 natura
1477 2953 1639 3024 quaerant,
1673 2948 1776 3017 sacla-

350 3060 354 3067 ·
418 3036 546 3099 dendus.
593 3037 676 3098 Bene
701 3036 835 3116 iungitur
857 3036 956 3097 officio
981 3034 1155 3110 astronomi,
1181 3033 1230 3114 qui
1253 3052 1342 3113 qnam
1365 3034 1499 3114 proxime
1522 3042 1623 3097 motus
1646 3044 1679 3098 et
1701 3036 1779 3099 situs

418 3126 576 3188 stellarum
598 3124 765 3203 praedicit:
790 3125 898 3187 melius
923 3134 1023 3186 minen
1048 3124 1122 3186 iacit
1147 3132 1178 3185 et
1201 3124 1308 3202 majani
1332 3122 1422 3184 lande
1440 3122 1550 3203 dignus
1568 3124 1706 3200 babetur,
1730 3125 1781 3206 qni

417 3222 542 3296 praeter
572 3213 628 3274 hoc
658 3212 752 3274 edam
775 3232 865 3274 veras
895 3214 933 3275 de
962 3212 1064 3274 mandi
1091 3212 1190 3274 torma
1217 3213 1389 3273 sententias
1415 3211 1548 3276 adhibet
1594 3214 1651 3275 Ille
1673 3232 1780 3295 nempe

420 3321 523 3363 verum
553 3301 651 3381 quoad
673 3300 785 3362 uisum
809 3301 976 3363 concludit:
1008 3301 1137 3362 hicnon
1168 3309 1286 3365 tantum
1309 3300 1386 3362 risui
1409 3302 1591 3364 concludens
1615 3303 1779 3376 satisfacit,

420 3389 593 3452 sedetiam
618 3395 745 3450 naturae
767 3389 990 3468 penitissimam
1014 3390 1138 3450 sormam
1160 3389 1364 3453 concludendo
1391 3390 1603 3470 amplectitur,
1631 3400 1780 3471 utsupra

420 3478 478 3540 init
511 3468 703 3557 explicatum}
757 3478 863 3557 Neque
892 3478 941 3539 hic
973 3477 1159 3541 solummodo
1191 3479 1315 3540 ideam
1346 3479 1479 3559 aliquam
1510 3479 1583 3542 boni
1602 3478 1780 3542 ‘astronomi

421 3566 576 3629 describo:
611 3565 751 3646 exempla
777 3574 948 3646 suppetunt
994 3568 1064 3631 Non
1097 3568 1155 3629 init
1176 3567 1379 3630 necessarium
1403 3568 1441 3629 ad
1464 3575 1564 3630 motus
1591 3570 1781 3649 planetarum

422 3654 650 3736 praedicandos,
675 3662 709 3714 ut
733 3654 926 3717 Ptolemaeus
952 3657 988 3717 de
1012 3656 1117 3718 ordine
1144 3656 1340 3737 sphaerarum
1366 3656 1545 3736 disputaret,
1573 3666 1607 3720 st
1624 3657 1656 3720 id
1678 3666 1779 3720 mmen

422 3744 447 3805 is
472 3743 633 3822 diligenter
657 3743 740 3805 iecit.
786 3744 854 3806 Non
879 3745 936 3807 fuit
958 3745 1160 3808 necessarium
1185 3747 1225 3807 ad
1249 3752 1349 3807 motus
1371 3746 1561 3825 planstanus
1585 3747 1702 3809 calculo
1724 3759 1780 3810 ex-

421 3832 601 3911 promendos
625 3840 656 3893 et
679 3832 913 3912 praedicendus,
944 3843 979 3895 ut
1001 3832 1186 3914 Copemicus
1215 3844 1247 3895 et
1280 3842 1352 3913 post
1375 3835 1459 3896 illuns
1480 3835 1519 3896 D.
1545 3835 1646 3918 Tycha
1671 3855 1781 3899 causas

422 3920 615 4000 inquirerent,
639 3940 691 3982 cur
714 3922 856 4001 planetae
881 3921 1048 4003 eispeesyroa
1071 3924 1146 3984 fiant
1160 3922 1261 3985 Terris
1284 3923 1422 4003 proximi.
1468 3923 1616 3987 Poterant
1630 3925 1710 3987 enim
1733 3925 1779 3986 vel

421 4008 610 4070 Ptolemaios
644 4011 741 4071 torma
780 4010 930 4073 coelorum
958 4013 1005 4073 nsi
1042 4011 1185 4073 correctis
1223 4010 1458 4074 dimensionibus
1496 4012 1577 4074 idem
1608 4022 1778 4093 praestare.

421 4096 483 4158 Sed
502 4097 576 4159 t'ecit
599 4116 684 4161 amor
705 4100 933 4178 cognoscendae
957 4107 1093 4173 naturae,
1120 4107 1153 4161 ut
1177 4100 1342 4161 astronomi
1365 4094 1575 4165 emronomicis
1594 4102 1780 4181 argumentis

420 4186 497 4247 hanc
520 4186 660 4267 physices
684 4196 801 4266 partem
820 4188 1040 4267 explorandam
1064 4198 1226 4263 sumerent,
1251 4207 1306 4251 nec
1329 4189 1440 4269 injuria
1454 4190 1622 4270 gloriantur
1643 4193 1683 4254 ds
1707 4212 1780 4254 sua·

418 4293 482 4336 rum
505 4275 715 4356 hypothesium
747 4294 814 4338 cnm
838 4296 937 4339 rerum
961 4287 1073 4355 natura
1099 4277 1322 4339 conformitate.
1368 4275 1450 4348 Quid
1474 4276 1683 4359 Cepernitus?
1716 4298 1780 4342 cnm

419 4363 673 4429 animadverteret
706 4364 734 4424 in
759 4364 935 4426 Ptolemaeo
966 4366 1115 4447 quandam
1144 4366 1393 4447 inaequalitatem
1417 4378 1515 4430 motus
1549 4369 1690 4451 epioycli,
1724 4386 1780 4431 non

419 4451 490 4531 quia
516 4451 545 4513 is
571 4459 670 4513 motus
694 4451 771 4514 risui
803 4460 835 4515 et
863 4454 1069 4531 experientiae
1100 4473 1154 4516 sen
1181 4454 1388 4518 observationi
1420 4456 1592 4534 stellarum,
1624 4458 1681 4520 sed
1713 4456 1782 4540 quis

418 4558 516 4601 rernm
544 4550 671 4602 naturae
703 4550 901 4621 repugnaret,
935 4543 1003 4604 ideo
1027 4543 1095 4605 hinc
1119 4544 1309 4606 occasionem
1331 4565 1365 4608 se
1389 4545 1530 4624 adeptum
1560 4547 1731 4627 profitetur,
1763 4566 1781 4606 a
1857 4606 1865 4619 ,

420 4628 595 4690 Ptolemaeo
624 4629 809 4691 discedendi.
856 4631 898 4692 Et
925 4632 1109 4692 amiseram
1131 4633 1345 4708 Annoubm,
1379 4634 1522 4705 miseram
1551 4634 1618 4716 ejus
1644 4636 1805 4716 philoso-¹

417 4716 532 4796 phium,
557 4735 617 4797 qna
638 4727 727 4796 parts
751 4718 941 4781 divinissima
964 4727 1121 4796 sennaar,
1145 4722 1175 4783 si
1194 4722 1360 4784 astronomi
1381 4730 1448 4785 tam
1469 4724 1575 4787 malas
1591 4725 1669 4787 ssei
1683 4733 1789 4788 ιιυι

416 4804 447 4867 in
471 4804 687 4884 philosophicis
715 4808 929 4869 controversiis
953 4809 1037 4870 fiunt.
1084 4811 1226 4884 henim,
1252 4829 1317 4873 cum
1342 4830 1378 4873 eo
1403 4810 1586 4887 devenisset,
1610 4822 1644 4875 nt
1667 4822 1779 4877 certum

417 4893 685 4978 intelligentiarum
722 4897 900 4959 coelestium
927 4916 1080 4961 numemm
1112 4907 1145 4962 et
1172 4899 1308 4962 ordinem
1337 4901 1504 4984 exprimere
1535 4920 1661 4967 neceam
1689 4911 1778 4979 esset,
