3788 5828
374 359 440 426 200
734 435 737 440 ι
832 362 862 412 In
880 361 1026 425 Mysterinnr
1044 363 1277 430 Ocsnscgrnplricnm

444 521 485 573 su
501 521 566 573 unse
585 520 703 573 cocum
720 484 819 575 inuno
835 528 944 575 suaso
961 523 1084 587 unum
1102 525 1128 574 n
1146 524 1274 591 menne:

452 613 531 665 Haec
569 612 674 667 metra
707 611 796 683 leges.
845 614 916 667 Nam
953 616 1016 669 dum
1050 624 1173 670 moratur
1207 616 1321 670 nuncius
1356 616 1396 669 sio
1429 617 1529 670 inreni.
1582 618 1737 671 Intervalla

375 708 485 754 vocum,
514 708 565 761 por
586 708 658 762 quae
679 692 735 746 itur
755 695 895 756 canendo,
922 710 976 747 non
1003 705 1069 749 sunt
1095 713 1132 749 ex
1153 695 1249 767 figuris
1277 699 1518 767 quomodocunque
1537 698 1734 767 regularibus:

373 774 422 826 sed
441 772 582 827 resultant
601 790 639 827 ex
666 781 728 826 octo
750 774 844 826 solidis
870 779 970 845 loyen.
1013 776 1083 829 Nam
1111 777 1198 846 primo
1226 777 1307 830 datur
1335 777 1369 830 ad
1395 777 1597 847 longitudinem
1622 778 1683 831 lidis
1711 778 1734 832 G

372 853 513 923 proportio
534 852 715 923 longitudinis
730 853 822 908 lidium
844 856 870 918 b,
892 857 919 917 h,
942 872 964 917 c,
984 857 1010 918 d,
1032 856 1082 920 dis,
1104 875 1128 919 e,
1150 873 1172 926 g
1192 872 1228 909 ex
1247 856 1369 910 fundibus
1384 857 1560 929 geometricis
1580 874 1667 928 supra
1687 860 1735 911 de·

376 933 545 987 monstratis.
586 934 650 987 Jam
671 933 737 1003 quia
756 949 837 987 aures
859 934 1011 1003 dijudicant
1031 936 1103 990 inter
1123 937 1247 989 diversas
1272 937 1444 1000 harmonias,
1473 938 1627 1007 dijudicant
1651 939 1736 992 etiam

276 1026 282 1038 ·
374 1014 446 1067 inter
473 1014 595 1067 diversos
624 1030 705 1067 senos
733 1014 813 1068 unius
840 1015 900 1068 ddis
927 1017 1063 1070 variatae.
1106 1017 1177 1070 Hinc
1202 1017 1301 1071 existit
1328 1018 1499 1087 comparatio
1520 1020 1536 1072 d
1557 1018 1617 1072 fidis
1639 1035 1736 1073 corne

372 1095 440 1156 ilde,
469 1109 585 1163 quaram
610 1093 756 1165 longitudo
776 1102 821 1148 cst
841 1102 873 1149 ut
893 1095 911 1150 8
933 1097 967 1148 ad
986 1090 1015 1150 Ι9.
1057 1097 1164 1167 Estque
1185 1097 1238 1150 hoc
1265 1096 1443 1152 intervallum
1471 1106 1579 1152 tonus
1609 1099 1734 1167 major.

374 1173 457 1227 Plato
477 1173 506 1226 in
527 1173 639 1227 Tinnaeo
660 1191 753 1228 omnes
775 1181 855 1231 tonos
877 1176 970 1229 ordine
985 1175 1038 1229 hac
1052 1193 1182 1231 mensura
1195 1176 1291 1240 linivit,
1313 1178 1361 1230 sed
1376 1177 1483 1232 vitiose.
1514 1179 1585 1233 Nam
1605 1196 1643 1233 cx
1664 1196 1736 1232 com·

373 1252 522 1324 paratione
536 1270 550 1305 c
564 1271 624 1307 cum
639 1255 657 1307 b
671 1262 722 1308 aut
735 1256 751 1308 d
767 1272 827 1309 nrm
841 1273 857 1308 e
873 1256 972 1309 existit
985 1264 1085 1310 tonus
1104 1257 1223 1318 minor,
1243 1258 1421 1327 proportione
1434 1259 1526 1312 ildinus
1544 1261 1595 1313 lc:
1611 1259 1640 1313 t.
1670 1259 1740 1313 Inde.

373 1332 499 1402 sequitur
514 1335 684 1404 comparatio
699 1335 719 1389 h
733 1337 770 1388 ad
783 1353 798 1387 o
816 1343 867 1390 aut
880 1336 921 1389 dis
935 1339 971 1389 ad
985 1338 1010 1399 d,
1026 1354 1099 1407 quac
1113 1336 1213 1391 dicitur
1226 1337 1345 1390 diesis
1360 1332 1399 1406 (si
1417 1355 1478 1392 oum
1492 1339 1610 1392 Platone
1625 1336 1736 1409 loquor)

376 1414 518 1483 proportio
532 1420 565 1468 ut
581 1414 631 1467 15:
650 1415 695 1469 16.
718 1415 844 1485 Denique
858 1434 895 1469 ex
910 1417 1116 1486 comparatione
1131 1418 1149 1470 h
1165 1419 1257 1471 cumb
1272 1417 1360 1471 oritur
1373 1420 1516 1488 proportio
1530 1418 1569 1472 24
1583 1420 1619 1472 ad
1634 1419 1682 1481 25,
1697 1419 1738 1472 sic

372 1494 458 1547 etiam
472 1511 509 1547 ex
523 1495 729 1563 comparatione
743 1513 758 1548 e
773 1513 833 1550 oum
847 1495 897 1550 dis.
922 1497 960 1550 Et
972 1498 1072 1551 dicitur
1087 1497 1167 1551 semi
1176 1498 1311 1551 tunium.
1335 1499 1406 1552 Nam
1419 1499 1502 1552 diesis
1517 1505 1548 1552 et
1561 1498 1736 1553 semitonium

372 1574 545 1629 constituunt
562 1580 656 1628 tonum
669 1575 809 1630 minorem.
838 1576 915 1638 Quod
936 1577 960 1629 si
981 1577 1068 1631 diesin
1089 1593 1107 1631 a
1129 1583 1194 1630 tono
1215 1577 1321 1644 majore
1343 1578 1476 1643 auferam,
1498 1578 1666 1651 relinquitur
1686 1578 1736 1633 im-

374 1652 528 1724 perfectum
548 1655 733 1715 intervallum.
755 1656 845 1723 majus
866 1658 1019 1721 semitonio,
1041 1658 1130 1711 minus
1144 1658 1220 1719 diesi,
1243 1674 1281 1729 sc.
1300 1648 1395 1719 ¹³⁸im.
1427 1659 1467 1712 Et
1486 1658 1538 1712 lrco
1558 1659 1736 1713 intervallum

373 1734 504 1789 est-inter
519 1736 552 1797 G,
569 1735 626 1798 Gis,
650 1736 679 1797 C,
702 1735 756 1798 Cis,
778 1737 808 1799 F,
830 1737 886 1791 Fis.
917 1737 1015 1807 Sicque
1036 1744 1126 1791 totum
1146 1737 1360 1792 clavichordium
1374 1738 1597 1793 artificiosissime
1617 1747 1649 1792 et
1668 1754 1737 1810 geo·

373 1814 485 1871 metrice
507 1822 551 1869 est
571 1824 694 1870 tensum:
717 1822 747 1870 et
767 1823 829 1870 tota
849 1818 972 1890 essentia
991 1818 1096 1873 musica
1114 1818 1306 1887 philosophice
1325 1827 1355 1872 et
1376 1819 1528 1874 certissime
1542 1820 1688 1889 disputata
1706 1827 1739 1874 ct

372 1895 505 1951 discussa
547 1896 618 1949 Nam
638 1896 702 1948 hine
722 1896 807 1950 etiam
828 1904 905 1951 octo
926 1906 1080 1952 tonorum
1094 1894 1183 1988 ‘(qnos
1199 1898 1315 1965 vocant)
1336 1900 1492 1953 differentia
1510 1900 1609 1953 haberi
1630 1906 1735 1969 potest.

451 2003 559 2056 Deinde
579 2010 655 2073 peto,
677 2010 710 2057 ut
730 2003 753 2057 si
775 2004 838 2072 quid
859 2003 1013 2072 hujusmodi
1036 2011 1139 2059 tractet
1160 2006 1325 2068 Glareanus,
1349 2006 1374 2059 id
1395 2006 1460 2059 mihi
1482 2007 1629 2077 significes.
1668 2007 1737 2061 Nam

322 2134 331 2143 ,
374 2088 499 2137 autorem
514 2100 568 2136 non
582 2083 682 2136 habeo.
714 2084 766 2137 Sed
788 2084 974 2153 digrediamur
995 2087 1106 2139 tandem
1126 2103 1141 2137 e
1162 2087 1267 2139 musica
1287 2091 1317 2138 et
1337 2087 1420 2149 sonis,
1442 2094 1472 2140 et
1493 2104 1658 2157 quaeramus
1679 2087 1738 2142 alia

286 2226 291 2237 Ι
375 2165 470 2217 horum
493 2167 587 2233 loyor
605 2163 741 2231 subjecta.
782 2162 812 2217 Si
832 2163 891 2217 soni
913 2164 1027 2234 capiunt
1047 2165 1097 2217 hos
1118 2169 1213 2237 loyce,
1233 2165 1363 2219 credibile
1385 2173 1414 2220 et
1434 2168 1467 2219 de
1489 2167 1634 2221 coloribus.
1665 2168 1737 2222 Nam

373 2243 446 2296 siout
474 2243 500 2295 in
529 2242 603 2295 sonis
625 2258 643 2296 a
664 2244 688 2297 G
709 2243 737 2297 in
757 2261 779 2315 g
805 2244 928 2299 infinitae
953 2253 1018 2298 sunt
1042 2262 1141 2310 voces,
1173 2254 1204 2300 at
1229 2262 1322 2315 pauca
1350 2246 1459 2302 ilianum
1486 2248 1643 2301 discrimina
1671 2248 1739 2301 fecit

375 2331 476 2377 natura
497 2324 644 2376 seeundum
665 2324 856 2392 proportiones
879 2325 1071 2395 geometricas,
1097 2326 1136 2379 sio
1157 2334 1186 2381 et
1207 2322 1279 2380 iliter
1300 2326 1388 2380 lucem
1408 2334 1439 2381 et
1459 2329 1589 2382 tenebras
1611 2328 1735 2382 infinitae

374 2410 438 2457 sunt
457 2402 624 2466 varietates,
647 2405 694 2457 sed
715 2405 808 2457 docuit
828 2413 930 2459 natura
950 2404 1044 2458 oculos
1064 2423 1170 2475 paucas
1193 2398 1413 2476 appessationes,
1442 2424 1514 2480 quae
1535 2409 1631 2479 procul
1653 2407 1736 2462 dubio

371 2483 525 2536 consistent
545 2484 573 2537 in
594 2484 716 2538 terminis
738 2484 871 2539 dictorum
892 2489 994 2556 λογων.
1037 2486 1075 2539 Et
1090 2486 1152 2555 jam
1172 2487 1200 2540 in
1221 2487 1383 2558 crepusculo
1409 2488 1509 2551 semel,
1540 2494 1598 2541 tum
1620 2489 1648 2542 in
1668 2488 1736 2542 iride

371 2565 413 2617 bis
434 2569 536 2617 natura
556 2564 634 2617 nobis
656 2582 689 2618 ec
711 2564 829 2635 digitum
849 2566 974 2619 intendit.
1015 2568 1045 2620 In
1066 2568 1229 2636 crepusculo
1251 2585 1288 2620 ex
1308 2567 1372 2621 albo
1395 2568 1422 2621 in
1442 2569 1554 2622 rubrum
1575 2575 1605 2621 et
1625 2567 1736 2640 nigrum

371 2643 565 2698 tetransiton.
602 2644 632 2698 ln
651 2644 749 2714 eclipsi
771 2645 843 2699 Solis
864 2663 900 2699 ex
922 2645 988 2700 albo
1009 2647 1181 2719 pertarum
1205 2655 1235 2701 et
1255 2648 1368 2701 rubrum
1389 2648 1416 2702 in
1437 2648 1555 2719 nigrum.
1596 2647 1736 2702 Sincerius

371 2725 466 2776 forsan
486 2723 514 2776 in
536 2724 612 2778 iride.
654 2725 707 2779 Sed
729 2725 804 2778 soleo
827 2726 998 2797 distinguere
1026 2744 1085 2781 cum
1107 2734 1217 2781 natura.
1259 2728 1360 2781 Flavus
1382 2728 1453 2782 enim
1475 2734 1520 2782 est
1539 2730 1736 2800 quodammodo

370 2803 495 2867 medium,
519 2805 554 2858 ab
576 2822 608 2858 ec
630 2812 786 2860 extrorsum
807 2824 915 2859 versum
935 2808 967 2861 tit
981 2807 1116 2861 transitus
1131 2825 1182 2878 per
1196 2808 1308 2862 rubrum
1323 2807 1349 2862 in
1364 2808 1521 2863 umbrosum
1542 2809 1599 2861 sive
1617 2809 1735 2881 nigrum,

372 2892 487 2954 propter
508 2884 712 2939 diminutionem
732 2887 853 2955 corporis
874 2887 980 2941 Sciatis
1002 2894 1032 2941 et
1058 2887 1254 2942 admixtionem
1275 2888 1388 2942 umbrae
1411 2890 1438 2941 in
1459 2889 1539 2942 nubis
1561 2905 1657 2942 crassa
1677 2904 1734 2944 ma·

373 2963 453 3018 teria.
495 2966 521 3017 A
542 2965 611 3020 flavo
633 2965 780 3020 introrsum
801 2984 852 3036 per
872 2967 986 3022 viridem
1007 2958 1173 3032 caeruleum,
1195 2984 1372 3038 purpureum,
1394 2968 1556 3030 violaceum,
1576 2969 1603 3021 in
1626 2969 1737 3041 nigrum

339 3060 346 3117 ¹.
372 3050 417 3098 est
436 3045 570 3099 transitus
591 3053 707 3121 propter
728 3047 812 3102 aliam
829 3063 952 3103 causam.
982 3049 1054 3108 Nam
1075 3048 1146 3102 haec
1166 3047 1274 3102 omnino
1295 3055 1340 3101 est
1359 3049 1499 3103 retractio.
1532 3048 1629 3121 Itaque
1651 3066 1738 3121 saepo

341 3168 344 3179 .
372 3124 503 3196 eogitari,
527 3141 562 3179 an
576 3127 719 3197 proportio
734 3128 831 3198 anguli
844 3127 1019 3182 retractionis
1035 3130 1188 3183 constituat
1202 3129 1342 3191 terminos,
1365 3127 1392 3182 in
1413 3129 1511 3199 quibus
1533 3129 1642 3183 dicatur
1663 3132 1738 3183 color

372 3205 474 3268 viridis,
497 3199 642 3259 caeruleus
658 3204 705 3259 dte.
736 3206 774 3259 Ut
795 3206 818 3260 si
839 3208 970 3261 retractio
991 3209 1105 3273 directa,
1128 3209 1249 3280 angulus
1271 3208 1363 3263 nullus
1383 3209 1535 3264 constituat
1547 3210 1657 3275 flavum,
1680 3211 1738 3263 sive

373 3285 466 3354 potius
488 3284 514 3337 id
534 3286 607 3355 quod
627 3292 672 3339 est
692 3286 941 3355 splendidissimum
962 3288 988 3341 in
1009 3288 1090 3351 flavo,
1113 3289 1163 3342 lux
1184 3289 1255 3358 ipsa.
1291 3292 1331 3343 At
1351 3291 1457 3359 quando
1479 3289 1610 3344 retractio
1631 3290 1669 3345 sit
1689 3307 1737 3344 an·

374 3365 460 3437 gulus
480 3372 589 3428 rectus,
611 3365 649 3419 ibi
671 3372 762 3418 cesset
782 3366 868 3419 omnis
890 3367 955 3431 lux,
985 3368 1051 3438 quia
1071 3386 1170 3437 nempe
1190 3378 1269 3423 recta
1290 3368 1420 3438 objicitur
1441 3386 1555 3440 corpus,
1584 3369 1612 3423 in
1633 3388 1687 3442 quc
1707 3371 1740 3425 lit

375 3444 513 3498 restantio.
550 3445 595 3499 Sic
616 3461 666 3514 pro
679 3444 787 3498 ratione
803 3445 941 3501 divisionis
963 3446 1031 3501 recti
1053 3448 1150 3519 anguli
1171 3448 1512 3507 constituunturcolcrcs.
1551 3456 1592 3519 (In
1611 3458 1738 3524 margine:

373 3524 486 3578 Rectius
501 3525 554 3578 sio:
576 3527 775 3595 Agnoscendus
797 3532 841 3579 est
861 3526 942 3579 albus
964 3527 991 3580 in
1009 3528 1097 3582 medic
1112 3529 1177 3582 flavi
1194 3535 1224 3583 et
1242 3529 1344 3593 viridis,
1368 3530 1413 3600 qui
1435 3531 1515 3584 albus
1537 3537 1581 3586 est
1602 3530 1666 3601 ipsa
1686 3531 1736 3585 lux

372 3603 453 3659 Solis.
482 3604 544 3658 Jam
566 3605 653 3658 davus
667 3606 817 3674 respondet
830 3605 917 3670 viridi,
940 3608 1055 3662 adustus
1070 3638 1110 3647 —
1124 3609 1237 3665 schiller
1252 3639 1287 3648 -
1304 3610 1441 3673 caeruleo,
1463 3611 1566 3666 rubens
1588 3627 1737 3682 purpureo,

373 3691 525 3755 sequuntur
545 3684 673 3754 utrinque
695 3686 837 3740 tenebrae.
878 3686 989 3742 Priores
1010 3697 1077 3745 sunt
1096 3690 1189 3755 terrei,
1212 3690 1379 3759 posteriores
1402 3690 1550 3762 aquatiles.
1591 3691 1739 3761 Propertio

373 3765 506 3820 mistionis
528 3765 662 3819 materiae
682 3761 804 3834 eadem.)
845 3768 898 3822 Sed
927 3771 1059 3839 quomodo
1085 3771 1223 3825 dividatur
1251 3770 1373 3841 angulus
1401 3770 1575 3825 retractionis
1601 3771 1738 3845 maximus

372 3862 424 3915 pro
445 3844 568 3899 terminis
590 3846 718 3908 ociorum,
741 3846 851 3900 difficile
872 3855 916 3902 est
930 3849 1012 3904 dictu.
1049 3851 1136 3904 Credo
1158 3842 1251 3905 tamen
1273 3850 1380 3907 omnino
1401 3851 1425 3904 si
1443 3851 1606 3921 designetur
1631 3840 1681 3911 ‘io-N
1697 3846 1735 3913 'los

378 3919 417 3986 'in
442 3918 484 3987 ¹l2,
509 3916 538 3985 ¹l2
562 3920 642 4001 recti,
662 3926 688 3980 in
703 3945 735 3980 ec
749 3928 924 3982 retractionis
940 3930 1045 4001 angulo
1060 3931 1191 3986 constitui
1206 3932 1314 3991 flavum,
1336 3932 1457 3994 viridem,
1481 3932 1649 3995 caeruleum,
1670 3948 1738 4002 pur·

374 4021 501 4075 pureum,
528 4006 666 4059 cinerium.
708 4006 780 4061 Ecce
802 4009 920 4063 altitudo
942 4010 1016 4064 iridis
1038 4029 1098 4065 cum
1119 4010 1306 4065 semicirculus
1327 4020 1386 4075 est,
1413 4010 1542 4081 numquid
1564 4029 1673 4081 semper
1694 4018 1739 4065 est

373 4084 482 4139 circiter
503 4082 540 4139 45
554 4078 575 4148 ⁰,
597 4085 642 4155 qui
665 4089 800 4158 angulum
819 4090 993 4145 sentirentum
1015 4092 1136 4145 metitur.
1179 4091 1233 4145 Sed
1254 4092 1310 4159 sint
1330 4091 1384 4145 hae
1406 4091 1585 4162 suspiciones.
1627 4092 1740 4163 Baritet

373 4172 404 4219 et
433 4166 466 4217 de
496 4165 641 4234 saporibus
668 4167 701 4220 de
728 4169 910 4240 odoribusque
935 4172 1078 4245 dicendum
1105 4164 1188 4227 erit'
1209 4172 1254 4229 De
1279 4171 1395 4239 objectis
1423 4180 1515 4226 taetus
1542 4188 1595 4225 non
1619 4172 1736 4235 videtur,

373 4238 439 4298 sunt
459 4244 531 4301 enim
551 4246 710 4301 materiales
733 4249 901 4317 qualitates,
934 4243 963 4305 et
990 4250 1065 4306 calor
1093 4268 1167 4305 mere
1195 4251 1289 4305 activa
1316 4252 1456 4322 qualitas,
1486 4250 1545 4305 sine
1573 4249 1739 4314 discrimine,

333 4340 343 4348 ⁴
375 4323 456 4394 quale
479 4324 506 4379 in
527 4326 626 4379 ceteris
647 4327 721 4382 inest
741 4329 898 4383 sensilibus.
941 4331 983 4384 De
1005 4331 1191 4386 communibus
1217 4332 1364 4386 sensilibus
1393 4332 1456 4403 quid
1483 4347 1552 4401 opus
1573 4339 1618 4387 est
1638 4332 1738 4394 dicere,

374 4421 435 4458 cunr
451 4404 512 4472 jam
531 4407 698 4460 dixerimus?
732 4408 820 4462 Sonus
841 4409 913 4463 enim
934 4418 979 4465 est
998 4418 1087 4465 motus
1109 4412 1182 4465 ae‘ris
1208 4419 1239 4465 et
1264 4419 1378 4481 propter
1397 4421 1501 4466 motum
1520 4412 1621 4482 recipit
1642 4415 1738 4482 toysr,

374 4484 440 4539 fides
461 4485 533 4539 enim
558 4487 642 4555 duplo
669 4488 779 4559 longior
807 4490 890 4559 duplo
919 4500 1044 4545 movetur
1065 4492 1180 4545 tordius.
1221 4493 1307 4546 Porro
1329 4494 1462 4563 quomodo
1484 4492 1511 4546 in
1533 4491 1639 4545 musica
1660 4492 1739 4545 etin

375 4563 570 4636 saltationibus
592 4575 680 4623 motus
702 4576 731 4621 et
752 4575 843 4624 status
865 4572 1117 4640 proportiouentur‚
1140 4573 1301 4626 audivimus.
1342 4572 1413 4636 Quid
1434 4575 1467 4626 de
1495 4572 1613 4626 numeris
1640 4572 1749 4635 diosna,

374 4645 421 4713 qui
441 4653 593 4716 sequuntur
613 4649 806 4717 quantitates?
836 4648 958 4703 Videant
972 4652 1126 4716 anatomici,
1150 4669 1185 4706 an
1208 4653 1236 4706 hi
1257 4659 1342 4726 loyor
1360 4653 1416 4707 sint
1436 4654 1509 4707 inter
1530 4653 1654 4706 membra
1674 4667 1738 4722 per·

376 4724 440 4780 lecti
461 4726 573 4781 humani
594 4729 723 4797 corporis.
759 4728 901 4783 Vitruvius
925 4731 1052 4800 praeivit.
1088 4730 1131 4786 De
1153 4734 1251 4804 liguris
1263 4748 1330 4787 vero
1346 4734 1484 4804 praecipit
1497 4732 1648 4795 Vitruvius,
1670 4749 1736 4802 quo·

375 4806 452 4861 modo
473 4807 511 4861 sit
530 4807 700 4863 instituenda
720 4808 916 4865 mohitecturn.
956 4811 1077 4881 Figurae
1098 4822 1164 4868 sunt
1184 4831 1286 4869 musae
1308 4819 1409 4884 loyes.
1446 4816 1571 4882 Corpora
1591 4811 1736 4883 regularia

375 4887 467 4947 omnia
486 4894 602 4943 utuntur
629 4888 672 4942 his
700 4892 805 4965 λογοις.
848 4891 984 4963 Compara
1006 4892 1111 4958 latera,
1142 4895 1245 4967 plana,
1278 4894 1406 4972 angulos.
1448 4896 1585 4969 Compara
1606 4907 1738 4954 snm
