3814 5818
386 358 452 429 256
936 360 1058 429 Apologia
1075 360 1199 425 masona

387 531 505 587 stantes
535 542 554 584 a
581 521 659 602 polis
684 520 795 599 hujus,
831 529 973 599 quantum
1007 520 1171 599 quantitati
1203 522 1474 603 retrogradationis
1504 520 1625 594 sufficit,
1660 536 1750 599 super
1842 550 1844 553 ·

387 600 493 696 q'uibus
517 611 598 674 orbis
621 610 669 672 hic
692 608 868 671 interioria
894 608 1074 671 contrarium
1099 610 1257 672 exterioris
1273 611 1391 691 aequali
1407 618 1542 690 tempore
1557 609 1748 671 restituatur.

386 705 432 765 At
454 702 511 763 hoc
533 707 624 781 pacto
650 699 775 778 planeta
798 717 917 779 semper
946 698 976 758 in
1007 699 1148 778 ecliptica
1179 707 1231 761 aut
1254 719 1371 779 semper
1395 698 1565 780 inaequali
1588 697 1750 760 latitudine

387 798 476 853 extra
498 789 668 869 eclipticam
691 795 803 863 manet,
828 794 912 849 motu
935 787 1105 849 librationis
1129 788 1173 849 cis
1197 796 1230 849 et
1252 789 1333 850 ultra
1357 787 1461 851 Solem
1485 806 1663 861 excurrens,
1697 793 1751 847 aut

390 879 420 942 si
453 878 544 941 fuerit
572 877 731 957 inaequale
762 886 880 956 tempus
908 875 1146 953 restitutionum,
1177 877 1229 938 fiet
1255 885 1289 939 ut
1312 878 1384 939 olim
1412 879 1539 958 planeta
1561 874 1751 938 latitudinem

386 968 501 1031 habeat
523 967 679 1047 aequalem
702 965 967 1045 retrogradationi.
1014 965 1056 1028 Et
1078 973 1113 1028 ut
1135 966 1249 1041 demus,
1273 967 1444 1047 neglectam
1467 966 1505 1029 ab
1524 964 1651 1027 Eudoxo
1675 963 1751 1025 lati·

387 1057 521 1121 tudinem
548 1056 756 1137 planetarum,
789 1074 848 1116 nou
876 1062 976 1116 tamen
1006 1061 1056 1116 est
1083 1053 1259 1131 verisimile,
1292 1074 1378 1117 usum
1408 1076 1475 1120 esse
1498 1048 1657 1116 Eudoxum
1687 1060 1752 1113 tam

387 1146 545 1210 recondita
575 1146 672 1206 forma
694 1144 898 1225 hypotheseos
922 1143 961 1204 ad
983 1144 1275 1222 retrogradationem
1304 1145 1503 1208 efficiendam:
1533 1161 1599 1205 cum
1622 1140 1752 1224 epicycli

388 1244 550 1315 conceptus
570 1253 638 1296 sese
667 1234 765 1313 ipsum
789 1232 875 1315 quasi
898 1234 1006 1295 offerat
1021 1234 1100 1295 ultro
1115 1233 1407 1312 retrogradatiouem
1425 1231 1639 1307 consideranti,
1665 1239 1698 1292 et
1720 1229 1752 1290 in

389 1324 616 1405 disciplinarum
645 1322 860 1384 constitutione
880 1321 1103 1402 simplicissima
1125 1330 1158 1383 et
1178 1322 1331 1385 facillima
1353 1330 1488 1405 quaeque
1516 1322 1612 1402 primo
1637 1338 1752 1399 sequa-

388 1433 468 1486 mur,
506 1413 725 1475 necessitatem
757 1411 980 1491 perpendentes
1019 1429 1077 1472 uon
1105 1410 1271 1491 ingenium,
1306 1419 1340 1473 ut
1365 1413 1595 1475 Fracastureus.
1641 1409 1752 1488 Neque

390 1510 509 1564 tautum
531 1499 695 1563 verisimile
725 1520 783 1562 nou
807 1507 864 1576 est,
890 1500 944 1563 sed
962 1499 1053 1579 plane
1067 1508 1174 1561 contra
1192 1518 1308 1561 omnem
1328 1501 1484 1576 rationem,
1508 1499 1636 1563 Eudoxo
1650 1497 1752 1558 visum

389 1611 457 1653 esse
480 1591 559 1653 huuc
582 1589 853 1669 retrogradationis
879 1597 992 1650 motum
1016 1587 1046 1648 in
1070 1588 1259 1651 concentrico
1283 1589 1345 1651 fieri
1374 1599 1457 1652 motu
1482 1586 1668 1660 librationis,
1705 1584 1752 1646 ita

390 1688 424 1742 ut
447 1679 574 1741 eandem
602 1699 621 1739 a
643 1678 740 1740 Terra
763 1678 939 1740 distantiam
967 1677 1091 1756 planeta
1120 1686 1294 1739 conservet:
1328 1698 1410 1755 cum,
1425 1679 1518 1740 etiam
1541 1674 1624 1755 vulgi
1648 1674 1753 1736 oculos

358 1831 363 1840 ,
388 1769 578 1851 perstringat
600 1768 712 1829 Martis
737 1767 908 1850 acronychii
932 1766 1038 1844 ingens
1058 1765 1243 1844 magnitudo,
1269 1767 1319 1846 qui
1338 1768 1404 1846 jam
1427 1767 1466 1829 ad
1480 1766 1583 1829 Solem
1603 1764 1754 1825 accedens

280 1888 285 1899 ·
392 1879 411 1920 a
436 1857 547 1919 tertiae
573 1855 788 1936 magnitudinis
812 1857 911 1918 stellis
934 1862 1102 1934 superatur,
1127 1875 1166 1916 ex
1189 1873 1246 1934 quo
1269 1857 1433 1918 manifesta
1456 1863 1505 1917 est
1527 1855 1590 1935 ejus
1615 1875 1634 1915 a
1656 1852 1756 1914 Terra

388 1946 598 2008 diversissima
621 1945 760 2025 utrinque
784 1945 942 2008 distantia.
989 1941 1089 2013 Quam
1112 1943 1303 2005 librationem
1331 1945 1358 2006 si
1382 1945 1475 2006 etiam
1498 1942 1660 2005 statuisset
1685 1941 1754 2001 Eu-

393 2035 503 2107 doxus,
534 2033 684 2095 fuisseta
714 2031 842 2116 Calippo
872 2033 1085 2112 reprehensus,
1118 2040 1149 2093 et
1175 2032 1300 2112 proinde
1325 2032 1441 2096 orbihm
1463 2032 1581 2094 Eudoxi
1611 2047 1755 2092 numerus
1871 2048 1872 2051 ¹

393 2131 426 2184 et
447 2122 521 2184 ordo
544 2129 689 2199 mutatus,
714 2123 797 2202 cujus
822 2121 1002 2184 contrarium
1022 2121 1153 2182 affirmat
1174 2121 1369 2184 Aristoteles.
1417 2120 1494 2184 (lum
1517 2123 1619 2202 itaque
1643 2116 1755 2196 Calip-
1860 2176 1867 2192 ,

392 2230 449 2292 pus
473 2210 647 2289 diligentior
676 2230 735 2272 nou
764 2211 891 2273 haberet
924 2209 1003 2289 quod
1026 2210 1074 2271 hic
1097 2211 1127 2272 in
1150 2208 1276 2272 Eudoxo
1300 2211 1547 2290 reprehenderet,
1580 2227 1639 2270 non
1663 2207 1756 2269 decet

393 2318 458 2369 uos,
481 2299 608 2361 Eudoxo
632 2306 750 2361 tantam
773 2300 972 2379 ignorantiam
998 2298 1138 2361 tribuere.
1186 2298 1248 2360 Sed
1273 2301 1311 2361 ad
1326 2299 1484 2361 Eudoxum
1497 2300 1666 2360 redeamus.
1704 2293 1756 2356 Ex

394 2388 485 2450 tertio
510 2396 541 2449 et
565 2388 666 2468 quinto
695 2389 782 2465 orbe,
816 2388 959 2461 diximus,
989 2390 1116 2450 alterum
1146 2387 1299 2450 latitudini
1324 2388 1436 2451 servire
1466 2388 1589 2462 debere,
1624 2386 1756 2447 alterum

395 2476 661 2558 retrogradationi.
708 2475 797 2548 Quod
825 2477 921 2559 primo
949 2477 1015 2539 loco
1043 2484 1190 2539 tenemus.
1241 2476 1359 2539 Deinde
1387 2496 1454 2539 cum
1482 2476 1623 2538 distincte
1650 2479 1757 2536 narret

393 2566 583 2629 Aristoteles
606 2565 758 2647 deprimo
782 2575 814 2628 et
837 2566 968 2629 secundo
993 2565 1079 2640 orbe,
1112 2565 1189 2646 quod
1213 2564 1240 2626 is
1264 2566 1401 2628 omnibus
1428 2566 1559 2646 planetis
1587 2561 1757 2627 communis

394 2655 451 2730 sit,
477 2656 514 2716 de
538 2654 629 2716 tertio
653 2674 724 2716 vero
751 2656 800 2717 vel
824 2665 931 2737 quarto
961 2651 980 2717 5
1004 2650 1195 2734 planetarum
1223 2673 1283 2716 non
1307 2655 1453 2729 affirmet,
1484 2655 1663 2716 alterutrum
1687 2669 1756 2712 eum

394 2744 485 2806 tertio
514 2743 702 2806 luminarium
731 2762 799 2806 esse
826 2745 969 2818 eundem;
1002 2743 1071 2805 hinc
1098 2751 1182 2804 recte
1213 2744 1349 2805 concludi
1378 2744 1533 2818 existimo,
1564 2743 1623 2804 etsi
1648 2740 1757 2802 horum
1871 2788 1872 2815 ,

394 2833 542 2895 alteruter
571 2832 651 2894 idem
681 2853 748 2895 cum
779 2835 870 2896 tertio
893 2833 1081 2895 luminarium
1108 2832 1202 2893 habet
1234 2832 1364 2894 officium
1403 2832 1531 2899 vehendi
1558 2831 1699 2912 planetas
1722 2828 1755 2890 in

393 2922 592 2994 latitudinem,
617 2922 766 3001 positione
791 2932 892 2985 tamen
915 2922 1075 3002 plurimum
1098 2921 1228 2983 differre.
1247 2986 1250 2991 Α
1275 2921 1379 2983 Tertio
1393 2921 1643 2983 considerandum
1666 2916 1756 2980 nobis

393 3019 451 3083 est,
477 3011 547 3092 quid
571 3031 609 3071 ex
633 3030 667 3072 eo
691 3021 845 3092 sequatur,
870 3011 950 3093 quod
972 3011 1082 3074 tertiae
1106 3010 1254 3092 sphaerae
1277 3010 1339 3091 poli
1362 3011 1392 3072 iu
1417 3009 1442 3085 Ω
1467 3018 1499 3072 et
1521 3011 1544 3089 ζξ
1566 3010 1628 3072 siut
1651 3007 1755 3069 iidem.

394 3099 471 3163 Cum
497 3100 592 3179 igitur
619 3100 702 3162 hisce
731 3102 845 3163 duobus
870 3120 1024 3162 commuue
1053 3100 1127 3162 uihil
1156 3098 1197 3161 sit
1220 3099 1266 3171 (in
1294 3100 1410 3161 usitata
1433 3099 1553 3180 quidem
1582 3098 1619 3166 de
1643 3094 1756 3160 mundo

393 3190 621 3269 conceptione),
652 3198 775 3269 praeter
798 3191 905 3253 lineam
929 3189 1020 3250 medii
1043 3196 1157 3265 motus,
1190 3208 1267 3272 quae
1290 3207 1345 3268 per
1368 3195 1505 3250 centrum
1533 3187 1661 3269 epicycli
1686 3193 1755 3246 tra-

389 3278 511 3359 jicitur:
544 3277 675 3339 latitudo
705 3280 783 3340 euim
808 3279 928 3340 diversa
951 3285 1015 3351 est,
1046 3278 1316 3356 retrogradationis
1346 3285 1378 3339 et
1400 3285 1519 3358 tempus
1543 3285 1576 3339 et
1597 3274 1755 3356 quantitas
1871 3350 1872 3365 χ

393 3367 499 3428 itidem
523 3365 659 3427 diversa:
684 3367 819 3446 sequitur
841 3366 943 3446 igitur,
967 3366 1050 3427 tertii
1073 3366 1155 3432 ortis
1177 3368 1264 3446 polos
1286 3366 1417 3448 pendere
1437 3388 1456 3429 a
1479 3366 1558 3428 linea
1581 3364 1674 3428 medii
1688 3382 1755 3424 mo·

304 3508 316 3523 ,
394 3464 454 3517 tus.
501 3454 544 3516 Et
567 3454 709 3534 amplius,
744 3473 811 3517 cum
841 3462 954 3516 certum
982 3455 1024 3516 sit
1055 3454 1232 3517 latitudines
1263 3455 1288 3530 Q
1321 3457 1398 3533 etti
1430 3456 1460 3518 iu
1485 3454 1612 3517 diversis
1636 3450 1756 3515 zodiaci

396 3543 470 3611 locis
492 3542 611 3622 perfici,
640 3561 694 3604 uec
719 3562 837 3623 semper
861 3543 1027 3624 aequaliter
1050 3544 1089 3605 ab
1113 3544 1241 3608 invicem
1271 3543 1419 3607 removeri
1442 3545 1518 3607 haec
1541 3545 1623 3607 loca:
1654 3548 1756 3605 retro·

396 3631 585 3711 gradationis
607 3650 679 3693 vero
702 3631 732 3693 in
757 3643 882 3713 utroque
905 3634 1030 3713 planeta
1053 3634 1121 3695 loca
1143 3634 1244 3696 media
1268 3653 1386 3715 semper
1409 3653 1477 3696 esse
1497 3634 1673 3715 conjuncta:
1703 3650 1754 3690 se-

397 3721 496 3801 quitur
518 3720 619 3800 igitur,
644 3722 766 3785 tertium
790 3723 891 3784 orbem
914 3722 1167 3803 retrogradatioui
1186 3723 1309 3795 servire,
1322 3730 1472 3804 ,quartum
1486 3721 1650 3795 latitudini,
1677 3718 1756 3801 quod

397 3810 515 3889 quidem
546 3817 577 3872 et
604 3810 698 3874 verba
722 3811 900 3875 Aristotelis
929 3831 987 3873 nou
1016 3813 1142 3874 obscure
1171 3813 1307 3876 innuunt.
1353 3812 1420 3884 Hoc
1449 3812 1494 3874 ita
1521 3819 1625 3873 tamen
1653 3826 1756 3870 verum
1772 3824 1788 3853 ν

397 3906 455 3975 est,
479 3907 513 3961 ut
536 3907 568 3961 et
591 3919 683 3981 supra
704 3902 734 3964 in
749 3902 838 3964 Luna
861 3901 931 3963 fuit:
957 3920 1063 3980 nempe
1088 3902 1196 3964 tertius
1210 3902 1305 3964 nodos
1320 3901 1439 3975 vehere,
1465 3909 1588 3981 quartus
1609 3905 1755 3961 etretro·

396 3988 604 4066 gradationem
629 3997 660 4051 et
683 3991 873 4053 latitudinem
896 3988 958 4052 unfi
981 3991 1126 4052 beneficio
1150 3990 1234 4052 tertii
1259 3991 1377 4052 efficere
1396 3999 1509 4071 potest.
1557 3986 1675 4059 Quarto
1700 3987 1755 4047 de·

397 4077 485 4158 nique
510 4077 746 4156 consideremus,
778 4079 855 4160 quod
880 4080 1011 4141 affirmat
1036 4078 1234 4148 Aristoteles,
1267 4079 1353 4158 polos
1382 4079 1465 4141 tertii
1494 4097 1562 4140 esse
1590 4077 1621 4138 iu
1645 4074 1756 4137 circulo

396 4185 450 4246 per
472 4167 602 4229 medium
626 4167 787 4248 signorum.
834 4169 871 4231 Id
893 4168 1089 4229 multifariam
1113 4167 1175 4229 fieri
1198 4176 1314 4247 potest.
1361 4168 1426 4229 Aut
1440 4168 1520 4230 euim
1543 4164 1677 4248 oppositi
1695 4159 1757 4244 poli

398 4256 427 4317 in
456 4256 605 4337 oppositis
632 4257 748 4318 zodiaci
777 4256 851 4319 locis
880 4267 1051 4331 comentur,
1086 4276 1152 4318 cum
1180 4276 1223 4319 sc.
1247 4257 1343 4318 Terra
1369 4256 1512 4336 inhujus
1542 4254 1625 4318 tertii
1644 4245 1756 4316 'centro

397 4352 464 4406 est:
490 4354 544 4408 aut
567 4353 691 4426 uterque
714 4345 851 4426 polorum
875 4346 904 4408 iu
929 4348 1033 4408 eodem
1057 4345 1173 4407 zodiaci
1197 4346 1273 4418 loco,
1297 4365 1364 4408 cum
1387 4365 1430 4406 sc.
1445 4346 1539 4408 Terra
1554 4351 1642 4406 extra
1657 4341 1756 4404 orbem

398 4432 474 4495 hunc
498 4434 700 4511 constituitur,
724 4437 769 4498 ita
791 4442 826 4496 ut
848 4436 929 4497 orbis
953 4436 1000 4496 hic
1025 4435 1175 4518 epicyclus
1200 4436 1251 4516 sit,
1276 4442 1307 4497 et
1330 4436 1411 4497 linea
1435 4455 1473 4497 ex
1496 4434 1591 4496 Terra
1612 4451 1669 4513 per
1692 4430 1755 4511 epi·

399 4522 474 4603 cycli
508 4532 643 4586 centrum
670 4524 822 4587 coincidet
852 4544 918 4586 cum
953 4524 1019 4604 ejus
1049 4544 1117 4586 axe.
1164 4525 1228 4586 Aut
1256 4523 1383 4605 denique
1417 4525 1483 4586 axis
1510 4524 1600 4604 hujus
1630 4504 1756 4602 epicycli

398 4613 560 4675 secundum
589 4614 746 4693 eclipticae
775 4614 990 4693 longitudinem
1014 4613 1106 4690 situs,
1139 4621 1296 4695 utrumque
1324 4614 1426 4693 polum
1453 4614 1484 4674 in
1507 4612 1614 4673 vicinis
1642 4606 1755 4672 zodiaci

397 4700 471 4763 locis
502 4701 676 4767 constituet.
723 4704 855 4766 Primum
879 4703 1079 4765 Fracastoreo
1108 4705 1227 4783 placet,
1259 4704 1312 4764 sed
1337 4702 1375 4764 ob
1400 4720 1509 4763 causas
1538 4720 1631 4781 supra
1659 4699 1756 4761 dictas

398 4808 546 4854 essenon
571 4802 684 4872 potest.
730 4794 809 4855 Nam
842 4793 989 4872 ejusmodi
1018 4792 1098 4855 orbis
1127 4812 1184 4855 uon
1215 4802 1263 4853 est
1290 4792 1335 4854 ita
1356 4798 1565 4873 comparatus,
1593 4798 1630 4852 ut
1658 4795 1756 4852 retro-

398 4881 607 4961 gradatiouem
631 4881 749 4946 efficere
777 4882 886 4964 possit.
933 4880 1117 4960 Secundum,
1145 4882 1176 4945 si
1198 4882 1293 4945 verba
1318 4878 1456 4965 praecise
1483 4898 1661 4962 urgeamus,
1692 4890 1757 4938 asse
