3838 5824
378 342 442 409 rat
633 332 638 337 ⁵
889 337 1002 402 Mysaris
1021 338 1220 405 ussnognphiet

375 525 480 579 easque
502 502 686 576 persimilem
707 501 935 571 praeventionem
955 498 1169 556 translocabiles
1190 501 1224 553 de
1238 500 1299 554 loeo
1319 498 1347 553 in
1366 498 1456 553 lootrm
1468 500 1521 554 sub
1537 498 1616 560 dria:
1640 515 1679 564 en
1692 496 1736 552 his

376 587 498 643 obtentis
520 584 646 655 seqnitur
659 582 733 635 ultro
758 580 816 634 sine
835 582 895 635 nlla
914 583 1039 651 polorum
1058 580 1215 643 libratione,
1238 586 1268 633 et
1286 578 1498 633 declinationem
1517 578 1663 649 eclipticas
1678 594 1736 632 mu·

353 668 439 731 tari,
464 671 495 720 et
518 662 695 735 aequinoctia
716 660 841 715 nonnihil
866 678 937 715 nuno
957 661 1075 722 incitari,
1101 677 1172 713 nunc
1194 659 1347 721 retardari;
1376 658 1515 729 quinimo
1539 660 1663 729 sequitur
1684 658 1737 711 lice

359 747 459 823 ,etiam
483 744 616 814 amplius,
647 743 719 812 quod
744 740 894 809 Cepernico
928 741 1174 794 inanimadversum
1206 738 1300 811 Tycha
1322 739 1450 792 Braheus
1484 747 1515 792 et
1541 738 1736 808 Landgrarina

375 826 494 882 Hassiaa
511 819 551 892 ³⁸)
570 825 750 883 detexerunt,
774 821 893 874 fixarum
913 821 1014 874 mutari
1038 818 1207 873 latitudines.
1249 818 1311 872 Etsi
1331 834 1395 871 rere
1417 818 1529 872 libratio
1549 817 1736 889 aequinoctio·

375 924 435 961 rum
453 923 508 959 non
528 908 610 958 tanta
631 918 682 954 nec
700 908 756 954 tam
771 899 869 954 celeris
885 907 951 954 tnnc
965 900 1081 963 elicitur,
1098 906 1204 970 quanta
1216 916 1253 952 en
1267 897 1461 952 librationibus
1477 897 1633 968 Cepernici:
1657 903 1689 951 at
1701 897 1736 950 de

374 987 426 1040 illa
439 984 597 1056 quantitate
619 997 673 1035 non
688 986 798 1034 tantum
811 981 930 1034 nondnrn
944 980 1039 1051 liquet,
1065 980 1112 1032 sed
1134 985 1264 1033 constans
1286 977 1444 1049 aequalitas
1466 985 1533 1032 ante
1546 984 1577 1031 et
1590 982 1656 1047 post
1668 978 1735 1031 Pto·

375 1068 511 1121 lemaeum
533 1062 708 1132 deprehensa
736 1065 825 1114 totum
858 1060 1000 1130 negotium
1032 1062 1098 1115 una‘
1112 1074 1171 1113 oum
1195 1058 1435 1113 observationibus
1458 1058 1613 1112 Ptolemaei
1635 1072 1736 1127 prope-

374 1148 483 1200 modum
496 1144 524 1198 in
537 1142 649 1197 dubium
663 1146 753 1194 vocat
795 1140 862 1195 Sola
875 1140 947 1194 onim
962 1148 1042 1195 aetas
1056 1139 1210 1194 Ptolemaei
1224 1145 1276 1203 est,
1297 1154 1370 1209 quae
1389 1138 1546 1193 exorbitat:
1566 1136 1735 1207 reliquarum

375 1232 500 1281 aetatum
515 1221 723 1277 observationes
737 1225 897 1291 congruunt
910 1223 946 1273 nd
960 1220 1134 1291 aequabilem
1148 1219 1291 1289 regulatur
1315 1217 1494 1288 Copernioum
1507 1218 1588 1280 enim,
1604 1217 1651 1287 qui
1664 1233 1734 1272 snae

375 1305 480 1360 aetatis
503 1301 688 1359 associatione
710 1301 885 1353 librationem
907 1301 979 1354 hanc
1000 1301 1099 1359 enixus
1123 1307 1180 1362 est,
1205 1298 1322 1368 preximi
1345 1305 1440 1351 aetate
1464 1299 1658 1353 observatores
1680 1298 1734 1350 dde

375 1383 527 1457 dignissimi
547 1382 681 1435 refutant.
724 1379 791 1433 Vide
811 1380 866 1434 hac
886 1383 919 1433 de
940 1397 970 1434 re
995 1393 1057 1435 mee
1071 1378 1274 1435 commentaria
1296 1380 1331 1431 de
1345 1378 1437 1431 Marte
1460 1377 1598 1450 capitibus
1621 1376 1733 1440 ultimis,

376 1472 408 1519 et
426 1464 546 1533 Epitom.
561 1464 675 1515 Astron.
699 1458 760 1513 libr.
783 1458 843 1512 Vll.

959 1801 1078 1900 Caput
1104 1800 1153 1875 ΙΙ.
1263 1746 1269 1762 =

713 1960 902 2025 Primars‘ae
924 1962 1202 2057 demomhotioaio
1224 1958 1403 2024 delineatio.

465 2101 582 2175 Quibus
607 2103 651 2165 ita
672 2105 847 2184 praemissis
872 2111 904 2165 ut
924 2106 962 2165 ad
984 2105 1170 2184 propositum
1190 2101 1318 2176 veniam,
1344 2110 1434 2181 atque
1459 2102 1545 2163 inodo
1569 2101 1737 2163 recensitas

378 2189 537 2272 Cepernici
559 2192 743 2274 hypotheses
762 2193 799 2253 de
815 2194 924 2255 mundo
948 2212 1024 2255 novo
1049 2211 1125 2254 novo
1148 2195 1323 2272 argumento
1344 2192 1478 2270 probem,
1502 2210 1564 2252 rem
1589 2210 1608 2251 a
1630 2190 1737 2270 primo,

376 2281 454 2364 quod
477 2280 576 2354 aiunt,
600 2300 656 2342 ovo
681 2302 740 2361 qna
762 2281 913 2344 brevitate
936 2282 999 2344 fieri
1023 2281 1135 2361 poterit
1158 2288 1302 2360 repetam.

465 2366 584 2449 Corpus
607 2378 675 2431 erat
698 2371 738 2445 id,
763 2371 841 2451 qnod
865 2371 949 2433 initio
969 2372 1051 2433 Deus
1075 2369 1208 2433 creavit:
1235 2370 1319 2449 eujus
1344 2367 1546 2430 definitionem
1570 2366 1596 2428 si
1620 2367 1735 2427 habea-

376 2477 451 2531 mus,
475 2457 615 2520 existimo
629 2459 819 2521 mediocriter
834 2460 947 2522 clarum
966 2461 1039 2533 sore,
1064 2479 1117 2521 cnr
1141 2457 1226 2520 initio
1249 2478 1358 2538 corpus
1381 2476 1439 2517 non
1464 2457 1556 2519 aliam
1574 2475 1636 2517 rem
1652 2456 1735 2516 Deris

376 2545 534 2606 creaverit.
581 2546 657 2608 Dico
681 2548 883 2627 quantitatem
904 2549 971 2610 Deo
996 2548 1089 2610 luisse
1117 2548 1322 2628 propositam:
1356 2547 1395 2608 ad
1424 2565 1512 2625 quam
1541 2543 1737 2607 obtinendam

375 2633 512 2697 omnibns
536 2653 610 2713 opus
639 2636 710 2706 snit,
738 2657 814 2718 qnae
843 2639 882 2699 ad
905 2638 1038 2717 corporis
1062 2638 1227 2699 essentiam
1250 2637 1422 2715 pertinent:
1456 2642 1490 2695 ut
1512 2634 1557 2695 ita
1579 2633 1735 2721 quantitas

376 2722 521 2801 eorporis,
545 2733 692 2803 qnatenus
716 2744 833 2804 eorpus,
859 2727 1005 2806 quaedam
1030 2727 1135 2800 forma,
1161 2726 1399 2805 delinitionisque
1422 2724 1506 2801 origo
1530 2723 1581 2784 sit.
1626 2721 1734 2792 Quan-

376 2811 497 2872 titatem
521 2821 621 2873 sutem
645 2813 728 2875 Dens
753 2814 819 2876 ideo
843 2824 914 2876 ante
938 2816 1038 2878 omnia
1065 2816 1198 2877 existere
1227 2814 1339 2887 veluit,
1372 2822 1407 2874 ut
1439 2821 1523 2873 esset
1559 2810 1658 2873 curvi
1697 2809 1736 2871 od
1779 2818 1785 2825 '

376 2907 512 2962 rectum
541 2902 738 2981 comparatio.
785 2905 851 2966 Hac
882 2905 960 2966 enim
988 2924 1048 2966 una
1079 2896 1262 2966 reidivinus
1296 2902 1366 2964 mihi
1396 2898 1535 2962 Cusanus
1553 2895 1596 2973 ⁸⁶)
1625 2899 1736 2980 aliique

374 2988 523 3062 videntur,
547 2991 625 3070 qnod
649 2992 724 3054 recti
748 2993 889 3073 curvique
914 2993 952 3055 ad
976 2994 1102 3055 invicem
1126 2992 1330 3054 habitudinem
1354 2988 1430 3051 tanti
1452 2988 1595 3063 lecerunt,
1621 2995 1653 3049 et
1666 3006 1736 3050 cur-

373 3097 444 3139 rum
465 3078 546 3151 Deo,
579 3087 693 3141 rectum
717 3083 863 3144 creaturis
887 3082 953 3144 ausi
977 3091 1048 3144 sunt
1075 3100 1268 3162 comparare:
1301 3090 1335 3142 nt
1361 3079 1441 3141 haud
1470 3079 1563 3139 multo
1587 3076 1737 3143 utiliorem

375 3184 498 3245 operam
521 3169 737 3246 praestiterint,
764 3170 813 3251 qui
838 3168 1015 3232 Creatorem
1038 3171 1202 3241 creaturis,
1227 3168 1323 3230 Deum
1347 3167 1474 3240 hornini,
1495 3165 1611 3245 judicia
1634 3165 1738 3227 divina

375 3254 525 3329 humanis,
551 3274 640 3334 quam
664 3257 714 3335 qui
737 3277 858 3319 curvum
882 3266 973 3333 recto,
1000 3258 1142 3319 circulum
1157 3257 1304 3336 quadrato
1320 3256 1516 3336 aequiparare
1531 3254 1633 3316 conati
1656 3262 1735 3315 sunt.

464 3338 599 3421 Cumque
623 3344 670 3403 vel
695 3344 723 3405 in
747 3344 891 3407 becacio
906 3345 984 3405 satis
999 3344 1188 3407 constitisset
1202 3363 1296 3423 penes
1309 3345 1407 3406 Deum
1427 3345 1629 3423 quantitatum
1652 3342 1735 3422 apti-

374 3430 446 3491 tudo
471 3436 503 3489 et
525 3430 607 3492 curvi
631 3431 785 3507 nobilitas,
810 3432 942 3494 accessit
964 3441 1066 3494 amen
1091 3443 1122 3494 et
1145 3434 1273 3495 alterum
1292 3433 1379 3512 longe
1402 3433 1516 3511 majus:
1547 3431 1605 3493 Dei
1625 3430 1735 3493 trinnni

375 3518 475 3594 imago
499 3517 528 3577 in
553 3519 713 3597 sphaerica
735 3520 905 3600 superficie,
935 3520 1037 3582 Patris
1060 3521 1178 3583 scilicet
1205 3522 1235 3584 in
1264 3530 1381 3595 centro,
1413 3521 1483 3583 Filii
1509 3522 1539 3581 in
1568 3519 1735 3599 superficie,

374 3605 508 3685 Spiritus
531 3606 560 3667 in
585 3607 772 3686 aequalitate
796 3629 928 3689 ogsceoe
950 3609 1030 3671 inter
1051 3619 1193 3689 punctum
1217 3619 1248 3672 et
1271 3610 1426 3672 ambitum.
1467 3610 1646 3690 Numquae
1670 3607 1735 3670 Cu-

374 3712 467 3756 sanus
491 3694 617 3769 circulo,
646 3694 698 3755 alil
722 3696 804 3758 forte
824 3695 913 3776 globo
937 3698 1120 3769 tribuerent,
1145 3720 1182 3761 ea
1205 3718 1261 3779 ego
1285 3699 1342 3761 soli
1366 3698 1543 3779 sphaericae
1567 3696 1735 3777 superficiei

376 3801 494 3863 arrogo.
536 3784 602 3845 Nee
624 3785 800 3863 persuaderi
821 3798 956 3865 possum,
980 3805 1136 3850 curvorum
1159 3789 1317 3869 quicquam
1342 3788 1470 3850 nobilius
1494 3802 1563 3848 esse
1587 3795 1641 3848 aut
1662 3802 1735 3866 per-

375 3872 483 3933 fectius
507 3871 575 3951 ipsa
598 3873 757 3952 sphaerica
776 3873 940 3954 superficie.
981 3872 1098 3938 Glohus
1123 3878 1200 3939 enim
1224 3879 1293 3958 plus
1316 3885 1365 3937 est
1387 3875 1545 3957 sphaerica
1568 3874 1734 3955 superficie,

364 3968 406 4021 tet
429 3960 540 4023 mixtus
564 3960 753 4038 rectitudini,
779 3983 838 4044 qua
861 3962 927 4024 sola
950 3963 1090 4043 impletur
1114 3958 1204 4028 intus.
1253 3964 1390 4028 Circulos
1415 3983 1486 4026 vero
1510 3963 1567 4025 nisi
1591 3964 1620 4025 in
1644 3965 1735 4044 plano

358 4058 457 4112 recto
483 4051 606 4122 existat,
630 4050 686 4112 hoc
710 4062 768 4126 est,
792 4051 850 4115 nisi
874 4052 1031 4131 sphaerica
1055 4055 1227 4134 superficies
1252 4063 1305 4117 ant
1327 4054 1435 4133 globus
1460 4055 1552 4132 plano
1576 4061 1659 4115 recto
1683 4070 1735 4113 se·

374 4144 469 4213 cetur,
493 4139 622 4201 circulus
646 4140 744 4202 nullus
768 4142 836 4204 erit.
875 4141 962 4204 Unde
986 4142 1089 4204 videre
1112 4152 1170 4218 est,
1193 4144 1304 4207 multas
1329 4143 1390 4204 illic
1414 4141 1525 4205 acnbc
1551 4142 1579 4203 in
1603 4140 1734 4221 globum,

358 4226 424 4329 lhic
447 4247 466 4288 a
484 4228 638 4376 quadrato
661 4228 690 4291 in
716 4228 857 4293 circulum
881 4231 1059 4294 secundario
1077 4231 1207 4294 defluere
1221 4232 1434 4312 proprietates,
1459 4238 1582 4311 propter
1596 4228 1734 4292 diametri

375 4315 484 4377 rectitn
506 4316 593 4378 inem.
1051 4372 1054 4377 ,

358 4344 367 4403 Ι
463 4402 526 4466 Sed
548 4423 602 4467 cnr
624 4405 751 4486 deniqne
775 4406 857 4468 curvi
881 4416 913 4470 et
942 4409 1017 4469 recti
1047 4406 1219 4470 discrimina
1246 4408 1387 4487 curvique
1411 4406 1554 4469 nobilitas
1577 4406 1643 4485 Deo
1667 4407 1735 4468 tae·

375 4499 444 4554 runt
465 4493 622 4573 proposita
646 4494 675 4556 in
700 4496 873 4556 exornando
897 4497 1025 4558 mundo?
1064 4495 1126 4559 Cur
1144 4497 1244 4558 enim?
1268 4497 1326 4558 nisi
1350 4495 1420 4575 quia
1443 4516 1462 4555 a
1485 4494 1639 4557 conditore
1663 4514 1734 4575 per-

375 4579 541 4643 fectissimo
565 4601 689 4645 necesse
722 4584 841 4645 omnino
871 4584 930 4646 tuit
961 4592 994 4645 ut
1022 4584 1250 4667 pulcherrimum
1284 4604 1359 4665 opus
1383 4584 1626 4647 constitueretur.
1674 4584 1735 4645 Fas

375 4669 453 4729 enirn
477 4688 532 4731 nec
556 4678 604 4731 est
636 4691 691 4732 nec
724 4691 851 4752 unquam
880 4672 936 4733 luit
967 4675 1016 4745 (ut
1044 4672 1173 4754 loquitur
1202 4692 1240 4734 ex
1263 4674 1387 4735 Timaeo
1409 4671 1548 4734 Platonis
1573 4670 1680 4734 Cicero
1704 4672 1734 4733 in

376 4756 452 4819 libro
468 4758 504 4819 de
519 4758 733 4832 universitate)
757 4760 914 4841 quicquam
929 4761 986 4821 nisi
1002 4761 1231 4841 pulcherrimum
1251 4762 1350 4823 iacere
1370 4779 1447 4834 euru,
1473 4760 1520 4841 qui
1545 4770 1628 4821 esset
1651 4760 1733 4840 opti-

375 4866 449 4909 mus.
497 4844 574 4910 Cum
601 4847 692 4931 igitur
724 4848 822 4914 ideam
855 4849 955 4915 mundi
984 4848 1131 4915 Conditor
1163 4850 1262 4912 animo
1295 4847 1541 4932 praeconceperit
1572 4848 1735 4933 (loquimur
