3838 5824
897 333 1011 397 Mysteril
1030 332 1232 403 Coemograplulci

969 582 1089 682 Caput
1115 583 1165 659 X.
1273 620 1277 631 ·

739 739 796 801 Dc
819 741 941 822 origiue
962 728 1166 804 numerarunt
1187 708 1350 806 nobilium.
1366 750 1394 818 ‘l

476 880 628 943 Infinitum
646 888 695 942 est
713 881 832 961 singula
850 883 999 964 persequi,
1025 902 1120 963 neque
1145 883 1209 945 sine
1233 885 1330 946 fructu
1354 886 1392 947 ds
1415 885 1463 947 his
1486 886 1659 965 astrologus
1681 904 1749 946 arn-

388 969 468 1053 plius
490 970 617 1048 cogitet.
656 969 825 1032 Videamus
847 972 937 1033 modo
956 980 1196 1034 astronomorum
1210 973 1441 1049 arithmeticam,
1467 992 1628 1054 sacrosque
1648 992 1749 1036 eorum

388 1075 539 1130 numeros,
563 1051 592 1118 6.
621 1055 670 1120 12.
696 1053 749 1120 60.
767 1054 810 1133 ⁸')
856 1061 953 1139 Igitur
976 1068 1103 1140 excepto
1128 1061 1295 1140 quadrante
1319 1069 1351 1123 et
1373 1070 1524 1136 sextante,
1549 1081 1592 1124 sc.
1620 1060 1671 1137 15,
1699 1058 1749 1130 10,

387 1164 493 1208 omnes
516 1146 706 1224 sexagenarii
729 1155 834 1225 partes
856 1149 1038 1227 multiplices
1062 1149 1250 1228 reperiuntur
1277 1151 1307 1212 in
1337 1150 1382 1213 his
1411 1151 1539 1231 quinque
1563 1150 1748 1230 corporibus.

391 1234 537 1295 Vicissim
560 1235 698 1313 exceptis
723 1237 841 1315 augulis
863 1237 962 1315 planis
985 1237 1122 1299 octaedri
1146 1245 1177 1298 et
1201 1239 1279 1315 cubi,
1304 1256 1427 1319 quorum
1442 1246 1566 1319 uterque
1585 1239 1678 1300 babet
1696 1235 1748 1311 24,

389 1331 494 1387 cetera
514 1323 625 1397 omnia,
651 1342 728 1403 quaa
752 1332 960 1401 numerantur,
985 1335 1056 1389 suut
1079 1343 1150 1405 pars
1174 1326 1332 1407 multiplex
1355 1327 1560 1406 sexagenarii,
1584 1334 1618 1389 nt
1641 1324 1750 1389 existi·

391 1429 483 1493 mern,
511 1410 563 1473 rix
589 1411 641 1474 ulli
670 1431 791 1477 numero
817 1432 908 1492 posse
937 1433 975 1476 ne
999 1435 1017 1476 a
1039 1415 1213 1497 Pythagora
1236 1415 1356 1494 quidem
1378 1416 1470 1478 ullam
1493 1434 1558 1478 rem
1581 1415 1751 1477 naturalem

390 1499 549 1578 assignari,
575 1518 651 1580 quae
675 1500 719 1562 illi
742 1495 850 1581 magis'
864 1502 907 1563 sit
928 1505 1064 1584 propria,
1088 1522 1177 1582 qnam
1201 1503 1249 1565 bic
1272 1522 1411 1567 numems
1436 1511 1490 1566 est
1507 1503 1597 1565 dictis
1621 1505 1750 1585 quinque

390 1585 574 1666 corporibus.

478 1675 564 1737 Unus
587 1685 636 1738 est
658 1677 766 1750 cubus,
796 1677 866 1739 Una
887 1678 1036 1761 pyramis,
1061 1679 1161 1743 Unum
1185 1678 1410 1753 dodecatdron,
1438 1679 1537 1743 Unum
1561 1679 1748 1756 icosaedron,

390 1764 488 1826 Unum
512 1766 691 1840 octaedron,
718 1766 816 1829 Unum
840 1768 1009 1829 solitarium
1033 1768 1097 1829 sine
1123 1767 1223 1830 simili.

478 1852 546 1915 Duo
578 1873 704 1934 corpora
737 1855 933 1930 secundaria;
966 1856 1034 1917 Duo
1066 1855 1187 1918 ordines
1220 1872 1398 1938 corpornm3
1430 1856 1511 1919 Bina
1541 1875 1661 1938 semper
1693 1856 1751 1918 sibi

391 1939 521 2015 similia3
545 1942 632 2004 Duae
657 1944 803 2023 ejusmodi
827 1945 1048 2007 similitudines.

478 2030 553 2091 'lies
568 2033 670 2112 anguli
690 2032 806 2093 basium
820 2032 849 2094 iu
864 2033 1031 2115 pyramide,
1050 2032 1218 2107 icosaedro,
1234 2033 1386 2107 octaedro,
1408 2032 1479 2112 quia
1494 2034 1584 2093 bases
1599 2033 1750 2095 trilatera.

389 2118 462 2181 'l’ria
483 2118 627 2197 primaria
649 2139 785 2200 corpora.
832 2122 907 2183 Tres
931 2121 1108 2200 angulomm
1132 2119 1331 2182 differentiae.

479 2205 618 2278 Quatuor
641 2210 743 2287 anguli
767 2217 799 2270 et
822 2209 920 2271 latera
943 2209 1025 2270 basis
1049 2209 1079 2270 in
1103 2209 1190 2271 cubo.
1229 2207 1367 2280 Quatuor
1390 2206 1481 2270 solidi
1503 2208 1670 2290 pyramidis
1694 2228 1752 2270 an-

389 2296 461 2377 guli.
509 2294 648 2367 Quatuor
671 2298 804 2377 ejusdem
827 2298 928 2360 bases.

478 2383 617 2465 Quinque
641 2405 777 2466 corpora.
825 2383 963 2467 Quinque
987 2383 1090 2463 auguli
1112 2391 1144 2445 et
1167 2384 1266 2446 latera
1287 2384 1316 2445 iu
1341 2385 1408 2445 basi
1432 2383 1660 2453 dodecabdrica.

479 2471 542 2535 Sex
566 2475 667 2554 auguli
691 2474 835 2537 octaedri.
875 2473 937 2537 Sex
960 2475 1060 2549 latera
1081 2472 1257 2555 pyramidis.
1296 2472 1357 2535 Sex
1381 2472 1472 2535 bases
1496 2472 1574 2535 cubi.
1621 2471 1752 2534 Pulcher

388 2580 540 2625 numerus.

479 2648 559 2713 Octo
582 2649 674 2711 bases
698 2649 845 2712 octatdri.
892 2647 972 2711 Octo
997 2649 1099 2729 auguli
1123 2648 1201 2711 cubi.
1217 2647 1246 2720 b)

479 2739 645 2800 Duodecim
670 2739 761 2799 bases
785 2738 976 2801 dodecatdri.
1015 2737 1182 2800 Duodecim
1206 2739 1306 2800 latera
1326 2737 1475 2799 octaedri.
1519 2739 1596 2800 Item
1618 2745 1651 2798 et
1672 2732 1750 2798 cubi.

392 2827 559 2889 Duodecim
583 2826 684 2906 anguli
709 2826 867 2889 icosabdri.
914 2827 1081 2889 Duodecim
1103 2826 1186 2906 plani
1210 2825 1312 2906 auguli
1335 2826 1509 2907 pyramidis.

479 2915 559 2977 Ecce
584 2914 632 2976 hic
657 2934 795 2978 numerus
819 2917 848 2978 iu
874 2915 1011 2979 omnibus
1036 2917 1164 2996 quinque
1188 2923 1246 2977 est.

480 3003 599 3083 Viginti
624 3005 715 3066 bases
739 3004 899 3067 icosabdri.
946 3005 1065 3086 Viginti
1089 3003 1192 3084 auguli
1217 3002 1409 3066 dodecabdri.

479 3092 598 3172 Viginti
622 3102 750 3173 quatuor
773 3094 874 3173 anguli
902 3094 986 3173 plani
1015 3092 1150 3155 octaedri
1175 3100 1208 3157 et
1230 3093 1306 3155 cubi.
1353 3092 1413 3152 Hic
1435 3091 1552 3152 alienus
1575 3096 1623 3150 est
1645 3104 1752 3148 nume-

390 3201 454 3256 rus,
480 3183 534 3242 sed
558 3201 613 3244 nec
636 3183 816 3263 praecipuae
839 3183 892 3255 rei,
917 3201 972 3245 nec
996 3182 1039 3243 ita
1063 3181 1199 3243 elisum:
1226 3186 1275 3241 est
1297 3178 1376 3240 enirn
1399 3178 1447 3240 bis
1474 3175 1523 3251 12,
1549 3185 1596 3239 ter
1619 3172 1650 3249 8,
1675 3194 1752 3255 qua-

390 3277 438 3331 ter
461 3265 496 3342 6,
522 3268 572 3348 qui
597 3287 702 3330 omnes
724 3280 795 3330 sunt
818 3271 847 3331 in
872 3266 925 3331 60.

481 3357 620 3436 Triginta
644 3358 742 3418 latera
766 3356 913 3418 icosabdri
937 3362 970 3416 et
993 3353 1185 3415 dodecaedri.

481 3443 652 3523 Sexaginta
674 3446 756 3523 plani
781 3443 883 3523 anguli
907 3442 1088 3503 dodecatdri
1112 3448 1144 3502 et
1167 3439 1325 3521 icpsaedri.

480 3531 703 3611 Praetereaque
727 3532 799 3594 nihil
824 3538 1007 3602 numeratur,
1031 3530 1089 3591 nisi
1112 3523 1243 3592 summas
1262 3529 1392 3591 omnium
1416 3528 1544 3589 laterum
1568 3532 1600 3586 et
1623 3526 1754 3604 angulo-

390 3640 456 3683 rum
479 3619 555 3682 inire
579 3619 715 3690 velimus,
740 3619 817 3700 qnod
838 3619 964 3680 alienius
984 3626 1042 3681 est.
1072 3619 1148 3680 Tum
1170 3617 1349 3698 provenient
1372 3615 1472 3696 anguli
1496 3607 1756 3677 denominantiurd

391 3710 509 3771 basium
537 3705 584 3781 18,
612 3708 705 3769 iacies
730 3705 783 3780 50,
809 3707 910 3788 anguli
934 3707 1069 3783 totidem,
1094 3709 1193 3771 latera
1207 3704 1259 3784 90,
1285 3707 1387 3787 auguli
1410 3704 1491 3789 plani
1518 3700 1591 3767 180.
1629 3704 1754 3766 Numeri

392 3797 514 3879 cognati
538 3815 651 3859 omnes.

858 3971 903 4034 IN
927 3969 1067 4036 CAPUT
1088 3970 1288 4036 DECIMUM

917 4092 1032 4146 norun
1051 4092 1228 4146 lucrosus.

451 4199 483 4265 al
505 4206 543 4260 Ut
556 4219 642 4275 supra
658 4202 719 4272 jam
733 4202 834 4259 dictum
848 4210 900 4269 est,
916 4205 1003 4261 omnis
1016 4221 1189 4260 numerorum
1208 4201 1340 4261 nobilitas
1355 4196 1452 4273 (quam
1473 4199 1621 4272 praecipue
1637 4200 1754 4256 admira·

391 4292 436 4341 tur
459 4285 605 4356 theologia
626 4283 831 4355 Pythagorica,
854 4286 992 4356 rebusque
1011 4284 1108 4339 divinis
1131 4279 1287 4353 comparat)
1309 4288 1353 4337 est
1381 4281 1507 4353 primitus
1531 4299 1568 4335 ex
1587 4281 1753 4353 geometria.

391 4367 459 4423 Cum
472 4381 537 4418 vero
552 4366 657 4421 multae
672 4363 729 4419 sint
742 4363 803 4442 ejus
817 4374 922 4435 partes,
937 4365 992 4419 hae
1007 4365 1114 4435 quidem
1128 4364 1248 4436 quinque
1265 4364 1373 4435 figurae
1388 4362 1493 4417 aolidae
1513 4379 1569 4416 nou
1581 4368 1647 4417 suut
1664 4361 1756 4431 prima

391 4464 443 4515 uec
465 4444 548 4499 unica
572 4461 659 4499 cansa
682 4444 836 4499 nobilitatis
857 4445 941 4513 hujus
965 4446 1012 4499 sed
1035 4443 1147 4513 accidit,
1164 4450 1196 4499 ut
1208 4444 1298 4500 multa
1316 4442 1344 4497 in
1361 4443 1477 4499 eundern
1491 4458 1631 4497 numerum
1647 4440 1754 4512 conspi-

391 4530 462 4580 rent.
503 4523 595 4579 Pn'ma
610 4523 681 4579 enim
696 4523 774 4595 origo
790 4525 951 4593 aptitudinis
966 4541 1138 4578 numerorum
1161 4533 1205 4578 est
1219 4542 1256 4578 ex
1269 4521 1365 4594 liguris
1384 4520 1476 4592 planis
1491 4520 1677 4593 regularibus,
1703 4518 1754 4576 cir·

391 4605 454 4659 culo
469 4603 677 4673 iuscriptilibus,
693 4620 841 4675 earumque
856 4604 1053 4675 congruentia;
1075 4596 1147 4658 unda
1168 4610 1269 4674 postea
1289 4601 1395 4656 solidae
1410 4601 1542 4655 oriuntur.
1584 4601 1653 4655 Vide
1668 4600 1716 4655 lib.
1731 4601 1753 4656 1.

391 4691 422 4739 et
443 4674 481 4741 11!
500 4684 734 4738 Harmonicorum.
776 4685 818 4739 Ns
842 4702 907 4739 vero
922 4683 1105 4748 confundaris,
1134 4683 1182 4738 ubi
1203 4683 1321 4755 legeris,
1345 4680 1593 4736 demonstrationes
1625 4680 1753 4745 laterum,

392 4764 491 4836 quibus
504 4770 621 4819 utuntur
635 4766 752 4837 figurae,
775 4763 878 4819 arcessi
902 4782 920 4819 a
936 4762 1054 4818 numeris
1078 4764 1251 4836 angulorum,
1276 4761 1354 4833 quasi
1375 4761 1435 4815 ideo
1455 4778 1591 4823 uumerus,
1617 4768 1648 4815 ut
1662 4777 1755 4817 nume·

390 4861 466 4910 raas,
487 4843 563 4916 prior
577 4843 614 4898 sit
635 4851 666 4898 et
679 4842 796 4914 dignior.
835 4844 955 4906 Minime,
978 4860 1032 4898 nou
1054 4843 1125 4899 euim
1144 4843 1205 4898 ideo
1220 4840 1404 4899 numerabiles
1427 4841 1497 4896 flunt
1517 4840 1613 4914 augurii
1637 4842 1754 4917 ligures,
