3786 5808
979 308 1141 369 Prooemium.

851 469 988 534 Salutem
1011 470 1169 550 plurimam
1194 471 1271 534 dico.
1341 518 1346 533 .
1613 518 1619 555 ,

474 560 550 625 Cum
572 561 611 623 ad
634 559 858 622 Humanitatem
882 571 963 622 tuam
987 557 1006 623 3
1026 560 1141 640 Aprilis
1165 560 1195 622 ni
1219 561 1308 622 fallor
1331 559 1522 639 scripsissem
1548 560 1586 622 de
1613 559 1744 639 quodam

386 652 474 714 dnbio
498 650 528 711 in
552 650 680 711 numeris
705 650 745 725 ξς
773 648 935 730 literaeque
959 648 1088 711 Saotero
1112 650 1305 712 tradidissem
1328 649 1365 712 ob
1389 649 1566 712 nunciorum
1591 648 1743 727 inopiam:

384 748 495 822 postea
517 740 565 801 die
589 758 642 819 pro
667 736 745 798 festo
769 737 939 799 Palmarum
962 737 1030 800 hinc
1060 737 1119 800 abii
1142 738 1310 801 coniectum
1332 738 1447 818 reliqua
1469 758 1540 801 mea
1565 726 1700 817 negotia
1717 737 1745 797 in

386 828 518 893 inferiori
540 827 670 910 regionis
693 835 790 906 parte.
836 827 909 890 Heri
938 846 1003 889 curn
1030 827 1175 903 redirem,
1206 828 1319 908 accipio
1346 835 1417 890 tuae
1444 825 1618 891 industriae
1648 827 1747 889 dicam

387 940 424 981 an
448 918 675 980 benevolentiae
699 925 920 979 monumentum
943 924 1025 977 certe
1049 918 1228 995 stupendum
1251 918 1340 979 mibi:
1373 923 1406 979 ut
1433 918 1512 997 quod
1535 936 1587 978 me
1611 915 1747 995 quotidie

386 1007 483 1087 magis
508 1008 543 1067 de
566 1004 739 1086 reponenda
762 1005 862 1085 gratia
885 1005 1045 1067 sollicitum
1069 1006 1170 1068 efficit.
1216 1006 1260 1068 Ut
1283 1006 1373 1086 igitur
1396 1005 1499 1081 scires,
1523 1025 1575 1071 me
1600 1004 1631 1066 id
1657 1024 1747 1067 acce·
1773 1002 1776 1011 ’

387 1097 481 1177 pisse,
505 1114 625 1176 operam
650 1095 720 1156 dare
744 1093 834 1155 volui.
872 1094 959 1175 Rogo
984 1102 1084 1156 autem
1109 1095 1145 1155 de
1169 1096 1191 1171 {5
1213 1094 1391 1158 brevissima
1409 1094 1521 1157 scheda
1545 1095 1746 1179 respondeas,

388 1187 414 1248 si
437 1205 486 1248 res
510 1191 558 1246 est
581 1184 739 1265 expedita:
764 1183 809 1246 sin
834 1203 900 1259 non,
926 1203 1046 1263 possum
1071 1183 1158 1246 facile
1182 1191 1214 1246 ιι
1233 1183 1297 1245 sine
1321 1183 1531 1263 impedimento
1553 1182 1748 1246 commodum

389 1274 443 1337 tibi
467 1283 585 1353 tempus
610 1281 781 1353 expectare.
827 1271 1109 1360 Opns'argeoteum
1128 1268 1154 1349 i)
1178 1272 1223 1335 ita
1250 1274 1335 1335 tarde
1362 1272 1512 1352 procedit,
1543 1280 1581 1335 ut
1609 1273 1747 1352 pluribus

390 1364 475 1426 faber
498 1382 588 1444 quam
612 1362 717 1425 fabrile
741 1361 851 1424 ictibus
874 1361 1008 1443 indigere
1031 1363 1181 1437 videatur,
1206 1369 1240 1424 nt
1262 1362 1415 1442 procedat.
1462 1361 1554 1424 Vale.

480 1449 518 1515 13
543 1446 616 1526 (23)
639 1451 714 1533 Apr.
740 1446 792 1516 96.
1359 1450 1398 1513 Η.
1423 1450 1458 1511 Τ.
1504 1451 1582 1513 disc.
1609 1469 1657 1530 gr.

602 1567 608 1579 ·
683 1608 688 1617 .
1321 1536 1367 1602 Μ.
1391 1538 1521 1603 Jolmas
1542 1537 1680 1623 Kepleu

318 1734 327 1753 Ι
458 1682 647 1733 Maestlinus
673 1680 809 1731 consulenti
834 1679 942 1744 Keplsro
965 1680 1091 1744 respondit
1115 1681 1138 1730 d.
1167 1679 1195 1729 li
1223 1678 1281 1743 (21)
1303 1680 1390 1745 Aprilis
1414 1677 1537 1743 (Hansclr.
1556 1696 1583 1746 p.
1606 1677 1671 1743 ii),
1696 1695 1747 1730 uon

386 1755 506 1805 immerito
524 1768 552 1804 se
573 1752 714 1816 aKeplero
733 1754 819 1802 erroris
838 1752 916 1816 argui.
955 1750 1000 1810 ,In
1018 1752 1106 1802 tabula
1123 1742 1250 1818 ἄφηλιων
1268 1752 1360 1809 nescio,
1379 1752 1420 1817 qni
1437 1752 1632 1816 impertinentes
1650 1753 1746 1802 numeri

386 1826 446 1879 mihi
459 1825 606 1877 describenti
624 1825 783 1887 obrepserint.
803 1838 860 1874 cum
878 1824 939 1875 alios
957 1824 1065 1873 direrm
1082 1825 1108 1873 in
1126 1825 1227 1881 scheda,
1247 1839 1278 1874 ex
1295 1838 1344 1889 qua
1361 1838 1402 1875 ms
1419 1823 1475 1873 illos
1491 1824 1657 1889 descripsisse
1675 1828 1747 1886 puto,

389 1903 487 1949 notatos
504 1895 653 1947 inveniam-‘⁴
691 1894 788 1944 Deinde
804 1894 876 1956 jiutis
895 1896 1002 1945 numeris
1026 1895 1152 1947 subductis
1177 1897 1300 1960 queritur,
1326 1896 1391 1960 qued
1409 1893 1560 1959 Copsrnicus
1580 1910 1598 1945 a
1615 1895 1747 1959 prioribus,

389 1984 439 2018 non
457 1967 631 2018 recentioribus
646 1965 854 2017 observationibus
865 1965 990 2028 protectus
1002 1967 1043 2022 sit.
1065 1966 1175 2033 „grands
1194 1968 1259 2017 euim
1278 1973 1303 2017 ιι
1319 1967 1426 2017 immane
1445 1966 1601 2029 postulatum
1620 1966 1682 2015 illud
1700 1972 1747 2023 esi.

391 2038 609 2099 „concedendum
634 2042 748 2100 putamus
773 2037 1023 2086 commemorationes
1048 2032 1193 2091 cuculorum
1217 2039 1336 2088 mansisse
1362 2052 1379 2087 a
1400 2036 1544 2087 Ptolemaeo
1569 2036 1745 2088 etiamnum““

389 2109 463 2174 (Cep.
481 2108 555 2159 revel.
573 2108 635 2158 coel.
655 2107 687 2165 V,
707 2104 769 2168 3⁰);
794 2121 854 2156 nasu
877 2109 934 2171 ipsa
953 2114 1055 2158 terrena
1075 2110 1247 2167 eccentricitas
1271 2109 1392 2159 minuta
1409 2109 1470 2161 alios
1488 2124 1607 2159 numeros
1627 2108 1746 2173 postulat

390 2180 444 2232 Nec
462 2181 527 2231 enim
544 2194 628 2229 serum
647 2184 693 2235 esi,
712 2179 776 2242 quod
787 2177 907 2227 Rbeu'cns
924 2180 950 2228 in
969 2179 1066 2244 dialogo
1085 2179 1153 2238 didit,
1172 2181 1236 2245 quod
1253 2181 1279 2231 In
1292 2179 1414 2231 Mercurio
1432 2176 1502 2230 nulla
1518 2194 1620 2246 quoque
1638 2180 1705 2232 siem
1721 2181 1748 2230 iu

390 2253 450 2303 Jove
468 2253 590 2301 sentiemes
608 2250 798 2300 eccentricitstis
816 2247 945 2298 mutatio.“
983 2249 1080 2315 [comp.
1100 2251 1183 2301 Prodr.
1203 2265 1257 2317 cap.
1277 2249 1381 2307 XVIII).
1417 2250 1448 2300 In
1469 2251 1519 2300 sune
1542 2251 1669 2317 epistolae
1688 2250 1749 2302 dicit

390 2322 551 2377 Maestlinus:
575 2334 641 2370 anne
659 2320 784 2370 stellarum
803 2321 906 2369 drumm
925 2320 1113 2386 descriptionem
1131 2324 1270 2386 acceperis,
1294 2338 1324 2373 ex
1342 2323 1418 2381 litans
1436 2321 1575 2387 intelligere
1595 2338 1648 2373 non
1666 2322 1745 2388 potui

390 2394 485 2452 Puella,
504 2406 568 2458 quae
586 2396 643 2441 tuas
661 2391 720 2443 milri
738 2391 822 2442 literas
840 2391 954 2449 reddidit,
975 2394 1063 2443 asserit
1078 2406 1154 2449 sane,
1172 2407 1200 2444 se
1219 2407 1275 2444 eam
1293 2408 1310 2444 a
1326 2409 1367 2444 me
1385 2394 1431 2443 sibi
1449 2394 1621 2446 concreditam
1639 2393 1748 2446 fideliter

389 2465 535 2521 tradidisse.
554 2463 657 2528 ideoque
677 2464 700 2513 ei
717 2463 857 2512 mercedem
875 2462 996 2527 epistolas
1014 2463 1160 2529 deportatae
1178 2464 1247 2514 solvi.

461 2536 555 2599 Quibus
571 2533 742 2599 Keplerus
759 2533 899 2599 respondit:

479 2674 513 2741 S.
549 2676 664 2739 Eodem
686 2677 789 2758 procul
814 2676 902 2739 dnbio
925 2685 1060 2757 ternpore
1084 2677 1209 2757 legimus
1232 2684 1356 2758 uterque
1385 2677 1503 2761 literas,
1533 2686 1566 2740 et
1595 2698 1654 2758 ego
1678 2686 1748 2740 tues

393 2776 424 2831 et
447 2775 480 2830 ιιι
503 2786 604 2829 meas:
637 2766 753 2828 scilicet
781 2766 873 2845 dieb
901 2760 938 2829 14
961 2765 1086 2846 Aprilis.
1134 2764 1310 2848 scripseras
1331 2776 1365 2829 tu
1392 2764 1425 2827 11
1453 2767 1585 2848 Aprilis,
1618 2787 1676 2850 ego
1708 2764 1746 2830 13

392 2858 536 2939 ejusdem.
576 2855 621 2917 Tu
644 2857 681 2917 de
704 2856 827 2920 lixarum
851 2856 1002 2935 catalogo,
1027 2875 1083 2937 ego
1107 2857 1144 2917 de
1167 2855 1263 2918 literis
1287 2855 1477 2937 quaesitoriis
1500 2856 1587 2931 meis,
1613 2857 1748 2936 utrisque

391 2946 507 3028 pridem
525 2943 659 3025 scriptis,
684 2963 801 3007 eramus
821 2944 952 3007 solliciti.
994 2946 1089 3026 Atqui
1112 2945 1295 3025 respondisti
1318 2954 1351 3006 tu
1374 2963 1457 3006 meae
1482 2946 1665 3026 quaestioni,
1690 2962 1747 3025 ego

392 3036 429 3098 de
452 3042 504 3098 too
528 3034 677 3115 catalogo.
714 3034 794 3096 Ecce
818 3033 974 3114 pulchrum
996 3035 1210 3114 spectaculum.
1249 3034 1314 3099 Aut
1337 3042 1458 3096 nostrae
1481 3035 1588 3097 literae
1603 3032 1748 3097 Mercurii

392 3124 544 3204 ingenium
566 3122 698 3201 adeptae
723 3131 793 3184 sunt
815 3123 909 3194 (forte
932 3143 970 3184 err
993 3123 1186 3201 inscriptione
1210 3123 1245 3184 de
1265 3123 1424 3198 Mercurio,
1448 3133 1483 3186 ut
1501 3142 1605 3186 aurum
1620 3144 1659 3185 err
1675 3141 1747 3183 con-

347 3284 357 3293 „
392 3221 478 3275 tactu
501 3211 617 3292 urgenti
647 3211 723 3286 vivi,
755 3211 833 3291 qnod
856 3211 1005 3273 Mercurio
1034 3211 1171 3284 subest),
1202 3219 1254 3273 ant
1277 3211 1443 3274 Mercurius
1472 3213 1536 3294 ipse
1565 3233 1638 3274 suos
1663 3210 1748 3273 nobis

392 3309 492 3364 motus
515 3300 572 3362 hoc
596 3300 683 3361 modo
706 3300 908 3372 demonstrat,
932 3299 1091 3380 nobisque,
1121 3307 1153 3360 ut
1176 3306 1224 3360 est
1247 3301 1342 3362 fallax
1365 3301 1500 3375 nuncius,
1526 3301 1634 3364 literas
1657 3309 1748 3381 petu-

392 3389 489 3453 lantia
512 3388 641 3468 quadarn
665 3388 721 3451 hoe
744 3387 813 3451 illuc
838 3388 939 3449 differt
962 3396 994 3449 et
1017 3388 1122 3450 eludit.
1168 3389 1272 3451 Metuo
1296 3400 1330 3451 ut
1353 3391 1449 3451 denno
1467 3410 1513 3452 me
1537 3392 1689 3453 scribente
1719 3395 1750 3450 et

393 3487 427 3541 tn
449 3477 575 3552 scribas,
601 3485 691 3556 utque
715 3476 759 3537 sic
783 3476 903 3538 nimium
927 3476 982 3538 tibi
1006 3476 1118 3538 laboris
1133 3478 1298 3539 exhibeam.
1328 3476 1414 3550 Quae
1439 3487 1540 3541 autem
1563 3479 1600 3541 de
1625 3484 1647 3557 ζξ
1671 3477 1748 3540 scri-

393 3567 440 3629 bis
463 3566 552 3628 credo
576 3573 611 3626 ut
639 3573 791 3627 aetemata
818 3565 1010 3643 (αἰτηματα),
1041 3584 1110 3627 narn
1142 3567 1424 3633 demonstrationem
1455 3587 1520 3639 non.
1541 3570 1638 3649 capio.
1687 3564 1753 3651 Sed¹
1869 3552 1870 3621 j

392 3656 467 3735 illud
494 3663 525 3717 te
553 3672 678 3717 moneo:
713 3655 789 3735 quod
817 3654 926 3716 lineam
948 3655 994 3736 Ay
1018 3655 1083 3736 jam
1111 3675 1247 3718 numeres
1271 3652 1398 3732 26270,
1428 3666 1509 3720 recte
1535 3676 1601 3721 meo
1621 3655 1748 3738 juditio,

393 3744 447 3808 sed
472 3744 559 3807 aliter
583 3760 671 3824 qoam
694 3742 722 3803 in
753 3751 888 3822 compet:
920 3743 998 3805 dist:
1028 3744 1241 3823 sphaerarum;
1272 3765 1338 3807 eam
1361 3747 1438 3813 enim
1460 3746 1501 3807 ibi
1527 3740 1756 3816 resisterem.
1869 3744 1870 3751 ’

394 3835 445 3912 Ari
466 3852 538 3895 vero
561 3828 679 3907 26270,
704 3851 769 3893 cum
793 3832 834 3893 sit
858 3828 974 3896 30070.
1016 3832 1103 3903 Quod
1127 3852 1243 3903 moneo,
1267 3854 1303 3895 ne
1327 3845 1358 3896 et
1380 3842 1411 3897 te
1435 3834 1531 3896 fallat.
1569 3835 1668 3897 Doleo
1692 3853 1748 3894 au-

395 3932 457 3987 tem
479 3930 510 3985 te
533 3941 591 3983 non
616 3939 689 4000 opus
713 3928 839 3995 tanturn,
864 3922 918 3982 sed
938 3922 1028 3984 etiam
1043 3930 1159 3986 sumtus
1180 3923 1289 3985 facere.
1328 3924 1482 4005 Increpavi
1501 3931 1582 3986 certe
1606 3924 1746 4005 puellam,

398 4013 474 4094 quod
499 4011 568 4091 quid
592 4009 717 4090 accepit.
759 4009 801 4072 Et
819 4010 885 4091 jam
907 4029 995 4091 porro
1018 4012 1136 4092 impono
1160 4012 1215 4074 tibi
1238 4013 1398 4089 silentium,
1423 4014 1518 4075 donec
1541 4032 1609 4075 mea
1632 4012 1748 4075 ruditas

396 4101 514 4182 copiam
536 4099 684 4163 scribendi
707 4119 822 4161 rursum
849 4098 971 4163 faciat..

483 4190 572 4252 Vale.
612 4187 651 4252 15
675 4185 748 4264 (25)
773 4189 848 4269 Apr.
873 4183 926 4251 96.
1140 4190 1178 4252 H.
1204 4189 1240 4253 T.
1288 4188 1327 4253 G.
1352 4188 1391 4251 D.
1548 4191 1594 4253 M.
1616 4186 1747 4277 Kepler.

466 4314 568 4366 Interea
591 4312 799 4371 Masstlinus,
825 4328 898 4378 quum
922 4313 1030 4364 libellum
1053 4312 1157 4377 Kepleri
1180 4314 1372 4378 manuscriptum
1394 4312 1558 4378 ‘liubingsusis
1582 4311 1747 4366 unirersltsei·

398 4387 495 4438 senatui
513 4386 649 4442 obtulisset,
665 4385 701 4443 ,ab
718 4384 766 4435 hoc
783 4398 854 4435 snam
873 4384 904 4435 de
922 4385 964 4435 illu
984 4386 1135 4435 senteutiam
1153 4385 1216 4435 lsrre
1231 4389 1330 4450 jussus,
1348 4384 1412 4435 haec
1428 4383 1525 4434 remlit:

832 4529 977 4601 Mageeflce
995 4530 1115 4585 Domine
1134 4530 1310 4585 RaRsctor.

470 4633 594 4709 demptum
605 4635 738 4685 doctissimi
750 4634 783 4684 D.
798 4634 911 4701 MagIstri
923 4633 1048 4699 Kepplsri,
1054 4634 1111 4700 legi,
1127 4635 1247 4699 judicium
1265 4649 1347 4685 meum
1364 4634 1395 4683 de
1414 4648 1443 4684 eo
1456 4632 1549 4685 Vestra
1558 4628 1747 4700 Magnificentius

398 4705 516 4756 benevole
535 4707 654 4770 accipitet,
673 4721 740 4771 rogo.

471 4775 578 4827 Materia
597 4784 623 4827 et
640 4792 678 4827 res
696 4780 762 4841 ipsa,
787 4783 815 4826 ut
833 4790 897 4827 nora
916 4782 967 4835 est,
993 4782 1099 4840 atquae
1118 4776 1207 4825 nullius
1225 4789 1333 4840 unquam
1350 4783 1459 4826 mentem
1476 4775 1564 4834 sublit,
1583 4777 1620 4825 ita
1638 4772 1746 4837 protecto

400 4847 597 4919 ingeniosissima
614 4855 652 4901 est
670 4855 696 4902 et
713 4848 848 4916 publicato.
866 4863 929 4917 quae
941 4849 966 4903 in
980 4849 1106 4902 doctorum
1118 4847 1243 4902 hommum
1255 4860 1344 4901 manus
1360 4848 1484 4908 deveniat,
1504 4846 1653 4919 dignlsslm
1683 4841 1744 4913 Quis
