3814 5818
382 352 448 423 aar
978 351 1141 404 nm·

383 514 562 589 schematis,
590 512 704 574 additis
717 511 863 592 gradibm
885 510 1053 591 eclipticus,
1077 509 1129 591 qni
1151 508 1191 570 ad
1208 509 1315 572 domus
1338 507 1499 588 pertinent,
1523 514 1562 570 et·
1578 507 1649 570 loca
1668 507 1740 589 pla-

383 614 520 669 netarum
539 602 577 665 ad
592 602 622 663 d.
645 597 695 663 14.
711 600 797 680 Sept.
819 597 915 663 1583.

473 692 621 753 Themute
645 689 688 751 sic
711 696 894 769 praeparato
918 686 1122 749 inscribuntur
1144 685 1214 747 loca
1226 684 1417 763 planetarum
1437 693 1469 746 et
1483 683 1566 747 Solis
1581 702 1619 746 ea
1633 684 1740 765 Ephe-

383 779 546 845 meridibus
569 779 709 840 desumto.
730 776 900 856 triangulis,
924 775 1032 837 iisdem
1051 774 1158 855 signis,
1183 773 1291 852 quibus
1314 773 1389 833 haec
1409 773 1476 835 loca
1489 773 1648 853 eclipticas
1673 772 1740 852 sig-

384 862 508 941 nantur,
534 866 658 940 notatis,
684 885 738 926 nec
762 884 820 926 non
846 865 912 927 loca
934 865 1077 925 nodorum
1092 861 1209 924 itineris
1224 861 1328 923 Lunae
1351 871 1384 921 et
1397 862 1576 941 insigniores
1590 861 1742 943 quaedam

383 957 493 1021 stellae
516 957 610 1028 lixae,
634 954 794 1034 praecipue
817 952 904 1022 illae,
928 970 1004 1032 qnae
1029 952 1058 1012 in
1081 952 1155 1013 locis
1180 950 1315 1011 existunt
1337 950 1550 1026 cardinalibus,
1575 951 1623 1012 uel
1649 968 1741 1030 mum

384 1046 526 1126 planetae
548 1043 610 1107 illis
633 1043 862 1121 conjunguntur.
908 1040 1066 1102 Distentis
1096 1039 1224 1117 denique
1249 1036 1330 1100 Solis
1359 1048 1391 1099 et
1418 1039 1537 1109 Lunae,
1571 1039 1677 1101 addita
1700 1038 1741 1099 ad

384 1134 497 1215 gradus
525 1131 773 1207 „ascendentis,“
805 1130 914 1191 dicitur
945 1147 1039 1208 „pars
1057 1128 1216 1189 fortunse⁴‘
1240 1126 1487 1207 convenientique
1514 1127 1666 1208 triangulo
1689 1127 1741 1189 in-

385 1221 537 1287 scribitur.
1493 1260 1497 1265 ·

474 1310 560 1371 Voce
585 1305 803 1385 „aspectns“
827 1304 1014 1385 significatur
1037 1302 1185 1365 distantia
1198 1302 1388 1381 planetarum
1403 1303 1564 1365 interesse
1579 1304 1742 1366 intervallo

386 1395 441 1473 0⁰,
466 1392 542 1465 30⁰.
567 1390 636 1460 30ο
658 1396 711 1458 ec.
737 1390 822 1474 (vide
846 1413 939 1474 snpra
953 1391 1033 1466 292)
1057 1392 1086 1452 in
1106 1391 1255 1470 ecliptica.
1301 1391 1551 1457 Nominahorunr
1565 1399 1742 1471 aspectuum

385 1488 556 1559 bnecsunt3
593 1483 626 1555 l)
650 1482 830 1563 Coannctio
853 1479 930 1561 (ό),
968 1480 1004 1555 2)
1028 1480 1226 1556 Semisextns‚
1268 1477 1304 1553 3)
1329 1478 1560 1560 Semiqnintilis,
1597 1476 1635 1553 d)
1658 1478 1741 1542 Sex-

386 1574 450 1637 tilis
474 1577 549 1648 (sk),
574 1570 610 1642 5)
635 1570 780 1642 Quintilis
804 1573 881 1645 (ae),
906 1570 1081 1642 Quadratus
1105 1568 1187 1641 (U),
1219 1569 1254 1643 7)
1279 1568 1540 1648 Sesqniquintilis,
1571 1566 1608 1641 8)
1632 1568 1742 1631 Trinns

386 1682 441 1726 seu
449 1661 645 1741 triangularis
655 1663 738 1734 (Δ),
753 1658 789 1734 9)
801 1659 1077 1739 Sesqniquadratns
1088 1660 1140 1732 (U
1151 1660 1217 1733 Π),
1245 1654 1585 1736 commemoremur),
1605 1653 1742 1737 10ορ-

386 1751 499 1832 positio
515 1752 585 1823 (8).
631 1749 782 1827 Keplerns
806 1768 844 1809 ex
867 1748 914 1809 his
938 1748 1075 1810 undecim
1099 1748 1274 1828 aspectibus
1293 1744 1399 1825 rejecit
1412 1746 1543 1820 tertium,
1568 1746 1741 1825 septimum,

387 1858 507 1912 nonnm,
532 1837 620 1919 qnasi
643 1837 741 1899 minus
760 1838 958 1913 ‚‚eflicaces,“
981 1855 1159 1917 quamquam
1174 1836 1302 1899 chordae
1318 1833 1453 1896 sectione
1468 1834 1642 1898 harmonica
1656 1852 1741 1896 conn-

387 1929 557 1999 rnendatos,
576 1925 758 2005 retinuitque
781 1932 901 1987 tanturn
924 1924 945 1986 8
968 1925 1110 2005 reliquos.

477 2013 570 2077 Locis
598 2014 807 2093 planetarum,
841 2014 970 2075 themati
1000 2013 1083 2075 dicta
1111 2013 1228 2076 ratione
1250 2010 1419 2090 inscriptis,
1453 2009 1531 2073 inter
1553 2030 1587 2073 se
1613 2011 1746 2075 invicem

388 2102 573 2182 comparatis
596 2102 745 2180 prodeunt
766 2102 797 2163 bi
812 2110 953 2181 aspectus
977 2110 1061 2162 etex
1080 2101 1127 2164 bis
1146 2100 1274 2162 eflicitur
1289 2098 1557 2178 „prognosticum“
1580 2100 1745 2163 secundum

389 2192 512 2270 regulas
536 2190 755 2268 astrologorum
780 2190 961 2269 multiplices
985 2197 1168 2252 etnatnrarn
1182 2189 1381 2268 planetarum,
1406 2206 1495 2267 quem
1510 2187 1639 2266 singulis
1653 2188 1745 2260 aliatn

389 2278 573 2344 tribuebant
629 2279 712 2341 Inter
744 2280 801 2341 has
834 2278 956 2357 regulas
995 2279 1189 2360 praecipuam
1226 2276 1286 2337 vim
1318 2276 1472 2338 habebant
1505 2276 1746 2351 ‚,directiones,“

390 2366 647 2448 „proleotiones‚“
671 2368 872 2441 ,‚transitus,“
895 2368 1081 2446 „aphetae,“
1106 2385 1212 2428 omnes
1236 2364 1346 2427 similia
1368 2365 1585 2444 significantes.

480 2454 652 2530 „Direotio,
676 2455 772 2535 inquit
796 2454 965 2534 Origanus,
989 2463 1039 2517 est
1061 2457 1110 2518 vel
1133 2453 1191 2517 loci
1213 2452 1340 2519 zodiaci.
1363 2454 1413 2514 uel
1436 2454 1578 2530 planetae
1600 2452 1745 2515 thematis

312 2572 316 2583 ·
381 2542 523 2626 natalitii
546 2543 584 2604 ad
608 2542 766 2605 obviantes
790 2543 820 2604 in
843 2562 933 2606 curse
954 2545 1095 2623 planetas
1118 2543 1168 2604 vel
1192 2542 1304 2610 radios,
1328 2559 1382 2620 per
1404 2549 1509 2620 partes
1534 2541 1744 2622 aequinoctia-

391 2633 430 2697 lis
459 2631 562 2694 circuli
593 2631 622 2692 in
655 2631 730 2693 data
762 2632 910 2711 sphaerae
939 2632 1113 2695 habitudine
1144 2628 1309 2694 artificiosa
1336 2629 1486 2692 deductio.
1534 2629 1596 2695 Seu
1626 2638 1674 2693 est
1696 2630 1746 2691 in-

390 2720 492 2783 ventio
516 2738 605 2783 arcus
629 2720 870 2800 aequinoctialis,
895 2721 944 2801 qui
968 2721 1088 2783 circulis
1110 2719 1294 2806 positionum
1318 2718 1433 2780 dnobus
1456 2718 1653 2798 intercipitur,
1678 2727 1746 2781 tra·

388 2808 480 2890 jectis
503 2827 558 2888 per
581 2809 640 2870 duo
664 2808 731 2870 loca
754 2808 881 2880 zodiaci,
904 2828 1027 2889 qnorum
1047 2829 1138 2872 unum
1156 2807 1418 2887 significator,
1442 2806 1570 2869 alterum
1588 2808 1747 2887 promis-

393 2916 455 2959 snr
477 2905 607 2976 occupat
629 2904 662 2957 et
684 2896 744 2959 nnd
767 2915 834 2959 cum
856 2915 928 2959 arcu
952 2898 1111 2977 eclipticas
1133 2898 1183 2958 vel
1198 2896 1336 2959 ascendit
1352 2897 1401 2957 vel
1416 2895 1608 2959 descendit.“
1645 2897 1747 2959 Voces

392 2984 625 3064 „signiflcator“
639 2992 672 3047 et
686 2986 893 3065 „promissor“
917 2986 1058 3049 dixerunt
1077 2984 1224 3063 astrologi
1239 2983 1351 3057 Solem,
1375 2984 1504 3057 Lunam,
1526 2984 1666 3063 planetas
1680 2984 1748 3055 lec,

393 3074 446 3139 alli
459 3073 540 3135 aliud
555 3082 670 3135 astrum
686 3073 899 3154 intelligentes,
916 3074 995 3154 quod
1006 3076 1044 3136 ad
1055 3075 1179 3137 alterins
1190 3075 1290 3135 locum
1303 3072 1496 3151 ,‚dirigetur“
1510 3073 1747 3137 ardenense-

394 3161 435 3224 tis
448 3162 531 3223 vitae
547 3179 657 3234 eorum,
674 3161 712 3221 ad
728 3181 802 3241 qnos
816 3162 871 3224 ills
884 3163 952 3225 loca
968 3163 1184 3224 referebantur.
1219 3162 1359 3241 Aphetae
1374 3158 1517 3238 (deame,
1531 3162 1611 3240 apud
1624 3161 1748 3223 Arabes

395 3249 506 3321 bilecb)
531 3248 636 3315 simile,
653 3248 722 3328 quid
748 3249 919 3327 significent
943 3249 1021 3329 iique
1045 3257 1115 3310 sunt
1138 3250 1282 3328 quinque:
1306 3249 1438 3311 medium
1457 3248 1542 3321 coeli,
1569 3249 1747 3320 ascendens,

394 3336 500 3397 domus
523 3335 600 3410 Vll,
624 3335 685 3409 IX,
709 3336 765 3398 Xl.
812 3337 847 3397 In
871 3337 928 3411 his,
952 3337 1050 3416 inquit
1068 3335 1238 3409 Oardanns,
1262 3338 1289 3398 si
1311 3337 1481 3401 inveniatur
1502 3355 1578 3399 nnus
1597 3356 1636 3399 ex
1649 3336 1746 3415 signi·

395 3422 568 3485 ductoribus
593 3421 677 3495 (Sol,
705 3424 824 3497 Luna),
854 3425 911 3485 erit
933 3424 1071 3503 Apheta,
1104 3424 1135 3486 b.
1160 3445 1186 3487 e.
1211 3425 1346 3487 decernit
1375 3443 1470 3487 annos
1493 3424 1575 3487 vitae
1605 3433 1638 3487 et
1659 3425 1748 3487 robur

382 3511 470 3590 ejus.
519 3508 661 3571 Ceterum
682 3511 785 3588 plnres
809 3530 877 3571 esse
899 3520 1027 3591 possunt
1045 3512 1174 3591 apbetae
1198 3514 1297 3576 simul.
1342 3514 1536 3577 Ptolemaeus
1555 3514 1618 3589 (De
1631 3513 1747 3587 Autro-

397 3616 462 3659 mm
480 3595 605 3677 judiciis
628 3597 676 3659 vel
700 3597 976 3678 Quadripertitnm)
1001 3601 1104 3662 delinit
1127 3601 1291 3680 „aphetica
1314 3602 1418 3677 loca‚“
1441 3601 1470 3663 in
1495 3601 1601 3681 quibus
1624 3601 1747 3683 reperiri

397 3703 521 3748 necesse
545 3692 593 3747 est
616 3703 692 3761 enm,
717 3687 768 3767 qni
790 3688 867 3749 velit
889 3689 970 3750 vitae
993 3690 1205 3769 gubernandae
1221 3690 1433 3770 jurisdictione
1456 3691 1557 3769 potiri.

484 3774 594 3836 Modns
617 3773 826 3855 „dirigendi,“
850 3776 879 3837 b.
905 3796 931 3837 e.
956 3778 1104 3839 referendi
1129 3778 1189 3840 vim
1211 3780 1403 3858 planetarum
1425 3778 1498 3841 dato
1521 3787 1656 3857 ternpore
1679 3770 1763 3839 cer-⁵

394 3862 435 3925 tis
458 3862 533 3925 locis
557 3864 789 3926 constitutorum
818 3865 857 3926 ad
893 3865 961 3927 loca
994 3867 1154 3929 eorundem
1182 3868 1212 3929 in
1236 3867 1357 3946 genesi,
1387 3867 1465 3929 alius
1492 3877 1541 3929 est
1569 3866 1648 3947 apud
1672 3865 1749 3927 alios

397 3951 580 4030 astrologos.
625 3951 818 4014 Ptolemaeus
842 3973 968 4035 eumque
994 3963 1116 4015 secutus
1132 3953 1290 4018 Cardenus
1315 3963 1445 4035 quatuor
1459 3962 1630 4034 proponunt
1652 3953 1749 4017 ratio·

398 4058 463 4101 nes.
509 4037 662 4118 Origanns
689 4039 745 4101 hos
773 4043 913 4121 proponit
940 4042 1035 4103 duos:
1074 4041 1106 4118 l)
1131 4042 1325 4123 Significator
1355 4060 1409 4122 per
1438 4052 1543 4121 partes
1575 4041 1750 4122 sequuturis

398 4126 560 4189 secundnm
585 4125 737 4206 signorum
761 4131 981 4192 successionem
1005 4131 1176 4205 deducitur,
1208 4132 1302 4192 donec
1330 4130 1458 4192 similem
1487 4132 1516 4193 in
1541 4132 1637 4212 ligura
1658 4126 1751 4193 sitnm

399 4234 464 4278 cnm
487 4215 670 4294 promissore
694 4216 848 4291 obtineat;
881 4217 917 4291 2)
942 4217 1134 4296 Significator
1162 4220 1280 4281 inverso
1310 4220 1430 4293 ordine,
1464 4228 1572 4282 contra
1599 4219 1751 4299 signorum

399 4304 622 4367 successionem
644 4302 674 4365 in
697 4306 796 4367 locum
818 4307 1011 4385 promissoris
1039 4306 1205 4370 deducitur.
1252 4308 1310 4370 Illa
1336 4307 1463 4371 directio
1491 4308 1632 4371 tribuitur
1659 4307 1750 4368 horo-

399 4411 508 4472 scopo,
536 4391 635 4455 medio
658 4394 749 4468 coeli,
782 4394 910 4473 aphetae
929 4394 959 4455 in
984 4414 1159 4475 quocunqne
1183 4397 1248 4458 loco
1271 4397 1438 4460 constituto
1466 4404 1498 4459 et
1519 4397 1658 4463 omnibns
1679 4395 1750 4474 pls·

400 4481 479 4542 netis
503 4480 618 4543 directo
642 4490 724 4543 rnotn
747 4482 970 4557 insedentibus,
994 4482 1069 4544 haec
1091 4486 1171 4562 parti
1195 4486 1334 4547 somenae
1357 4493 1388 4547 et
1406 4485 1538 4565 planetis
1557 4482 1751 4564 retrogradis.

400 4568 548 4648 Dirigitur
576 4587 605 4630 v.
631 4590 656 4632 c.
680 4570 808 4631 medium
836 4570 911 4631 coeli
945 4569 983 4631 ad
1012 4588 1097 4631 snum
1124 4573 1339 4650 promissorem
1370 4573 1548 4653 inquirendo
1575 4572 1752 4637 distantiam

401 4656 555 4736 utriusque
578 4656 608 4717 in
633 4666 796 4737 aequatura
821 4657 883 4729 (vel
908 4656 937 4717 in
962 4657 1128 4737 ecliptica).
1177 4658 1314 4730 Quilibet
1335 4660 1447 4740 medus
1466 4659 1634 4727 distantiae
1654 4657 1753 4738 signi·

401 4745 469 4805 licat
495 4762 603 4805 annum
627 4744 739 4805 aetatis
747 4763 756 4817 ;
786 4744 913 4825 quinqne
937 4744 1052 4806 minuta
1075 4766 1221 4824 mensem,
1245 4748 1337 4813 horas
1363 4746 1413 4813 l0.
1436 4745 1510 4823 30‘3
1542 4766 1632 4811 unum
1654 4748 1752 4811 minn-

394 4826 463 4893 'tum
485 4827 507 4895 li
529 4831 594 4893 dies
617 4827 639 4893 2
661 4832 724 4893 hor.
750 4828 798 4906 6‘3
822 4833 925 4894 decem
948 4834 1079 4896 secunda
1103 4837 1181 4898 diem
1204 4856 1303 4899 unum.
1332 4837 1483 4918 Keplerus
1505 4837 1564 4900 sibl
1587 4837 1655 4921 ipse
1676 4837 1754 4901 bnon
