3838 5824
749 403 832 470 crpus
849 403 905 456 mr.
1449 414 1512 482 145

150 564 209 613 tam
221 557 269 615 uni
288 577 327 615 ex
346 558 482 630 primariis
503 561 664 631 corporibus
685 562 787 626 tribus,
811 572 843 619 et
863 565 911 618 uni
929 581 967 620 ex
985 548 1154 623 mmndmiis
1172 571 1289 626 duobus.
1317 573 1426 631 Accidit
1443 592 1514 649 erqo

150 646 280 707 respectu
304 640 345 693 rei
372 639 557 705 alterutrius,‘
576 649 608 695 nt
632 641 725 697 ultera
751 650 847 699 utstm
871 646 968 699 eadem
992 645 1133 704 divisione.
1175 650 1257 705 Talis
1281 652 1399 708 fortuita
1425 657 1514 711 multa

150 717 283 773 eveniunt
302 719 332 772 in
350 720 435 773 rebus
454 720 657 775 mathematicis
678 730 708 776 et
728 723 919 787 misticus,
944 731 1042 780 contra
1067 744 1180 797 quorum
1200 747 1360 789 concursum
1380 740 1412 787 ιιι
1431 732 1514 791 dccc·

150 816 214 857 scon
244 799 430 853 mnhrmanda
453 805 498 853 est
517 798 615 868 judicii
641 801 728 856 nostri
756 801 944 868 imbecillitas,
976 822 1011 859 ne
1037 807 1132 861 statim
1158 824 1319 882 quacunque
1347 814 1513 869 credulitate

150 877 209 931 sine
231 879 299 931 duce
319 879 428 933 ratione
449 879 614 949 abripiatur.
654 881 725 936 Vide
746 899 818 953 quae
839 898 926 953 supra
945 886 980 937 de
1000 885 1034 939 iis
1055 887 1262 957 disputaverim,
1285 907 1356 962 quae
1377 900 1443 949 sunt
1462 908 1511 949 un·

150 974 225 1011 mero
246 956 315 1020 tria,
337 959 384 1013 vel
404 975 470 1023 sex,
490 959 537 1012 rel
557 967 673 1030 septem.

231 1034 260 1108 q)
281 1038 354 1091 Ecce
375 1055 483 1092 rursum
503 1038 646 1093 scribendo
673 1042 868 1110 proficientem.
911 1044 990 1097 Haec
1017 1045 1090 1098 enim
1116 1046 1230 1100 inventa
1255 1055 1300 1102 est
1324 1066 1412 1105 cansa
1431 1050 1512 1121 ipsis·

151 1115 228 1179 sima,
250 1117 330 1172 utin
351 1118 449 1173 Harm.
470 1117 519 1172 lib.
541 1118 589 1173 111.
612 1120 680 1190 Cap.
701 1122 723 1175 1.
746 1122 775 1174 in
795 1122 982 1177 axiomatibus
1002 1123 1096 1181 videre
1117 1133 1169 1179 est.
1212 1127 1284 1180 Nam
1310 1130 1418 1201 figurae
1439 1147 1512 1201 quae

151 1195 331 1264 perfectiores
351 1197 459 1252 habeut
478 1200 735 1264 demonstrationes,
758 1209 877 1271 suntque
891 1203 1016 1257 estabiles
1038 1202 1221 1277 (triangulum
1241 1214 1272 1260 et
1290 1210 1513 1281 quadrangulum

152 1282 181 1328 et
200 1273 403 1348 sexangulum)
423 1277 563 1347 perfectas
584 1279 669 1334 etiam
694 1281 808 1349 pariunt
828 1276 1024 1337 consonantias
1047 1284 1181 1355 majorem
1211 1301 1283 1356 quas
1303 1304 1368 1343 vero
1388 1289 1513 1343 viliorem

151 1355 259 1410 habent
278 1357 539 1411 demonstrationem
560 1365 591 1411 et
608 1359 703 1414 latera
722 1360 876 1416 ineffabilia
896 1362 943 1428 (ut
962 1364 1156 1433 octangulum,
1178 1365 1428 1438 quinquangulum,
1450 1370 1512 1423 deo·

153 1430 315 1507 angulum),
342 1436 452 1491 viliores
473 1437 557 1492 etiam
577 1455 713 1508 peperere
734 1441 943 1496 concordantias
963 1443 1084 1512 majores
1109 1443 1286 1512 imperfectas
1308 1448 1393 1518 vulg-o
1412 1447 1513 1502 dictas.

153 1514 229 1568 flaec
249 1522 344 1571 autem
363 1516 497 1586 perfectio
516 1518 564 1571 rel
585 1520 725 1574 contrama
745 1520 839 1574 vilitas
860 1521 955 1576 insunt
975 1523 1175 1585 consonantiis,
1203 1532 1319 1595 propter
1343 1526 1421 1596 ipsas
1440 1528 1512 1599 tgu-

153 1609 198 1647 ras
219 1595 328 1664 planas,
350 1595 446 1650 insunt
465 1603 495 1649 et
514 1596 611 1668 figuris
631 1599 739 1653 solidis:
759 1616 868 1665 rursum
888 1600 976 1673 igitur
996 1618 1050 1656 non
1071 1602 1216 1673 cagnano
1238 1606 1286 1658 sed
1308 1606 1430 1660 affinitas
1450 1607 1513 1660 sola

153 1674 299 1729 intercedit
325 1676 480 1746 duplicibus
507 1675 562 1730 illis
588 1685 619 1732 et
643 1679 890 1748 imperfectioribus
917 1680 1084 1736 sectionibus
1109 1682 1274 1737 harmonicis
1290 1690 1366 1739 'cum
1396 1687 1512 1740 dodeca-

154 1755 219 1809 etro
239 1753 370 1826 primario
391 1763 421 1809 et
441 1756 582 1811 icossedro
603 1759 774 1813 secundario.

232 1832 257 1897 r)
279 1836 342 1889 Duo
362 1836 538 1890 theoremata
558 1837 680 1891 infinitae
702 1838 847 1901 utilitatis,
878 1855 967 1909 eoque
993 1840 1206 1909 pretiosissima,
1237 1844 1286 1895 sed
1305 1859 1437 1915 magnum
1457 1844 1511 1899 dis·

154 1913 255 1968 minen
280 1922 374 1969 tamen
401 1922 446 1969 est
474 1915 547 1970 inter
567 1924 721 1988 utrumque.
762 1918 833 1973 liam
861 1918 951 1987 prius,
980 1920 1051 1989 quod
1079 1920 1173 1974 latera
1193 1921 1262 1975 recti
1283 1923 1380 1993 anguli
1405 1924 1514 1994 possint

155 2001 269 2058 tautum,
292 2002 424 2065 quantum
445 1996 579 2050 subteusa
597 2005 683 2061 recto,
705 1998 758 2052 hoc
777 1998 888 2070 inquam
909 2004 985 2052 recte
999 2000 1202 2068 comparaveris
1221 2016 1331 2055 massae
1345 2002 1419 2057 auri:
1440 2002 1511 2058 alte·

154 2091 221 2138 rum,
243 2076 276 2128 de
297 2075 420 2129 sectione
441 2077 655 2145 proportionali,
683 2094 819 2149 gemm
841 2076 953 2133 dixeris.
974 2079 1087 2148 =1psum
1107 2080 1180 2133 enim
1200 2096 1251 2150 per
1271 2096 1301 2133 se
1323 2082 1430 2151 quidem
1449 2082 1511 2153 pul·

153 2154 248 2208 chrum
267 2161 320 2217 est,
342 2162 375 2209 at
394 2155 453 2209 sine
474 2156 558 2225 priori
579 2157 658 2210 valet
678 2157 759 2218 nihil;
781 2157 870 2226 ipsum
885 2164 978 2210 tamen
992 2166 1136 2228 promovet
1148 2158 1292 2215 scientiam
1306 2166 1373 2215 tunc
1386 2161 1512 2227 ulterius,

153 2250 213 2288 cnm
234 2235 311 2304 prius
332 2235 400 2289 illud
421 2251 470 2289 nos
491 2235 667 2305 aliquatenus
686 2244 833 2306 provectos
849 2237 911 2306 jam
931 2237 1067 2299 destituit,
1089 2238 1174 2293 scilic.
1196 2240 1231 2293 ad
1252 2241 1513 2298 demonstrationem

153 2320 183 2368 et
202 2313 387 2370 inventionem
407 2315 504 2371 lateris
526 2317 721 2387 decangularis
743 2323 773 2370 et
793 2323 976 2388 cognatarum
997 2316 1192 2386 quantitatum.

233 2389 262 2462 s)
283 2393 329 2448 Nil
350 2395 454 2460 mirum,
476 2396 752 2453 accommodationem
773 2395 976 2449 harmoniarum
997 2397 1032 2450 ad
1053 2412 1171 2466 corpora
1190 2415 1246 2452 non
1259 2398 1287 2451 iu
1305 2407 1415 2468 promtu
1435 2416 1512 2462 esser

154 2475 224 2545 quod
246 2473 318 2528 enim
339 2474 367 2528 in
387 2475 448 2529 sinn
469 2482 588 2529 naturae
609 2493 663 2529 nou
684 2481 740 2537 est,
769 2475 795 2528 id
816 2475 938 2545 depromi
958 2474 1066 2548 nequit:
1097 2491 1142 2530 res
1163 2477 1234 2531 istae
1260 2478 1313 2532 hoc
1333 2478 1441 2550 quidem
1461 2496 1512 2533 uu·

153 2569 227 2607 mero
249 2560 279 2607 et
298 2554 353 2608 hac
372 2552 530 2625 quantitate
551 2554 706 2624 descriptae
727 2561 793 2609 sunt
813 2554 998 2609 insociabiles.
1040 2555 1103 2609 Etsi
1122 2572 1189 2611 rero
1214 2564 1244 2611 et
1264 2574 1319 2629 eqo
1346 2559 1375 2613 in
1394 2559 1513 2613 Harmo-

154 2633 229 2695 nicis,
252 2632 300 2687 lib.
323 2634 357 2687 V.
378 2650 439 2703 cap.
462 2634 488 2688 9.
511 2634 669 2703 corporibus
691 2633 847 2689 harmonias
869 2635 988 2689 associo:
1010 2642 1042 2687 at
1062 2634 1088 2688 id
1109 2652 1163 2690 non
1182 2637 1215 2690 tt
1235 2653 1321 2691 causa
1341 2644 1418 2692 ortus
1432 2638 1514 2693 unius

154 2731 190 2767 ex
212 2714 276 2775 alio,
308 2715 356 2767 sed
384 2729 471 2767 causa
498 2729 564 2766 usus
590 2713 617 2768 iu
648 2714 830 2768 exornatione
856 2715 961 2775 muudi;
992 2723 1160 2784 mmrmenta
1180 2716 1371 2771 associationis
1402 2733 1463 2786 cap.
1485 2716 1512 2771 2.

154 2793 244 2847 multa
264 2792 371 2863 quidem
399 2799 465 2847 sunt
484 2793 570 2847 etiam
590 2810 627 2847 ex
652 2793 813 2847 formalibus
833 2793 1000 2856 rationibus,
1031 2801 1088 2847 tam
1109 2811 1266 2865 corporum,
1297 2811 1378 2866 quam
1402 2797 1511 2851 hasmo·

155 2872 268 2936 nimum,
291 2879 323 2926 at
341 2872 392 2927 illa
405 2880 573 2942 argumenta
592 2880 657 2928 sunt
671 2873 764 2927 multis
783 2889 892 2942 semper
904 2870 1054 2927 harmoniis
1073 2872 1189 2929 interce
1203 2875 1362 2939 communia
1384 2875 1513 2946 singulae

156 2953 315 3007 barmoniae
330 2953 449 3025 singulis
467 2953 627 3021 corporibus
641 2970 692 3023 per
705 2969 741 3006 ea
754 2970 808 3005 uon
823 2952 1009 3006 vindicantur:
1032 2954 1167 3006 accedunt
1185 2953 1273 3025 igitur
1286 2954 1386 3008 diversi
1400 2955 1513 3025 generis

154 3039 321 3104 argumenta
341 3033 478 3087 forinseca
501 3040 551 3086 aut
574 3050 592 3087 a
620 3033 825 3102 comparatione
849 3030 1055 3102 proportionum
1083 3033 1242 3103 figuralium
1265 3049 1326 3087 cum
1347 3033 1513 3088 harmonicis

154 3112 286 3173 deducta,
310 3112 410 3185 quibus
432 3114 543 3166 tandem
562 3113 722 3167 harmoniae
741 3129 795 3166 non
810 3113 889 3174 istae,
914 3113 962 3164 sed
976 3111 1128 3182 pleraeque
1148 3112 1191 3166 his
1204 3112 1324 3182 mnjores
1339 3113 1514 3167 associantur

154 3192 330 3262 corporibus;
346 3199 377 3247 at
391 3208 480 3262 neque
494 3192 651 3248 immediata
664 3199 709 3246 est
721 3192 792 3246 haec
807 3190 963 3253 associatio,
984 3192 1031 3244 sed
1046 3191 1205 3246 tribuuntur
1222 3192 1381 3247 harmoniae
1394 3191 1514 3247 motibus

155 3273 262 3327 illorum
286 3272 470 3342 planetarum,
492 3288 606 3342 quorum
629 3273 709 3327 orbes
732 3271 788 3326 bini
807 3271 920 3343 singula
941 3269 1032 3324 sortiti
1051 3278 1116 3325 sunt
1133 3289 1250 3343 corpora
1272 3272 1427 3344 regularia.
1469 3272 1516 3327 lta

154 3350 337 3423 commigrant
350 3352 457 3423 quidem
479 3351 639 3407 harmoniae
653 3353 681 3406 in
696 3353 815 3423 quinque
829 3368 973 3422 corporum
993 3350 1119 3406 viciniam
1136 3352 1329 3407 interstinctus
1352 3351 1409 3406 suis
1424 3367 1514 3406 mace·

153 3433 247 3488 riebus
267 3440 297 3486 et
318 3433 369 3486 sub
391 3434 486 3486 eadem
505 3439 583 3487 tecta
602 3451 656 3487 non
677 3432 856 3502 recipiuntur.

234 3526 261 3597 t)
281 3531 338 3584 Imo
352 3547 388 3584 ne
401 3530 454 3584 hoc
468 3531 575 3604 quidem
590 3531 718 3586 absolute
732 3547 827 3585 verum
840 3536 893 3583 est.
934 3529 1020 3583 Nulla
1034 3528 1142 3599 quidem
1155 3544 1193 3583 ex
1212 3528 1247 3583 iis
1266 3544 1337 3600 qnae
1351 3535 1418 3583 sunt
1429 3528 1515 3583 mino·

153 3628 198 3665 res
213 3626 296 3681 quam
314 3608 457 3680 diapason,
482 3611 627 3683 cognatior
645 3618 690 3665 est
703 3609 839 3682 pyramidi
852 3616 968 3678 propter
981 3608 1161 3680 triangulum,
1186 3610 1257 3679 quod
1275 3608 1411 3680 pyramidi
1425 3608 1516 3673 basin,

153 3690 206 3761 ipsi
221 3689 352 3760 diapente
366 3697 457 3744 ortum
469 3692 596 3760 praebet.
638 3691 700 3746 Non
722 3695 818 3760 potest
831 3695 924 3742 tamen
947 3688 1000 3757 ipsi
1014 3687 1144 3757 diapente
1163 3688 1241 3742 locus
1255 3688 1293 3743 ibi
1308 3706 1378 3753 esse,
1402 3688 1450 3743 ubi
1463 3704 1515 3759 py-

154 3771 237 3825 ramis
251 3769 440 3833 interlocatur,
465 3772 513 3824 sed
527 3770 589 3824 aliis
604 3771 676 3825 notis
691 3771 829 3823 censenda
842 3775 887 3821 est
910 3767 980 3821 haec
994 3767 1198 3821 harmoniarum
1210 3770 1246 3822 ad
1259 3769 1364 3839 tlgcsras
1379 3767 1517 3839 aptitudo,

154 3853 188 3905 de
202 3868 257 3923 quo
271 3850 333 3903 vide
346 3850 396 3905 lib.
413 3850 447 3903 V.
462 3851 592 3904 Hermon
608 3866 670 3921 cap.
686 3850 713 3904 2,
750 3847 875 3911 Quinimo
889 3864 924 3900 ne
938 3847 1068 3916 diapente
1083 3847 1191 3917 quidem
1204 3847 1340 3919 trianguli
1354 3848 1439 3903 solius
1453 3863 1517 3917 pro·

153 3931 231 3986 xima
245 3937 289 3985 est
302 3930 404 4002 proles,
420 3931 467 3983 sed
482 3930 622 3984 antecedit
635 3930 702 3983 illud
717 3923 1056 3997 diapason·epidiapente;
1070 3925 1132 3979 vide
1147 3925 1194 3980 lib.
1205 3927 1253 3980 lV.
1267 3928 1399 3982 Hermon.
1414 3943 1476 3996 cap.
1488 3927 1516 3981 6.

155 4012 274 4066 Causam
294 4011 402 4080 quidem
416 4007 499 4078 hujus
515 4009 645 4064 affirmati
659 4009 827 4063 verissimam
841 4006 886 4061 hic
900 4006 929 4059 in
949 4005 1010 4073 ipso
1031 4012 1113 4059 textu
1133 4005 1249 4077 ignams
1270 4006 1331 4077 ipse
1350 4006 1439 4077 posin,
1462 4013 1518 4059 ter·

154 4090 222 4144 tiam
242 4108 281 4145 sc,
303 4096 413 4160 partem
433 4089 537 4144 circuli.

235 4182 266 4253 u)
287 4184 471 4249 Secundariis,
496 4183 557 4240 scil.
578 4183 747 4252 corporibus,
770 4182 947 4237 associandus
971 4197 1033 4235 esse
1056 4180 1265 4236 concordantias
1288 4180 1361 4245 illas,
1386 4197 1458 4254 quae
1479 4181 1518 4235 sic

155 4284 205 4338 per
228 4264 377 4320 sectionem
400 4265 519 4319 chordae
540 4270 795 4334 repraesententur,
817 4269 849 4315 ut
872 4262 895 4315 si
909 4279 947 4315 ex
961 4260 1064 4316 chorda
1085 4278 1137 4331 per
1159 4261 1307 4315 sectionem
1331 4263 1446 4333 signata
1466 4263 1520 4314 hat

155 4347 283 4409 circulus,
307 4344 383 4399 linea
396 4352 474 4399 recta
488 4359 560 4416 quae
575 4343 660 4415 signa
673 4343 819 4406 connectit,
843 4359 898 4396 non
921 4342 973 4396 dat
995 4343 1069 4396 latus
1093 4340 1210 4410 alicujus
1233 4343 1341 4410 figurae
1365 4341 1517 4411 perlectae,

156 4429 203 4481 sed
216 4427 265 4480 rel
276 4440 336 4481 nna
348 4424 425 4478 linea
438 4424 566 4479 solitaria
578 4430 699 4486 maneat,
721 4423 765 4475 vel
779 4423 854 4476 lama
867 4423 917 4475 hat
930 4423 1038 4492 figurae
1053 4420 1229 4485 abundantis,
1254 4436 1323 4490 quas
1335 4421 1385 4475 lib.
1400 4422 1423 4476 1.
1439 4428 1469 4474 et
1483 4421 1518 4474 ll.

156 4508 289 4561 flumen.
318 4504 419 4559 stellas
450 4518 470 4558 a
492 4502 669 4558 similitudine
692 4501 799 4572 placuit
820 4500 986 4573 indigetare.
1037 4500 1185 4554 Pulchrum
1208 4499 1316 4571 quidem
1339 4506 1519 4555 commentum

156 4601 266 4650 musas,
290 4585 409 4656 pulchra
431 4583 587 4639 distributio
611 4583 758 4636 semotum
771 4597 834 4635 eam
847 4581 1052 4636 harmoniamm
1072 4579 1145 4634 inter
1159 4579 1277 4650 quinque
1291 4596 1416 4650 corpora,
1439 4579 1461 4633 si
1474 4595 1518 4633 re·

157 4681 288 4737 sponsum
307 4664 412 4720 numeri
435 4670 553 4737 spectes,
579 4670 611 4719 st
632 4678 684 4733 per
706 4678 737 4715 se
759 4678 848 4731 neque
872 4660 991 4731 speciem
1008 4660 1066 4727 ,hoc
1087 4660 1175 4714 habet
1189 4675 1299 4723 causae,
1323 4676 1413 4731 neque
1435 4667 1520 4713 sexta

157 4762 242 4817 supra
261 4745 397 4815 diapason
416 4745 561 4815 ququam
580 4743 667 4797 habet
687 4758 747 4795 cum
768 4741 910 4795 icosatdro
931 4739 1091 4794 commercii.

236 4820 268 4895 v)
290 4822 376 4888 Quasi
399 4841 464 4879 vero
488 4824 590 4880 stellae
613 4840 667 4877 nou
687 4822 744 4876 sint
766 4819 851 4875 etiam
873 4822 1001 4892 figuras?
1042 4819 1174 4874 Nimirum
1198 4817 1303 4888 aliquid
1326 4826 1389 4872 erat
1412 4815 1519 4870 commi·

209 4916 414 4969 menorans.
1272 4910 1307 4967 10
