3838 5824
770 406 853 472 cust
870 406 926 458 ¹11·
1470 406 1531 476 ils

167 571 282 640 planum
295 568 397 623 dictim
410 567 561 622 incidentes
584 565 740 639 distinguat
759 566 899 622 zodiacum
921 568 949 622 in
969 568 1157 631 irrationalia,
1182 575 1263 640 patet
1282 572 1355 637 hanc
1372 570 1531 627 divisionem

166 666 221 705 non
245 666 307 704 esse
327 649 468 720 propriam
487 647 606 718 quinque
626 646 786 719 figurarum.
826 647 897 701 Eam
918 647 1006 718 igitur
1029 649 1056 703 in
1069 649 1191 719 Epitom.
1205 652 1282 704 Astr.
1298 650 1346 703 lib.
1362 651 1395 704 11.
1420 653 1530 706 demon·

168 730 255 783 suasi
269 728 411 800 propriam
424 744 486 781 esse
500 729 650 799 figurarum
661 727 814 796 planarum,
833 727 1005 799 regularium
1020 728 1279 794 demonstrabilium,
1301 730 1324 783 si
1345 730 1411 783 illae
1428 730 1530 784 circulo

168 810 354 864 inscribantur
368 809 405 862 ab
418 824 473 862 uno
488 806 548 876 ejus
563 813 675 876 puncto.

247 902 275 972 e)
297 906 369 960 Solis
390 904 518 975 intellige
532 920 643 959 annum.
671 904 742 958 Nam
755 904 819 958 dum
832 902 880 958 Sol
895 920 996 959 annum
1008 912 1143 974 permeat,
1164 904 1246 959 Luna
1263 904 1404 959 duodecim
1422 908 1529 960 menses

168 987 277 1041 wndcit
297 987 364 1041 fere.
392 986 524 1056 Adeoque
544 984 616 1038 hano
637 984 858 1037 distributionem
881 984 947 1038 anni
969 990 999 1037 et
1019 984 1297 1038 accommodationem
1316 990 1438 1038 motuum
1456 985 1528 1039 Solis

168 1066 321 1130 etLunaa,
345 1065 445 1119 saltem
467 1065 495 1117 in
516 1065 604 1135 primo
624 1063 809 1133 proportionis
829 1060 939 1117 illorum
951 1069 1101 1131 conceptu,
1124 1081 1178 1135 ego
1200 1064 1408 1134 archetypicam
1422 1071 1525 1128 stat-uo,

168 1164 258 1216 exque
278 1146 333 1199 hac
353 1143 525 1199 ordinatione
548 1151 579 1197 et
601 1160 638 1197 ex
658 1159 792 1197 concursu
814 1142 985 1197 naturalium
1007 1158 1154 1197 causarum
1176 1144 1319 1198 metricum
1339 1159 1438 1198 causas
1460 1161 1528 1207 eruo

168 1227 338 1297 quarundam
357 1224 591 1294 inaequalitatum
611 1223 640 1276 in
653 1223 748 1276 Luna:
766 1231 799 1276 ut
812 1223 904 1276 monui
918 1223 944 1276 in
957 1222 1162 1293 prolegomenis
1175 1222 1387 1293 Ephemeridurn
1401 1232 1431 1277 et
1444 1226 1527 1278 doceo

165 1306 250 1376 plene
264 1305 292 1359 in
305 1303 381 1374 Epic
396 1306 473 1357 Astr.
487 1303 536 1356 lib.
552 1303 598 1357 lv,
626 1302 720 1356 Simile
735 1303 798 1374 quid
813 1303 913 1356 ibidem
930 1302 1052 1355 invenies
1066 1301 1152 1357 etiam
1172 1304 1206 1356 de
1219 1303 1397 1373 proportione
1413 1304 1478 1357 anni
1494 1305 1528 1356 ad

166 1384 353 1439 revolutiones
367 1380 479 1437 dimnas
495 1382 552 1438 36⁰
573 1376 616 1451 (in
630 1382 720 1451 prima
738 1377 904 1448 intentione)
926 1382 1024 1453 quihus
1044 1362 1179 1436 accidunt
1197 1383 1294 1435 deinde
1314 1383 1349 1434 ob
1369 1396 1529 1436 concursum

167 1480 313 1520 causarum
326 1463 513 1518 revolutiones
529 1457 600 1521 5¹t:
614 1464 687 1515 unde
701 1462 811 1516 elicitur
824 1476 897 1515 nova
911 1462 1041 1533 aequatio
1056 1463 1196 1533 temporis.
1224 1461 1287 1515 Etsi
1301 1461 1424 1516 delibero
1439 1464 1529 1516 adium

167 1543 429 1612 observationesque
452 1542 590 1612 expendo.

246 1636 271 1711 f)
299 1642 360 1695 Hoc
378 1640 486 1710 quidem
500 1638 713 1693 accidentarium
727 1647 779 1701 est,
798 1655 853 1692 non
867 1638 1084 1708 archetypioum.
1112 1638 1183 1693 Nam
1197 1646 1229 1691 ut
1242 1638 1326 1690 doceo
1340 1638 1389 1693 lib.
1404 1638 1439 1693 V.
1454 1639 1526 1691 Har·

167 1721 346 1785 monicorum,
376 1718 517 1790 periodica
538 1716 717 1790 planetarum
737 1724 864 1787 tempora
887 1725 953 1771 sunt
977 1735 1014 1772 ex
1040 1717 1205 1772 harmonicis
1228 1715 1528 1787 contemperationibus

166 1808 289 1855 motuum
309 1809 512 1855 extremorum:
541 1798 568 1852 in
592 1796 711 1867 apheliis
734 1797 807 1850 enim
827 1797 924 1850 debuit
946 1813 1008 1850 esse
1035 1805 1157 1851 motuum
1185 1797 1327 1868 proportio
1355 1812 1428 1867 quae
1451 1795 1469 1850 2
1493 1796 1529 1849 ad

168 1882 267 1943 5iere‚
290 1879 317 1934 in
330 1874 474 1949 periheliis
488 1893 570 1941 vero,
595 1893 666 1947 quae
686 1872 703 1930 5
727 1874 762 1931 ad
786 1876 832 1940 12,
855 1886 888 1931 nt
906 1876 1013 1931 scilicet
1033 1877 1106 1930 inter
1119 1876 1232 1931 Saturni
1253 1876 1395 1946 aphelium
1408 1876 1528 1930 etJouis

167 1959 330 2031 perihelium
353 1964 451 2029 posset
472 1974 534 2010 esse
565 1955 903 2027 diapente-epi·diapason
933 1953 1045 2026 (quinta
1067 1972 1153 2026 supra
1175 1951 1334 2025 octavam),
1363 1956 1434 2009 inter
1461 1972 1528 2009 vero

166 2040 279 2095 &turni
298 2038 463 2111 perihelium
484 2044 514 2090 et
526 2036 602 2090 iovis
626 2035 769 2106 aphelium
791 2036 944 2105 perfectum
967 2036 1101 2106 diapason
1123 2032 1268 2104 (octava),
1293 2035 1358 2105 quia
1379 2034 1433 2089 hae
1457 2036 1528 2089 duae

165 2119 326 2174 harmoniae
341 2119 411 2172 cubo
426 2124 565 2188 cognatae
579 2124 654 2170 sunt.
682 2116 760 2170 Haec
773 2116 846 2169 enim
859 2115 949 2185 prima
962 2124 992 2169 et
1006 2115 1187 2185 archetypica
1201 2115 1229 2169 in
1242 2116 1361 2169 motibus
1376 2123 1420 2169 est
1433 2131 1527 2168 causa.

166 2200 244 2263 Quod
259 2200 283 2252 si
297 2198 384 2270 igitur
396 2206 429 2251 ut
443 2196 616 2266 apheliorum
630 2204 764 2259 motuum,
786 2196 826 2249 sic
846 2203 967 2249 totarum
985 2195 1159 2264 periodorum
1178 2196 1320 2265 proportio
1335 2202 1411 2248 esset
1424 2210 1495 2265 quae
1510 2192 1528 2247 2

165 2281 200 2334 ad
215 2278 247 2343 5,
271 2285 338 2332 tunc
352 2277 380 2331 in
394 2276 473 2330 annis
488 2276 526 2330 60
541 2277 736 2347 contingerent
748 2275 874 2345 praecise
889 2276 960 2328 duae
980 2275 1166 2329 revolutiones
1180 2274 1306 2338 Saturni,
1329 2275 1447 2344 quinque
1461 2290 1528 2327 rero
1573 2303 1575 2309 π

163 2359 255 2420 Jovis3
271 2359 299 2411 in
313 2358 392 2411 annis
410 2355 446 2410 12
461 2372 517 2410 una
528 2356 623 2410 ioris:
645 2363 675 2409 et
687 2355 822 2411 Saturnus
838 2362 868 2409 et
880 2355 991 2425 Jupiter
1005 2352 1144 2422 conjuncti
1158 2355 1236 2408 verbi
1250 2368 1336 2408 causa
1349 2353 1377 2407 in
1393 2352 1528 2423 principio

165 2438 261 2492 arietis
280 2436 406 2507 praecise
419 2444 485 2505 post
498 2435 537 2490 20
551 2451 639 2490 annos
654 2435 755 2504 inipso
770 2434 904 2503 principio
919 2435 1061 2507 sagittarii
1076 2434 1182 2488 coirent
1195 2432 1304 2489 iterum.
1332 2430 1443 2504 Jupiter
1457 2434 1528 2487 enim

164 2524 295 2587 superato
309 2515 432 2570 Saturno
450 2516 513 2569 dnm
533 2515 674 2567 zodiacum
688 2530 814 2568 emensus
829 2513 979 2568 Saturnum
992 2514 1147 2584 fugientem
1157 2514 1341 2584 persequitur,
1357 2512 1405 2565 ille
1419 2512 1529 2566 interim

163 2612 201 2651 ex
215 2597 305 2669 ariete
321 2595 392 2649 abiit
406 2602 523 2657 tanturm
546 2601 578 2648 nt
590 2595 701 2664 Jupiter
715 2592 742 2647 in
756 2594 875 2663 quinque
889 2593 1109 2648 revolutionibus
1123 2600 1168 2647 ter
1182 2594 1348 2646 solummodo
1364 2600 1529 2661 assequatur

163 2677 267 2746 ipsum,
290 2674 356 2746 quia
376 2674 476 2745 effugit
488 2674 623 2727 Saturnus
638 2689 690 2743 per
703 2675 772 2726 duas
786 2690 824 2727 ex
839 2674 973 2743 quicqum
997 2673 1039 2726 ita
1058 2680 1170 2727 restam
1191 2680 1248 2726 tres
1271 2671 1477 2741 conjunctiones
1500 2670 1528 2725 in

164 2757 285 2828 quinque
297 2754 454 2809 Jovialihus
471 2753 592 2823 periodis
610 2753 735 2823 perfecto
755 2753 897 2823 triangulo
918 2751 1093 2806 distributae.
1121 2753 1207 2816 Ecce,
1230 2755 1264 2805 ut
1281 2751 1326 2805 hic
1345 2750 1527 2821 triangularis

163 2835 387 2905 conjunctionum
411 2833 480 2887 situs
504 2833 542 2887 sit
564 2833 751 2886 necessarium
777 2847 947 2901 consequens
970 2846 1073 2884 musae
1097 2831 1294 2901 archetypicae
1318 2846 1356 2883 ex
1377 2828 1527 2883 harmoniis

117 2981 122 2984 Α
163 2917 322 2976 desumtae;
345 2913 454 2968 accidat
466 2927 532 2965 vero
547 2912 700 2966 trisectioni
714 2910 833 2975 zodiaci,
853 2927 902 2965 sen
915 2926 967 2981 per
981 2911 1137 2980 pyramide,
1160 2926 1210 2964 seu
1228 2927 1279 2979 per
1292 2909 1479 2979 triangulum,
1503 2906 1527 2960 sl

163 2994 224 3066 quis
244 2993 335 3057 illam,
359 3002 393 3047 ut
414 2993 443 3045 in
465 2993 518 3046 hoc
541 2992 633 3063 capite
656 2992 806 3062 ponebam,
831 2990 1039 3060 archetypioam
1060 3006 1122 3043 esse
1142 2990 1322 3042 contenderit.
1355 2987 1483 3041 Vicissim
1502 2986 1528 3039 si

163 3081 287 3129 totarum
301 3072 475 3141 periodorum
487 3070 503 3135 i,
518 3076 548 3125 et
561 3077 583 3139 ll
597 3071 740 3141 proportio
755 3077 831 3124 esset
844 3070 906 3134 illa,
929 3084 1000 3141 quae
1020 3077 1135 3139 propter
1148 3067 1322 3123 harmonicas
1338 3074 1526 3134 contempera·

164 3154 255 3209 tiones
269 3152 366 3206 debuit
379 3168 441 3204 esse
455 3159 578 3205 motuum
590 3152 794 3222 periheliorum,
810 3167 848 3204 sc.
865 3150 933 3221 baad
952 3148 996 3212 12,
1019 3156 1085 3203 tunc
1097 3148 1126 3202 in
1141 3149 1219 3202 annis
1239 3148 1293 3202 150
1308 3146 1420 3216 Jupiter
1432 3158 1525 3199 rever·

163 3242 272 3288 ceream
285 3231 439 3294 duodecies,
455 3232 541 3285 semel
554 3231 582 3284 in
597 3231 676 3285 annis
696 3224 775 3290 12¹1..
804 3230 916 3284 Ablatis
931 3229 1018 3301 igitur
1033 3228 1049 3283 5
1065 3230 1098 3281 de
1116 3228 1164 3293 12,
1183 3235 1325 3283 restarent
1340 3227 1366 3290 7,
1389 3226 1472 3280 toties
1487 3241 1527 3278 so.

162 3313 274 3384 Jupiter
288 3319 484 3383 assequeretur
497 3310 654 3365 Saturnum,
682 3311 780 3381 Itaque
802 3310 930 3364 zodiacus
948 3325 1000 3379 per
1018 3310 1069 3363 has
1088 3308 1295 3378 conjunctiones
1316 3307 1484 3360 divideretur
1498 3304 1527 3357 in

110 3395 118 3402 ’
162 3401 259 3464 portes
275 3388 302 3455 ’1,
318 3407 432 3463 quarum
446 3390 550 3460 quinis,
570 3390 597 3443 id
613 3398 657 3444 est
671 3390 728 3444 257
742 3390 889 3463 gradihus,
912 3391 994 3444 binae
1010 3388 1216 3457 conjunctiones
1232 3403 1250 3442 a
1264 3404 1294 3441 se
1309 3386 1424 3440 invicem
1438 3394 1526 3437 remo·

161 3479 309 3534 verentem
324 3471 402 3524 verbi
416 3486 509 3534 causa,
524 3478 590 3539 post
603 3484 685 3524 unam
699 3471 728 3524 in
742 3463 776 3525 0·
790 3468 816 3530 Υ
837 3470 1013 3540 contingeret
1032 3470 1124 3522 altera
1139 3469 1165 3521 in
1183 3462 1234 3523 17⁸
1242 3462 1279 3532 s,
1296 3464 1382 3520 tertia
1396 3466 1424 3519 in
1438 3459 1471 3519 4⁰
1482 3460 1525 3537 W.

162 3553 216 3607 Sed
231 3552 298 3622 quia
309 3550 451 3621 periodica
471 3559 596 3619 tempora
617 3557 816 3620 componuntur
835 3566 873 3604 ex
892 3550 1011 3604 motibus
1032 3557 1089 3603 tam
1112 3548 1245 3618 apheh‘is,
1272 3558 1354 3618 quam
1374 3543 1524 3616 perineliis,

162 3649 255 3703 exque
269 3630 422 3700 interjectis
437 3629 576 3691 omnibus,
597 3628 661 3683 hinc
679 3629 803 3684 nascitur
817 3630 901 3683 etiam
916 3628 1079 3683 intermedia
1092 3629 1265 3698 periodorum
1285 3626 1439 3697 proportio,
1462 3641 1525 3677 oon·

157 3711 385 3782 jnnedonumque
399 3726 450 3780 per
464 3709 606 3763 zodiacum
621 3709 793 3771 distributio,
818 3718 850 3763 ut
867 3708 957 3778 priua
976 3708 1004 3762 in
1025 3707 1159 3778 principio
1183 3707 1278 3763 arietis
1303 3707 1457 3768 collocata,
1481 3718 1524 3756 se·

161 3792 252 3845 sunda
264 3806 354 3861 neque
369 3790 395 3842 in
411 3791 500 3860 ipsum
512 3789 675 3859 principium
690 3788 831 3861 sagittarii
845 3788 941 3842 veniat
958 3804 1009 3840 nec
1023 3788 1107 3841 etiam
1127 3804 1213 3858 usque
1231 3787 1259 3841 in
1277 3779 1369 3845 17⁰!
1383 3790 1523 3847 excurrat,

162 3874 209 3925 sed
223 3870 316 3925 media
329 3878 359 3923 et
372 3868 513 3939 aequabili
528 3868 636 3923 ratione
652 3871 686 3922 ad
701 3878 758 3924 tres
777 3870 881 3939 grsdm
901 3868 979 3921 ultra
998 3866 1201 3938 triangularem
1214 3869 1304 3920 locum
1317 3862 1523 3936 progrediatur,

161 3950 278 4014 Quodsi
300 3950 363 4020 ipsa
383 3949 487 4003 zodiaci
508 3949 647 4004 distinctio
668 3950 695 4002 in
718 3959 774 4003 tres
797 3947 913 4002 trientes
940 3962 993 4015 per
1014 3947 1118 4015 figuras
1140 3945 1322 4019 geometricas
1353 3943 1476 4016 genuirm
1495 3948 1525 3994 et

160 4026 344 4101 archetypica
358 4042 445 4083 causa
457 4028 557 4083 luisset
577 4026 660 4097 hujus
681 4028 867 4099 dispositionis
887 4025 1121 4094 conjunctionum,
1146 4027 1241 4095 utique
1264 4022 1452 4094 expressisset
1474 4021 1526 4074 illa

159 4110 316 4181 perlectum
330 4109 516 4180 triangulum
538 4126 592 4162 non
613 4109 729 4162 aberrat
742 4109 814 4162 enim
828 4106 948 4160 divinum
962 4118 1030 4174 opus
1046 4106 1082 4158 ab
1098 4105 1251 4176 archetypo
1266 4102 1332 4158 suo?
1356 4102 1418 4156 Non
1438 4101 1525 4174 igitur

160 4188 279 4260 amplius
302 4188 400 4243 mirum
422 4204 483 4242 esse
507 4188 602 4252 dehet,
626 4200 675 4242 cur
688 4188 800 4243 Saturni
813 4187 944 4255 lorisque
964 4198 1129 4256 congressus
1145 4185 1179 4238 ad
1194 4183 1366 4255 triangulum
1380 4182 1523 4244 alludant;

159 4269 227 4340 qnia
249 4282 302 4323 nec
323 4269 451 4339 periecta
473 4275 504 4321 et
524 4268 609 4337 plane
632 4268 821 4323 accidentaria
840 4276 885 4321 est
906 4264 1016 4319 allusio.
1565 4259 1573 4272 '

240 4344 277 4420 g)
297 4347 351 4403 Hic
369 4354 435 4402 sunt
448 4347 586 4418 ipsissima
599 4347 735 4418 principia
752 4348 805 4403 mei
820 4346 910 4418 operis
925 4344 1096 4409 Harmonici,
1123 4360 1212 4414 eaque
1230 4360 1286 4399 non
1300 4349 1408 4396 tantum
1426 4339 1523 4410 opina-

160 4429 281 4491 tionum,
305 4444 377 4499 quae
400 4422 600 4497 posterioribus
616 4429 786 4498 temporibus
808 4426 990 4498 corrigendae
1004 4423 1120 4489 luerint,
1145 4425 1195 4477 sed
1216 4423 1301 4477 etiam
1319 4420 1464 4475 verissima
1482 4418 1524 4473 rei

158 4508 255 4580 ipsius
282 4506 379 4562 Omnia
394 4507 466 4561 enim
479 4505 672 4575 philosophica
692 4508 848 4579 speculatio
871 4507 955 4560 debet
976 4504 1084 4559 initium
1107 4516 1208 4572 capere
1229 4514 1248 4557 a
1265 4514 1395 4571 sensuum
1412 4498 1523 4569 experi-

158 4587 274 4643 mentise
293 4586 339 4641 hic
353 4600 432 4651 vero,
455 4602 527 4656 qnae
546 4602 644 4641 sensus
659 4588 769 4642 auditus
785 4594 905 4641 testetur
918 4587 952 4639 de
966 4598 1078 4640 numero
1092 4596 1190 4637 vocum
1207 4596 1268 4637 cum
1280 4594 1338 4635 una
1352 4580 1446 4650 aliquo
1459 4597 1524 4632 oon-

158 4667 333 4732 aonantinm,
353 4680 425 4737 quae
438 4665 506 4719 item
519 4681 616 4719 sensus
631 4668 771 4722 oculorum
785 4669 818 4721 de
833 4664 1005 4739 longitudine
1019 4664 1182 4718 chordarum
1196 4661 1416 4725 consonantium,
1431 4674 1523 4713 emen-

159 4748 302 4804 datissime
325 4753 357 4800 et
377 4747 460 4815 plene
483 4760 647 4815 expressum
668 4748 767 4803 habes.

236 4822 274 4897 h)
301 4822 402 4880 Mirum
420 4832 465 4879 est
484 4825 621 4897 equidem,
646 4844 707 4883 cum
724 4834 768 4881 tot
785 4834 822 4878 ex
843 4822 957 4895 antiquo
972 4823 1119 4879 extiterint
1132 4818 1280 4890 scriptores
1294 4818 1522 4881 harmonicorum,

157 4908 288 4979 ommam
305 4919 393 4977 penes
414 4904 489 4975 ipsos
512 4920 655 4963 occurrere
676 4902 898 4963 observationem
919 4904 992 4959 hanc
1018 4906 1053 4958 de
1075 4912 1189 4957 numero
1212 4896 1364 4955 resonum
1386 4895 1524 4951 harmoni·
