3814 5818
397 350 464 418 tot
946 354 1070 421 hangra
1087 352 1210 418 mensura

397 513 516 594 cipuam
550 512 641 575 etiam
671 512 807 575 fraudem
837 513 1025 577 committat:
1057 514 1157 577 visum
1184 522 1234 577 est
1264 512 1417 593 peculiare
1445 520 1539 596 capnt
1568 515 1599 578 in
1622 533 1662 578 ea
1683 534 1759 579 con·

398 621 535 666 sumere:
568 602 597 664 in
621 601 708 682 cujus
731 601 818 664 initio
851 621 927 683 quaa
954 602 991 665 de
1014 603 1178 683 Apollonio
1212 603 1300 665 nobis
1328 610 1472 666 consuat
1501 623 1539 666 ex
1566 604 1625 667 lide
1656 603 1758 684 dignis

399 689 571 754 auctoribus
590 690 805 770 judicabimns;
828 699 938 771 postea
961 709 1057 772 nugae
1073 691 1145 756 Ursi
1168 710 1236 755 eum
1259 690 1321 754 illis
1344 693 1545 757 conferemus.
1668 739 1672 745 .

986 931 1171 942 u-——uss-

969 1130 1090 1231 Caput
1115 1131 1183 1207 111.

531 1304 653 1371 Nullae
674 1315 801 1372 castore
821 1306 989 1393 Apollonii
1010 1309 1152 1392 Perpoee'
1173 1311 1359 1394 hypotheses
1380 1310 1618 1374 commnione.

487 1464 577 1539 Quod
600 1465 629 1528 in
653 1467 857 1531 architectura
879 1468 1050 1544 usuvenit,
1075 1476 1108 1532 ut
1131 1489 1189 1533 nou
1213 1489 1251 1532 ex
1264 1488 1325 1533 una
1338 1469 1459 1532 officina
1480 1475 1622 1549 petantur
1645 1469 1759 1545 omnia,

398 1554 477 1629 calx,
500 1563 702 1632 caementum,
727 1556 819 1632 clavi,
844 1575 949 1632 serae,
980 1558 1147 1631 fenestrae,
1180 1578 1234 1621 nec
1258 1558 1339 1622 idem
1362 1557 1547 1620 architectus
1570 1563 1603 1618 et
1625 1556 1762 1639 lapicida

397 1643 438 1705 sit
469 1650 501 1705 et
523 1642 669 1722 lignarius
697 1652 729 1707 et
751 1645 893 1708 ferrarius
921 1654 954 1707 et
976 1647 1160 1710 arculariust
1190 1647 1270 1709 idern
1289 1656 1322 1710 et
1349 1648 1379 1709 in
1408 1644 1610 1709 astronomica
1633 1646 1759 1729 negotio

396 1750 453 1794 usn
475 1731 568 1794 venit.
614 1733 737 1796 Etenim
760 1734 811 1816 qui
833 1732 913 1796 omni
936 1734 1028 1797 animi
1051 1738 1235 1818 cogitatione
1258 1735 1289 1798 in
1304 1735 1334 1798 id
1356 1735 1491 1798 intentus
1510 1743 1567 1811 est,
1590 1741 1626 1796 ut
1648 1754 1687 1796 ex
1708 1734 1759 1810 iis,

397 1840 474 1902 qnae
496 1820 526 1883 in
552 1822 636 1885 coelo
660 1822 787 1885 diversis
812 1822 998 1903 temporibus
1023 1826 1173 1902 eveniunt,
1198 1824 1458 1906 argumentatione
1482 1821 1636 1898 derivata,
1658 1822 1760 1905 hypo-

397 1910 502 1971 theses
526 1908 643 1991 aliquas
672 1912 773 1974 mundi
807 1913 935 1974 sormam
959 1913 1163 1992 exprimentes
1187 1913 1372 1988 constituat,
1404 1912 1483 1976 huuc
1507 1911 1667 1975 architecti
1689 1912 1760 1974 loco

301 2064 307 2077 ,
397 1997 510 2060 habeo:
544 2000 628 2080 cujus
652 2000 772 2081 quidem
796 2006 885 2062 tanta
908 2008 956 2062 est
978 2001 1151 2080 occupatio,
1186 2009 1220 2064 ut
1238 2001 1423 2082 impossibile
1445 2001 1502 2077 sit,
1535 1999 1762 2082 ipsumomnia

397 2108 418 2149 a
440 2106 473 2148 se
497 2085 563 2165 ipso
586 2095 701 2169 petere.
747 2087 873 2168 Accipit
894 2088 986 2169 igitur
1001 2089 1229 2154 observationes
1252 2092 1347 2171 ipsas,
1371 2091 1419 2154 vel
1438 2108 1542 2157 omues
1565 2089 1614 2151 vel
1637 2089 1761 2169 aliquas

399 2176 437 2241 ab
462 2175 550 2250 aliis;
574 2185 653 2252 sunt,
679 2176 730 2258 qui
752 2176 874 2239 tabulas
897 2178 942 2239 illi
961 2186 1140 2242 construant
1162 2180 1228 2243 usui
1242 2178 1415 2261 quotidiano
1430 2178 1629 2241 necessarias.
1666 2177 1762 2241 Alius

401 2262 609 2328 arithmeticae
633 2266 806 2346 praeceptis
835 2266 936 2329 clarus
968 2268 1103 2330 nonnihil
1135 2267 1229 2331 habet
1259 2269 1288 2331 in
1313 2289 1370 2333 aaa
1392 2268 1589 2348 supellectili,
1621 2266 1761 2347 quadiu

398 2372 486 2416 sunm
518 2372 604 2416 usum
637 2353 753 2435 seligat
773 2354 895 2417 artifex.
940 2356 1030 2420 Alius
1053 2359 1197 2437 operandi
1224 2377 1280 2439 per
1301 2376 1441 2421 numeros
1471 2354 1649 2435 compendia
1671 2375 1760 2419 com·

398 2441 581 2517 miniscitnr,
616 2442 693 2504 alins
723 2443 892 2507 doctrinam
915 2444 1033 2508 sianum
1056 2446 1219 2510 artificiose
1241 2447 1352 2522 tradit,
1387 2445 1464 2508 alins
1492 2444 1645 2525 triangula
1667 2445 1762 2507 docet

399 2530 561 2593 aestimare
588 2530 715 2598 facilins.
762 2532 898 2613 Denique
922 2539 1008 2609 sunt,
1033 2534 1082 2615 qui
1106 2536 1297 2615 geometricis
1320 2534 1516 2616 problematis
1540 2534 1759 2596 demonstrau-

399 2619 446 2682 dis
470 2618 604 2682 laborem
631 2620 808 2702 principalis
831 2620 956 2684 artificis
986 2642 1045 2686 non
1068 2625 1258 2688 mediocriter
1287 2624 1456 2688 sublevant
1502 2622 1546 2685 Et
1574 2630 1691 2698 tamem
1725 2630 1761 2685 ut

363 2782 370 2789 ι
399 2707 448 2790 qui
473 2707 576 2771 clavos
600 2709 697 2785 cudit,
722 2710 871 2773 fenestras
894 2713 1056 2789 construit,
1085 2712 1202 2798 lapidee
1225 2715 1406 2793 imperatam
1428 2713 1459 2774 in
1483 2713 1608 2778 formam
1631 2709 1760 2781 excidit,

397 2815 456 2859 non
489 2796 557 2859 ideo
590 2806 639 2862 est
660 2799 817 2862 habendus
843 2819 898 2879 pro
921 2801 1104 2878 architecto,
1138 2803 1198 2864 etsi
1226 2802 1291 2882 ejus
1314 2820 1407 2881 opera
1438 2800 1532 2864 utitur
1562 2799 1759 2875 architectus,

398 2886 562 2967 domusque
586 2893 739 2950 structura
753 2880 812 2950 non
826 2888 904 2965 huic,
929 2890 984 2952 sed
1000 2889 1168 2954 architecto
1183 2890 1382 2954 adscribitur:
1407 2889 1453 2953 ita
1467 2888 1542 2951 etin
1561 2888 1761 2962 astronomia,

396 2993 457 3038 nou
481 2974 551 3055 quia
573 2984 764 3039 astronomus
788 2977 852 3039 sine
866 2979 1033 3059 geometria
1056 2988 1088 3042 et
1101 2979 1302 3054 arithmetica,
1325 2978 1454 3059 geminis
1475 2978 1542 3053 alis,
1565 2984 1760 3041 astronomus

397 3082 466 3125 esse
498 3082 557 3144 non
589 3073 710 3145 potest,
743 3074 909 3147 propterea
941 3067 1046 3130 statim
1073 3077 1266 3132 astronomus
1295 3075 1363 3142 est,
1400 3066 1451 3147 qui
1476 3066 1571 3130 bonus
1601 3070 1762 3147 geometra

397 3151 552 3232 bonusque
576 3161 625 3215 est
648 3154 870 3217 arithmeticus:
905 3174 960 3217 nec
984 3156 1010 3218 si
1034 3158 1101 3236 quis
1126 3157 1263 3220 doctrina
1295 3155 1512 3237 triangulorum
1541 3154 1656 3219 tradita
1678 3153 1760 3216 arti-
1787 3168 1790 3175 ’

397 3242 484 3304 dcem
506 3240 537 3301 in
562 3242 725 3304 condendis
749 3243 861 3304 tabulis
885 3245 1005 3324 egregie
1023 3246 1118 3325 juvit,
1149 3257 1311 3329 propterea
1343 3244 1513 3309 tabularum
1534 3244 1584 3307 vel
1606 3242 1759 3325 hypothe-

402 3328 479 3391 sium
493 3335 600 3390 auctor
614 3338 672 3392 eet.
718 3329 805 3392 Haec
820 3348 888 3393 cnm
911 3332 956 3393 ita
979 3350 1012 3395 se
1035 3333 1179 3410 habeant,
1204 3336 1398 3399 vehementer
1416 3333 1502 3397 initio
1516 3333 1616 3407 miror,
1639 3332 1759 3411 Apol·

399 3416 500 3479 ionio
516 3416 555 3477 ab
565 3417 644 3479 Urso
656 3417 745 3480 tribui
756 3417 940 3498 hypotheses
955 3422 1174 3485 astronomicas
1183 3423 1360 3503 peculiares,
1385 3422 1445 3504 qui,
1461 3424 1539 3504 quod
1554 3421 1761 3484 astronomica

397 3503 519 3578 attinet,
544 3504 616 3567 nihil
641 3504 760 3567 omnino
784 3506 929 3586 scriptum
960 3509 1082 3590 reliquit
1106 3520 1229 3592 praeter
1252 3512 1468 3594 geometricum
1490 3511 1645 3592 problema
1667 3513 1758 3590 (pro-

399 3592 532 3660 fessione
555 3613 684 3675 namque
707 3604 863 3676 geometra
886 3597 974 3673 tuit),
1005 3617 1063 3679 quo
1086 3599 1280 3664 Ptolemaeus
1308 3601 1340 3664 iu
1364 3600 1546 3664 stationibus
1564 3599 1759 3681 planetarum

400 3681 651 3757 demonstrandis,
677 3684 707 3749 in
730 3693 817 3765 parte
841 3705 947 3766 nempe
972 3688 1077 3752 domus
1096 3691 1279 3766 exornanda,
1303 3710 1375 3752 usus
1394 3697 1452 3753 est.
1498 3691 1543 3753 Ut
1565 3696 1667 3751 autem
1690 3688 1759 3750 cla·

400 3768 519 3832 tissime
542 3780 657 3852 pateat,
682 3774 753 3856 qnid
767 3774 949 3854 Apollonius
972 3777 1235 3854 demonstraverit,
1260 3779 1332 3859 qnid
1354 3798 1426 3842 vero
1445 3778 1542 3842 Ursus
1565 3775 1759 3841 securissime

398 3859 563 3937 fabuletur,
597 3881 653 3941 age
681 3870 778 3926 totam
801 3865 866 3944 ejus
888 3864 1085 3929 intentionem
1118 3868 1242 3931 efnnte
1265 3886 1336 3944 suo,
1368 3887 1411 3930 ec.
1445 3867 1658 3930 ePtolemaeo
1682 3866 1759 3946 (quo

399 3946 510 4024 misso,
545 3950 624 4030 qnod
647 3952 840 4015 vehementer
862 3952 968 4027 miror,
1000 3955 1096 4018 Ursus
1125 3956 1164 4017 ad
1187 3955 1315 4020 rivulum
1348 3957 1416 4019 inde
1440 3956 1614 4031 deductum,
1648 3974 1692 4018 sc.
1718 3954 1758 4016 ad

398 4033 597 4116 Cepernicum
620 4045 780 4120 provocat)
805 4040 834 4103 iu
858 4042 913 4105 has
937 4044 1074 4125 pagellas
1098 4044 1300 4107 derivabimns
1324 4054 1356 4108 et
1379 4054 1620 4126 transponamus.
1657 4042 1756 4124 Equi·

397 4125 467 4187 dem
497 4128 576 4206 quod
598 4128 710 4204 Ursus,
744 4130 827 4192 nulla
849 4131 1016 4196 Ptolemaei
1047 4134 1198 4195 mentione
1232 4135 1327 4209 facta,
1362 4134 1411 4216 qni
1435 4133 1602 4197 clarissime
1626 4140 1760 4196 mentem

396 4213 552 4294 Apollonii
575 4217 724 4296 exposuit.
748 4218 778 4280 in
794 4217 972 4300 Gopernico,
997 4222 1047 4303 qui
1065 4221 1220 4285 obscurius
1233 4242 1296 4285 rem
1311 4222 1463 4302 exprimit,
1488 4241 1628 4303 magnum
1646 4240 1758 4284 causae

397 4304 581 4384 praesidium
604 4307 698 4385 ponit,
723 4306 753 4368 id
776 4308 923 4388 ejmmodi
947 4319 1008 4386 est,
1042 4317 1077 4373 ut
1103 4330 1244 4391 magnam
1267 4313 1468 4392 suspicionem
1498 4311 1643 4387 concitat,
1676 4330 1757 4374 nuu-

397 4409 487 4471 qnam
509 4392 606 4456 visum
631 4394 709 4458 Urso
735 4396 960 4469 Ptolemaeum,
983 4399 1038 4461 sed
1067 4399 1206 4462 extitisse
1229 4402 1406 4465 monitorem
1428 4400 1575 4483 aliquem,
1604 4399 1655 4481 qui
1676 4399 1757 4463 Urso

396 4479 573 4559 subjiceret,
598 4484 660 4546 tale
684 4486 754 4565 qnid
777 4485 930 4566 Apollonii
953 4488 1110 4569 problema
1132 4509 1248 4570 sapere,
1269 4490 1372 4572 qualia
1395 4489 1546 4572 Tyohouis
1569 4490 1599 4553 in
1623 4509 1656 4551 se
1680 4507 1756 4550 con-

395 4567 496 4631 tinent
517 4571 711 4652 hypotheses,
735 4580 767 4635 et
791 4574 864 4636 illud
888 4577 1008 4657 quidem
1021 4578 1178 4657 problema
1192 4578 1370 4658 bipartitum
1383 4597 1462 4641 esee.
1510 4578 1641 4641 Tantum
1664 4576 1755 4651 enim,

395 4674 452 4718 uec
474 4657 562 4737 plura
584 4680 640 4722 nec
663 4661 854 4725 distinctiora
867 4665 963 4728 Ursus
987 4667 1024 4728 de
1044 4667 1218 4746 Apollonio,
1242 4688 1310 4730 cum
1332 4669 1408 4731 haec
1432 4667 1588 4741 scriberet,
1611 4666 1756 4729 sciverat

397 4742 460 4808 Sed
483 4747 522 4808 ad
545 4747 763 4814 Ptolemaeum.
810 4750 886 4816 Cum
915 4774 953 4816 ex
976 4761 1080 4817 aetate
1109 4755 1139 4819 in
1162 4776 1271 4837 magno
1300 4751 1397 4836 pretio
1419 4765 1526 4818 esseut
1552 4756 1757 4837 geometricae

395 4835 677 4915 demonstrationes,
703 4849 736 4903 et
758 4840 842 4903 flocci
864 4843 1066 4923 penderentur
1088 4846 1137 4908 vel
1160 4846 1352 4910 mechanicae
1367 4844 1585 4925 descriptiones
1609 4844 1659 4906 vel
1681 4863 1755 4928 pro-
