3838 5824
811 349 896 415 cm
913 349 947 401 u

200 498 331 563 amano
354 520 451 579 inore,
475 511 510 567 ut
531 505 666 569 homines
689 507 910 590 intelligamus)
934 518 1025 591 atque
1049 511 1117 575 idea
1140 512 1181 575 sit
1204 512 1246 575 rei
1269 512 1393 593 prioris,
1415 516 1458 577 sit
1480 535 1563 590 vero,
1608 526 1621 584 ,’

200 594 234 651 ut
252 589 342 651 modo
362 591 474 655 dietum
490 601 547 669 est,
571 596 615 657 rei
640 598 781 677 optimae,
807 609 840 662 nt
865 601 961 662 lorma
985 602 1076 664 futuri
1099 602 1197 683 operis
1222 604 1344 681 etipsa
1367 604 1420 666 liat
1438 606 1561 685 optima,

198 686 286 757 patet
308 666 458 767 quodibis
482 682 608 763 legibus,
633 704 709 766 quas
724 688 806 750 Deus
830 690 895 770 ipse
919 709 975 751 sua
998 691 1133 753 bonitate
1156 689 1215 752 sibi
1237 692 1426 770 praescribit,
1451 693 1561 755 nullius

199 764 242 828 rei
266 766 365 829 ideam
388 789 441 850 pro
465 773 677 837 constituendo
701 777 810 839 mundo
833 778 986 859 suscipere
1009 777 1158 859 potnerit,
1182 798 1271 858 quam
1294 800 1367 843 suae
1391 782 1485 861 ipsius
1509 791 1564 843 ese

198 836 336 947 sentim}
361 862 438 938 quae
455 859 605 937 bifariam,
630 882 720 943 quam
737 876 899 945 praestans
923 875 1014 948 atque
1039 866 1142 930 divina
1166 868 1215 941 sit,
1241 868 1425 931 considerari
1447 877 1560 952 potest,

198 942 293 1023 primo
316 943 347 1007 iu
370 966 419 1023 se,
443 950 592 1028 quatenus
615 961 664 1013 est
686 974 747 1016 una
769 955 798 1016 in
821 956 971 1031 essentia,
996 956 1076 1019 trina
1099 957 1128 1019 in
1152 958 1306 1035 personis,
1332 957 1438 1020 deinde
1462 959 1560 1021 colla-

198 1032 280 1094 tione
304 1033 389 1097 fante
411 1056 478 1099 cunr
499 1040 659 1103 armna.

286 1122 375 1187 Hauc
389 1126 561 1206 imaginem,
584 1127 663 1192 banc
684 1130 785 1193 ideam
807 1133 917 1195 munda
940 1132 1109 1212 imprimere
1133 1133 1236 1207 voluit,
1263 1142 1296 1195 ut
1319 1134 1345 1196 is
1368 1134 1455 1195 beret
1477 1135 1560 1215 opti·

198 1228 264 1272 mua
279 1214 613 1294 etqnepulcberriuaue,
636 1226 728 1299 utque
751 1223 777 1280 is
802 1240 868 1283 eam
891 1222 1044 1301 suscipere
1066 1230 1181 1301 posset,
1206 1220 1390 1292 Quantum
1413 1224 1558 1297 condidit,

198 1301 445 1384 quantitatesque
468 1305 709 1391 sapientissimus
732 1310 869 1371 conditor
891 1311 1087 1390 excogitavit,
1112 1328 1235 1391 quarum
1253 1310 1360 1384 omnis,
1385 1319 1420 1373 ut
1442 1311 1487 1373 ita
1510 1312 1558 1373 di-

198 1406 274 1463 cam,
299 1393 435 1454 essentia
457 1392 486 1454 in
511 1394 586 1455 baec
610 1395 668 1458 duo
691 1397 864 1460 discrimina
887 1398 1021 1473 caderet,
1044 1407 1159 1461 rectum
1183 1408 1214 1460 et
1235 1418 1366 1474 curvum,
1392 1419 1430 1460 ex
1453 1401 1560 1478 quibus

199 1497 322 1541 currum
344 1480 432 1545 nobis
456 1482 571 1544 duobus
602 1483 661 1547 illis
676 1478 774 1549 'modo
799 1487 888 1549 dictis
910 1488 1008 1549 modis
1031 1488 1127 1550 Deum
1152 1497 1405 1567 repraesentaret.
1454 1489 1560 1568 Neque

198 1566 277 1629 enirn
297 1568 532 1633 asbtinendum
554 1580 613 1648 est,
637 1582 750 1637 minere
774 1576 913 1639 extitisse
937 1585 1000 1638 tarn
1024 1585 1098 1656 apta
1115 1577 1344 1656 praefigurando
1358 1578 1426 1639 Deo
1449 1576 1558 1639 discri-

198 1655 296 1730 mina,
330 1666 364 1719 ut
385 1659 468 1722 Deus
491 1678 551 1721 non
574 1661 611 1722 de
634 1663 682 1725 bis
705 1664 781 1744 ipsis
810 1664 1007 1745 cogitaverit,
1041 1665 1094 1727 sed
1123 1674 1267 1747 qnantum
1297 1684 1406 1745 corpus
1434 1672 1559 1745 propter

198 1745 274 1808 alias
297 1765 408 1809 mosas
431 1748 550 1828 alioque
573 1752 699 1815 consilio
729 1754 915 1827 condiderit,
948 1764 1039 1835 atque
1068 1763 1177 1835 postea
1206 1754 1282 1817 recti
1310 1764 1343 1815 et
1364 1754 1446 1815 curvi
1470 1773 1557 1817 com·

122 1902 130 1909 ‚
198 1834 316 1915 paratio
340 1845 372 1897 et
394 1836 470 1900 baec
492 1856 560 1900 cum
582 1839 649 1903 Deo
676 1842 841 1904 similitudo
867 1850 976 1922 suapte
1003 1852 1112 1923 sponte
1139 1843 1227 1922 quasi
1255 1842 1378 1905 fortuito
1408 1843 1558 1905 extiterit.

285 1921 366 1995 Quin
388 1925 489 2007 potius
508 1927 668 1991 verisimile
689 1938 746 1999 est,
770 1931 855 1994 initio
878 1931 1009 1993 omnium
1033 1941 1117 1995 certo
1140 1931 1265 1993 consilio
1288 1950 1411 1993 currum
1435 1937 1468 1993 et
1490 1950 1559 1993 rec-

197 2020 260 2075 tum
284 2034 304 2075 a
324 2014 392 2077 Deo
414 2015 515 2077 electa
538 2017 577 2078 ad
600 2018 836 2081 adumbrandam
860 2021 889 2084 in
914 2021 1023 2082 mundo
1049 2020 1238 2082 divinitatem
1261 2018 1443 2094 conditoris,
1468 2026 1559 2099 atqne

196 2101 320 2164 utbaec
334 2103 511 2180 existerent
537 2107 724 2186 quantitates
739 2109 843 2183 luisse,
867 2115 960 2190 atque
982 2120 1017 2171 ut
1039 2109 1195 2190 quantitas
1209 2108 1381 2181 haberetur,
1406 2107 1558 2171 conditum
1667 2180 1671 2185 ¹

198 2209 266 2253 ease
289 2191 385 2271 primo
409 2193 540 2255 omnium
562 2213 681 2275 corpus.

286 2280 451 2344 Videamus
472 2283 573 2356 modo,
598 2284 780 2364 ecquomodo
805 2281 934 2347 Creator
956 2285 1086 2365 optimus
1110 2285 1166 2346 hae
1190 2284 1380 2364 quantitates
1404 2283 1433 2345 in
1458 2283 1559 2345 mundi

198 2368 313 2431 lubrica
336 2370 516 2444 adbibuerit,
540 2378 572 2433 et
595 2373 665 2452 quid
688 2373 850 2435 verisimile
869 2374 911 2436 sit
929 2373 1041 2436 nostris
1057 2373 1337 2437 ratiocinationibus
1357 2369 1556 2434 aGonditore

198 2458 310 2519 factum
333 2476 421 2534 esse,
453 2467 487 2521 ut
518 2460 592 2522 illud
624 2471 733 2542 postea
759 2481 826 2524 cum
860 2462 889 2524 iu
922 2463 1054 2543 antiquis
1084 2472 1147 2525 turn
1176 2462 1204 2523 iu
1229 2461 1315 2525 novis
1339 2461 1556 2541 hypothesibus

195 2564 390 2626 quaeramus,
414 2547 500 2628 eique
524 2550 656 2628 palmam
679 2552 860 2620 tribuamus,
882 2570 976 2631 penes
1000 2570 1087 2632 quem
1110 2551 1183 2613 illud
1208 2550 1383 2629 reperietur.

284 2636 428 2698 bluudum
451 2638 543 2716 igitur
565 2647 663 2702 tntum
685 2642 781 2720 ligura
807 2641 907 2702 claudi
934 2640 1108 2721 sphaerica,
1140 2639 1258 2701 abunde
1288 2639 1367 2700 satis
1390 2636 1558 2717 disputavit
1620 2684 1634 2693 .
1664 2648 1680 2661 ·”

195 2723 380 2787 Aristoteles
404 2726 496 2799 (libro
520 2727 549 2788 ll
573 2728 610 2789 de
633 2729 753 2802 coslai,
787 2729 886 2791 ductis
910 2730 988 2791 inter
1012 2738 1113 2790 catera
1136 2747 1174 2789 ex
1197 2727 1356 2790 nobilitate
1380 2726 1557 2805 sphaericae

195 2813 361 2892 superficiei
389 2816 596 2894 argumentis:
629 2818 736 2898 quibus
768 2818 930 2880 etiamnum
957 2817 1064 2879 ultima
1088 2815 1248 2895 Cupernici
1276 2816 1402 2877 fixarum
1425 2813 1557 2892 sphaera

184 2899 331 2982 'maturis
350 2910 433 2964 motu
454 2922 560 2966 carens
584 2907 710 2973 eandem
728 2907 853 2986 liguram
877 2913 988 2980 tuetur,
1012 2905 1176 2984 recipitque
1191 2902 1293 2965 Solem
1314 2911 1458 2980 tanquam
1480 2919 1555 2963 oen·

194 2999 272 3052 nuni
295 2990 325 3051 in
349 2990 486 3054 intimum
508 2994 615 3055 sinum.
662 2992 761 3057 Orbes
785 3013 856 3054 vero
883 3003 1002 3056 ceteros
1030 2994 1174 3055 rotundos
1205 3010 1273 3053 esse
1297 2989 1453 3052 circularis
1476 2989 1555 3051 stel-

196 3078 290 3141 larum
321 3088 421 3141 motus
451 3082 561 3162 arguit.
609 3081 740 3146 Cumum
772 3084 865 3163 igitur
896 3084 935 3144 ad
969 3082 1069 3145 mundi
1102 3089 1240 3141 ornatum
1275 3078 1442 3142 adhibitum
1476 3096 1555 3151 esse,

196 3166 338 3230 ulterime
361 3168 538 3248 probatione
562 3190 620 3233 uon
645 3182 726 3252 eget.
773 3170 850 3237 Cum
874 3181 976 3235 autem
1006 3171 1066 3233 tria
1090 3169 1293 3251 quantitatum
1317 3186 1430 3248 genera
1450 3165 1557 3227 videa-

195 3274 260 3317 mus
283 3256 313 3318 iu
338 3258 458 3332 mundo,
481 3259 616 3338 figuram,
641 3280 795 3325 nnmerum
810 3269 842 3323 et
853 3261 1081 3341 amplitudinem
1096 3258 1267 3338 corporum:
1293 3274 1414 3318 curvum
1437 3254 1557 3335 quidem

194 3344 291 3407 adbuc
314 3346 345 3407 in
368 3347 436 3408 sola
457 3349 553 3428 ligura
576 3350 750 3430 reperimus.
796 3351 902 3430 Neque
926 3350 1005 3411 enim
1034 3345 1240 3428 amplitudinis
1268 3346 1331 3409 ulla
1360 3345 1437 3406 ratio
1461 3363 1500 3404 ex
1523 3362 1558 3407 eo

193 3441 282 3507 est‚·
295 3435 373 3514 quud
397 3434 574 3517 inscriptum
598 3439 686 3501 simili
711 3439 858 3519 (sphaera
881 3440 1048 3520 sphaerae,
1081 3437 1210 3499 circulus
1234 3435 1361 3508 circulo)
1392 3452 1430 3494 ex
1454 3432 1558 3494 eodem

192 3530 297 3584 centro
321 3532 374 3585 aut
396 3524 585 3607 undiquaque
609 3528 709 3607 tangit
732 3536 785 3589 ant
808 3529 933 3591 nullibi:
965 3536 997 3590 et
1019 3526 1209 3606 sphaericum
1231 3525 1348 3604 ipsum,
1373 3540 1440 3584 cnm
1462 3520 1558 3583 solum

193 3618 226 3672 et
247 3611 368 3674 unicum
391 3613 433 3675 sit
454 3613 484 3674 iu
505 3634 559 3675 suo
579 3616 760 3697 quantitatis
781 3635 908 3695 genere,
933 3636 991 3678 non
1015 3622 1119 3696 potest
1142 3614 1220 3676 alius
1244 3612 1355 3675 numeri
1379 3628 1469 3690 quam
1492 3617 1557 3671 ter-

193 3699 269 3761 narii
293 3701 461 3780 subjectum
485 3722 562 3765 esse.
601 3703 691 3776 Quod
714 3705 741 3767 si
764 3704 857 3784 igitur
879 3706 975 3766 solum
1000 3723 1121 3767 currum
1144 3702 1281 3765 Densis
1306 3699 1427 3763 conditu
1451 3717 1557 3778 respe-

192 3787 309 3863 xisset,
340 3798 462 3870 praeter
485 3790 587 3854 Solem
611 3794 640 3855 in
671 3802 794 3867 centro,
825 3793 875 3874 qui
903 3794 1017 3872 patris,
1052 3792 1213 3871 sphaeram
1240 3792 1367 3851 fixarum
1392 3790 1438 3850 rel
1463 3805 1559 3866 aquas

193 3877 356 3941 blosaicas
373 3880 402 3941 in
427 3880 553 3956 ambitu,
578 3900 653 3962 quae
677 3882 746 3957 lilii,
771 3900 875 3945 auram
899 3882 1062 3943 coelestem
1086 3880 1187 3940 omnia
1209 3879 1391 3960 replentem,
1415 3876 1479 3938 sire
1502 3893 1558 3935 ex-

193 3967 361 4030 tensionem
384 3976 416 4029 et
438 3969 657 4034 firmamentum
680 3971 768 4045 illud,
797 3970 875 4051 qnod
900 3968 1033 4049 Spiritus
1060 3969 1160 4046 imago
1189 3974 1292 4029 meet:
1324 3974 1445 4046 praeter
1468 3963 1555 4035 baec,

178 4054 327 4135 inquam,
356 4055 432 4119 nibil
459 4058 607 4122 existeret
628 4061 658 4122 in
681 4060 739 4121 boc
762 4058 897 4121 aedilicio
922 4057 1081 4120 mundano.
1127 4057 1215 4117 Nune
1238 4073 1309 4117 vero
1333 4072 1401 4116 curn
1425 4060 1458 4115 et
1479 4053 1558 4115 lixae

190 4142 254 4204 sint
284 4145 536 4222 innumerabiles,
566 4157 598 4209 et
629 4148 781 4211 mobilium
809 4166 867 4209 non
891 4146 1111 4209 incertissimus
1134 4146 1313 4223 catalogus,
1346 4154 1377 4203 et
1405 4143 1557 4203 coelorum

192 4234 414 4310 magnitudines
438 4234 614 4317 inaequales
637 4237 774 4311 invicem,
798 4254 924 4299 necesse
945 4241 995 4296 est
1013 4254 1122 4297 caueae
1147 4251 1249 4295 eorum
1272 4232 1402 4295 omniurn
1426 4250 1465 4294 ex
1489 4249 1558 4292 rec·

193 4320 321 4383 titudine
343 4332 492 4403 petalum.
540 4325 606 4387 Nisi
632 4326 709 4387 lorte
732 4325 830 4387 Deum
858 4324 1030 4403 putabimus
1059 4323 1218 4403 quicquam
1247 4322 1275 4383 in
1304 4321 1413 4381 mnodo
1441 4328 1555 4381 temere

191 4409 316 4486 iecisse,
341 4412 567 4474 damnationes
592 4414 724 4493 optimae
748 4421 959 4493 suppeterent,
984 4412 1015 4474 id
1039 4412 1118 4491 qnod
1142 4429 1228 4471 nemo
1252 4409 1324 4472 mibi
1347 4407 1553 4488 persuadebit,

192 4506 225 4559 at
245 4500 295 4561 vel
320 4500 358 4561 de
381 4501 449 4562 linis
473 4502 615 4576 sentium,
639 4520 765 4582 quarum
788 4509 890 4564 mmeu
907 4502 983 4563 sitos
998 4500 1129 4562 maxime
1145 4497 1276 4560 onmium
1292 4497 1445 4570 confusus,
1470 4496 1556 4576 quasi

192 4586 333 4650 fortuitus
357 4590 503 4651 sementis
522 4591 625 4670 jactus
649 4591 737 4651 nobis
761 4590 889 4652 videtur.

278 4676 447 4739 Veniamus
470 4678 562 4758 igitur
585 4679 623 4741 ad
648 4686 782 4740 rectas⁴
797 4678 1042 4756 quantitates.
1089 4670 1178 4736 Sicut
1201 4681 1313 4743 antem,
1327 4680 1419 4733 antea
1441 4671 1557 4750 sphae-

190 4761 252 4826 rica
275 4766 449 4846 superficies
473 4766 540 4828 ideo
564 4775 789 4836 assumerent,
816 4766 885 4844 quia
907 4762 1128 4835 perfectissima
1153 4763 1209 4824 luit
1231 4761 1402 4841 quantitas,
1428 4757 1472 4819 ita
1490 4759 1556 4836 jam

190 4871 248 4915 ⁸¹¹⁰
271 4855 353 4924 mlle
377 4856 417 4923 ad
441 4874 568 4945 corpora
591 4848 798 4928 transeamus,
827 4862 960 4945 atquae
984 4871 1021 4913 ex
1045 4852 1137 4914 rectis
1160 4850 1314 4940 perlectae
1338 4854 1409 4927 sant
1433 4847 1556 4928 quanti·
