3838 5824
410 355 474 424 ιιι
920 359 1032 424 usuro
1052 360 1252 427 omnem

409 517 704 580 omoeoeusion
728 517 768 579 ιι
792 484 918 583 sturni
948 519 1193 600 empuritanam,
1228 529 1261 582 ιι
1288 520 1328 582 ιι
1355 519 1412 582 ιιι
1435 521 1474 581 ιι
1498 520 1623 583 merua
1645 516 1776 581 orest

408 606 552 669 mabilem
575 604 767 669 altitudinem
792 607 895 670 ocules
918 608 1056 683 intende,
1082 617 1114 670 et
1137 609 1264 688 denique
1287 609 1447 683 conclude,
1479 615 1577 671 utrum
1601 608 1684 669 iactu
1705 623 1775 669 ere·
1869 610 1873 615 ’

409 694 532 775 dituqne
557 694 688 771 facilius,
711 696 888 776 punctulum
912 697 986 758 illud
1011 697 1092 759 intra
1109 696 1139 758 Α
1157 697 1320 772 circellum,
1345 706 1378 760 et
1400 696 1444 759 sic
1459 697 1609 759 Tellurem
1633 695 1662 757 in
1686 712 1776 757 unam

408 783 533 866 plagam
556 783 662 859 rotari,
687 803 724 845 au
750 802 821 845 uero
845 791 942 847 totum
965 785 1106 853 mundum
1130 785 1234 849 decem
1250 785 1401 849 distinctis
1415 785 1547 847 motibus
1571 783 1659 866 (quia
1672 783 1776 845 decern

409 872 449 935 ab
473 871 600 935 invicem
624 871 717 935 soluti
741 873 845 947 orbes)
869 874 994 936 infanda
1015 873 1180 954 rapiditate
1203 874 1246 936 ire
1271 875 1300 937 in
1325 875 1447 956 plagam
1465 875 1602 948 alteram,
1628 891 1684 935 neo
1699 890 1776 953 quo·

305 974 323 1001 ·
409 979 500 1042 quum
522 960 580 1023 uisi
604 963 645 1023 ad
667 962 742 1024 illud
764 963 954 1041 punctulum,
979 963 1109 1025 Telluris
1132 963 1369 1044 imagunculam,
1400 982 1526 1042 eamque
1549 963 1646 1025 solam
1669 960 1777 1025 immo·

409 1049 516 1124 bilem,
540 1047 709 1131 respicere,
734 1050 806 1131 quia
827 1058 916 1113 extra
937 1051 1012 1114 nibil
1035 1059 1092 1114 est.

886 1226 931 1290 IN
955 1225 1097 1291 CAPUT
1120 1227 1298 1291 PRIMUM.

938 1346 1053 1400 NOTAE
1073 1346 1251 1401 aporema.

489 1452 519 1521 a)
543 1454 669 1510 Occurrit
691 1455 755 1509 huic
768 1458 899 1527 scrupulo
914 1443 1084 1528 Cupernieua
1098 1458 1159 1530 ipae
1181 1458 1207 1512 ιιι
1231 1456 1407 1527 praefatione
1430 1457 1465 1510 ad
1479 1432 1598 1510 Paulum
1611 1454 1658 1509 III.
1671 1453 1776 1509 Pontii.

408 1534 537 1599 Maxim,
562 1537 610 1589 aed
634 1535 718 1605 paulo
741 1535 933 1607 rigidiuscule:
949 1537 1029 1608 eujm
1053 1538 1186 1593 orationis
1209 1553 1315 1608 poenas
1336 1536 1389 1591 luit
1408 1535 1539 1606 denique,
1563 1534 1626 1604 plus
1642 1550 1723 1605 quam
1738 1535 1776 1591 70

408 1615 488 1671 annis
503 1616 539 1669 ab
554 1614 675 1670 editione
690 1615 752 1670 libri
767 1633 839 1687 aque
852 1624 941 1672 morte
955 1635 1008 1672 sua
1027 1619 1146 1688 elapsis:
1175 1633 1342 1686 ,suspensus
1356 1616 1428 1670 enim
1443 1614 1515 1678 est,“
1544 1614 1776 1685 inquitcenaura,

411 1697 515 1759 ,donec
527 1696 711 1766 corrigatur,“
734 1695 831 1766 opinor
844 1704 938 1752 autem
951 1699 1037 1753 etiam
1051 1700 1103 1753 hoo
1117 1697 1300 1768 subintelligi,
1320 1698 1428 1750 donec
1449 1695 1666 1764 explicetur.
1702 1695 1794 1772 Quo-v

409 1777 488 1830 modo
501 1776 574 1830 enim
587 1793 642 1831 uon
656 1775 694 1830 sit
707 1775 862 1845 scripturae
879 1778 1043 1842 contrarius,
1066 1777 1168 1849 quippe
1178 1778 1205 1831 in
1220 1776 1363 1847 proposito
1377 1775 1539 1846 longissime
1553 1773 1670 1839 dirersc,
1693 1790 1775 1829 ooaa·

409 1862 454 1910 tua
469 1871 530 1910 sum
544 1858 692 1910 ostendere
706 1856 861 1911 rationibus
883 1863 913 1911 et
931 1858 1068 1929 exemplis
1091 1859 1120 1912 iu
1134 1856 1336 1913 introductione
1349 1856 1379 1910 in
1393 1854 1597 1911 Commentario
1608 1856 1643 1909 de
1656 1852 1776 1909 motilena

410 1935 520 1991 Martia
560 1934 652 2004 Ipsius
674 1935 760 1992 etism
774 1936 918 2006 Cupernici
940 1940 1028 1993 rerba
1058 1937 1198 2007 explicari
1219 1935 1364 1991 dilucidius
1386 1936 1414 1989 in
1436 1936 1490 1990 due
1514 1935 1577 1990 libri
1592 1935 1612 1990 1.
1634 1934 1777 2005 suune·

408 2014 617 2071 Astreuorniao:
641 2014 740 2085 quibua
753 2016 828 2070 iocis
842 2033 924 2087 spero
938 2017 1078 2089 religiosis
1102 2016 1279 2073 satisfactum
1299 2015 1346 2071 iri:
1376 2017 1518 2073 dummodo
1541 2022 1573 2071 et
1592 2014 1734 2087 ingenium
1746 2020 1778 2068 et

410 2093 595 2165 cognitionem
610 2095 795 2153 astronomiae
819 2097 905 2153 talem
918 2098 1020 2152 adhoc
1037 2096 1170 2166 judicium
1185 2098 1313 2159 aderant,
1338 2101 1372 2150 ut
1384 2096 1478 2167 glarie
1499 2095 1652 2150 diuinorum
1665 2109 1779 2165 operum

411 2173 560 2227 visibilium
573 2174 695 2243 ipsorum
718 2175 871 2244 patrocinio
893 2184 955 2231 tuto
969 2176 1042 2232 credi
1064 2176 1161 2247 possit
1206 2177 1260 2248 Est
1274 2192 1342 2230 saue
1356 2176 1452 2247 aliqua
1473 2176 1573 2248 lingua
1585 2174 1648 2239 Dei,
1672 2176 1721 2228 sed
1735 2181 1780 2228 est

411 2252 497 2307 etiarn
512 2253 612 2325 aliquis
628 2253 732 2325 digitus
746 2253 808 2308 Dei.
849 2256 890 2309 Et
903 2256 963 2327 quis
978 2263 1065 2328 neget
1078 2256 1203 2328 linguam
1217 2255 1270 2311 Dei
1285 2273 1347 2309 esee
1363 2261 1579 2325 attemperatum
1592 2262 1622 2307 et
1635 2253 1778 2325 proposito

411 2349 462 2386 suo
477 2340 507 2386 et
521 2334 556 2386 ob
571 2332 598 2387 id
612 2333 728 2405 linguae
742 2335 871 2404 populari
896 2336 1055 2391 huminum?
1095 2336 1127 2391 In
1145 2337 1229 2390 rebus
1244 2334 1330 2407 igitur
1350 2334 1561 2390 evidentissimis
1580 2341 1710 2405 torquere
1724 2333 1777 2388 Dei

412 2412 546 2482 linguam,
573 2421 605 2467 ut
618 2412 670 2467 illa
683 2413 800 2485 digitum
815 2414 869 2468 Dei
883 2414 910 2469 in
925 2422 1028 2471 natura
1040 2416 1155 2479 retirtet,
1180 2415 1207 2469 id
1220 2415 1445 2486 religiosissimus
1461 2415 1575 2486 quiaque
1597 2412 1716 2468 maxime
1731 2430 1778 2467 oa·

412 2491 499 2545 vobit.
534 2493 638 2564 Legat,
655 2492 699 2547 cui
714 2509 798 2547 curae
813 2500 879 2549 sunt
892 2496 990 2550 laudes
1005 2494 1146 2551 creatoris
1160 2502 1191 2550 et
1203 2495 1314 2550 Domini
1328 2496 1424 2559 nostri,
1440 2496 1529 2567 legat.
1543 2494 1663 2565 inquam,
1679 2493 1779 2549 librum

409 2587 502 2627 meum
515 2572 639 2642 qusintum
653 2573 895 2629 Harmonicorum:
918 2583 950 2630 at
969 2583 1104 2647 percepta
1123 2581 1245 2631 motuum
1262 2574 1363 2646 politia
1383 2574 1597 2645 exquisitissime
1620 2573 1780 2629 humanius

411 2651 551 2709 deliberet
563 2669 664 2717 secum,
685 2653 767 2708 satin'
777 2652 885 2723 justae,
910 2657 994 2711 satin’
1008 2662 1199 2728 praegnantes
1213 2670 1316 2711 causae
1330 2655 1433 2712 fuerint
1446 2654 1593 2726 quaesitae
1606 2653 1778 2709 comedistis·

411 2731 454 2787 nis
477 2730 550 2797 inter
572 2731 696 2804 linguam
719 2739 749 2787 et
762 2733 879 2805 digitum
893 2736 960 2799 Deir
985 2753 1057 2793 anne
1077 2735 1218 2806 expediat,
1242 2751 1279 2793 es
1299 2734 1494 2791 conciliatioae
1514 2734 1663 2803 npndiata
1676 2733 1779 2788 ιιιιιιιιι

410 2811 483 2866 hanc
507 2827 621 2881 operum
639 2811 791 2868 divinorum
814 2814 1027 2883 pulchritudinis
1051 2817 1200 2873 immensae
1224 2815 1346 2871 censuris
1365 2813 1539 2884 opprimerer
1560 2829 1632 2885 quse
1656 2814 1778 2868 lamaut

414 2892 449 2945 ad
462 2890 538 2945 rudia
552 2892 657 2962 populi,
672 2893 738 2963 quin
756 2892 809 2948 imo
823 2900 856 2948 ut
869 2896 905 2950 ad
918 2897 997 2969 vurlgi
1011 2897 1185 2955 literatorum
1204 2894 1331 2952 notitiam
1344 2894 1493 2949 vellerum
1515 2893 1669 2964 perveniat,
1690 2893 1775 2949 nullis

413 2986 536 3041 unquam
549 2970 672 3042 imperiis
686 2972 759 3028 effici
772 2973 870 3044 possit.
911 2976 1015 3031 Renuit
1035 2976 1146 3031 inscitia
1168 2974 1306 3046 respicere
1320 2974 1348 3028 in
1368 2972 1573 3036 auctoritatem,
1596 2974 1631 3027 ad
1654 2988 1778 3044 pugnam

412 3052 491 3106 ultra
502 3053 641 3121 provolat,
663 3052 738 3108 freta
750 3053 924 3109 multitudine
947 3063 978 3110 et
999 3064 1077 3111 scuto
1099 3054 1302 3111 consuetudinis
1324 3052 1389 3108 telis
1410 3052 1538 3107 veritatis
1561 3051 1777 3123 impenetrabili.

492 3130 576 3186 Acies
589 3148 655 3187 reru
669 3133 827 3188 dolabrae
818 3151 846 3187 ιιι
861 3134 963 3189 ferrum
976 3135 1052 3190 illisa
1073 3142 1174 3205 postea
1188 3152 1239 3189 nec
1252 3134 1280 3187 in
1295 3133 1401 3204 liguum
1414 3132 1494 3188 valet
1508 3130 1635 3203 amplius.
1677 3131 1780 3202 Capiat

413 3209 468 3263 hoc
490 3209 569 3278 cuijus
593 3210 719 3266 interest.
738 3204 774 3277 ⁰)
1261 3236 1265 3249 ·

492 3283 526 3356 b)
548 3290 673 3344 Eandem
693 3291 883 3346 instantiam
875 3309 903 3345 ιιι
927 3291 1091 3360 particulari
1113 3292 1199 3346 etiarn
1217 3290 1367 3361 hypothesi
1391 3290 1608 3346 eoceutricitatis
1621 3288 1759 3345 discussi
1751 3308 1779 3344 su

413 3367 622 3422 Commentariis
636 3369 736 3423 Martis
749 3385 811 3439 cap.
827 3371 875 3424 21.
897 3370 1068 3441 ostendique,
1092 3386 1149 3441 qua
1161 3373 1196 3424 de
1210 3386 1297 3425 causa
1312 3377 1344 3425 et
1356 3376 1494 3441 quaterem
1518 3371 1592 3427 falsa
1613 3369 1778 3442 hypothesis

414 3446 550 3502 interdum
570 3464 666 3502 rerum
687 3449 797 3518 prodat.

494 3520 524 3593 l
544 3526 670 3581 Nondum
693 3527 823 3591 sciebam,
848 3529 919 3599 qnod
939 3535 1041 3597 postea
1063 3528 1092 3583 in
1105 3528 1255 3586 Commeat.
1270 3466 1370 3587 hierus
1384 3527 1586 3586 demonstrari
1611 3529 1778 3585 anomaliam

412 3605 487 3665 orbis
510 3606 604 3676 magni
628 3623 679 3663 seu
702 3607 938 3671 commutationis,
963 3624 1036 3679 quae
1056 3608 1312 3680 retrogradationes
1331 3617 1482 3675 causatur,
1506 3608 1617 3667 restitui
1638 3609 1778 3680 adipsum

412 3701 507 3740 rerum
521 3684 594 3741 Solis
609 3692 712 3741 motum
726 3693 756 3741 et
770 3686 866 3742 locum.
903 3689 932 3742 ld
947 3705 1014 3743 rero
1027 3688 1056 3745 in
1069 3688 1159 3760 veteri
1172 3690 1359 3747 astronomiae
1377 3691 1467 3746 iorma
1481 3689 1567 3745 multo
1582 3689 1673 3743 adbuc
1685 3688 1776 3761 magia

415 3765 508 3822 mirari
532 3772 678 3838 eoguntur,
704 3767 749 3839 qui
772 3783 833 3822 earn
856 3766 986 3823 retinent.
1028 3773 1161 3840 Adeoque
1184 3787 1222 3823 ex
1240 3769 1292 3824 hoc
1313 3770 1374 3841 ipso
1390 3769 1609 3825 demonstrativa
1624 3775 1777 3823 nascuntur

414 3852 588 3918 argumenta,
611 3846 869 3920 retrogradationes
884 3865 939 3902 non
954 3849 1017 3903 oriri
1033 3851 1070 3905 ab
1085 3848 1177 3919 aliquo
1192 3858 1266 3904 motu
1281 3850 1351 3904 reali
1366 3851 1410 3903 rel
1425 3851 1609 3919 planetarum,
1629 3850 1676 3903 vel
1689 3848 1776 3903 totius

415 3924 576 3997 systematis
600 3928 746 3991 coelestis,
777 3929 825 3981 sed
848 3946 885 3983 ex
907 3936 982 3983 motu
1005 3930 1124 3985 Telluris
1146 3928 1245 3983 unicae
1270 3946 1320 3999 per
1343 3929 1571 4002 imaginationem
1593 3928 1622 3983 in
1644 3928 1776 3999 planetas

413 4021 506 4061 omnes
520 4005 676 4061 transferri.
718 4008 804 4062 Porro
819 4008 961 4063 sententia
975 4026 1107 4081 sequena:
1135 4008 1258 4071 „Quibus
1273 4009 1392 4064 omuib.“
1409 4016 1462 4064 etc.
1487 4009 1640 4063 oscitanter
1653 4015 1698 4062 est
1712 4025 1774 4062 cou-

412 4090 510 4155 cepta;
546 4086 599 4140 hoc
619 4087 691 4141 enirn
714 4087 804 4142 dicere
827 4089 970 4143 volebam:
1001 4105 1061 4143 cum
1084 4089 1112 4143 in
1136 4089 1287 4160 Coperuico
1316 4096 1457 4159 appareat
1478 4091 1544 4143 urdo
1565 4087 1775 4158 pulcherrimus,

414 4164 505 4237 qualis
528 4171 574 4220 est
594 4166 668 4221 inter
691 4182 803 4222 causam
826 4175 857 4223 et
879 4185 944 4223 suos
968 4170 1092 4234 effectura,
1116 4185 1231 4225 necem
1248 4186 1320 4233 esse,
1344 4176 1377 4224 ιιι
1394 4168 1467 4225 hseo
1480 4168 1544 4239 ipsa
1556 4168 1594 4223 sit
1605 4184 1676 4223 vera
1688 4183 1777 4222 eausa

411 4245 694 4316 retrogradatiouaun,
710 4264 792 4319 quam
802 4248 970 4319 chsrnim
984 4248 1059 4313 dicit,
1073 4254 1108 4304 ιιι
1120 4264 1158 4303 so.
1172 4248 1339 4319 hypothesis
1352 4249 1411 4306 iata
1422 4266 1478 4305 non
1490 4247 1530 4303 ait
1541 4247 1642 4305 ιιοιιιιι
1655 4253 1774 4304 mern.

493 4323 525 4389 d)
549 4324 631 4390 Quia,
653 4326 912 4399 etiamsequitur,
936 4334 1043 4384 neunt
1063 4346 1100 4383 ox
1124 4327 1239 4399 speciali
1261 4345 1357 4389 earum
1378 4326 1604 4392 matematicos.
1628 4328 1776 4385 ssdutsx

412 4403 550 4475 genuali,
575 4420 648 4475 qnae
672 4411 717 4461 est
730 4407 882 4478 Copernioo
905 4425 966 4465 oum
980 4409 1090 4465 Bnalreo
1111 4409 1269 4475 communis,
1292 4411 1463 4481 quorundam
1479 4424 1567 4467 asan
1579 4406 1719 4471 redderer
1745 4413 1777 4463 st

412 4484 607 4541 nonnullorum
628 4492 723 4543 tamen
746 4502 832 4541 causa
852 4504 891 4542 sx
913 4487 956 4553 iis,
980 4495 1014 4543 nt
1034 4505 1073 4543 cx
1093 4487 1210 4560 speciali
1233 4489 1377 4561 Coperuici
1398 4490 1537 4552 redditurr
1562 4486 1636 4552 item,
1661 4486 1774 4559 quiesi

410 4562 674 4632 particularissimaa
689 4565 885 4637 hypothesium
895 4566 1039 4638 Copernici
1053 4567 1222 4624 conditiones
1232 4569 1468 4641 dimensionesque
1484 4566 1674 4651 respiciamus,
1688 4582 1775 4623 causa

414 4642 592 4697 minutiarum
604 4645 821 4701 nonnullarum'
813 4664 841 4701 ιιι
856 4647 1095 4704 observationibus
1115 4649 1193 4705 reddi
1212 4667 1266 4704 non
1289 4648 1394 4721 potuit,
1418 4665 1507 4722 esque
1522 4651 1555 4702 de
1570 4643 1657 4703 carisa
1671 4646 1774 4719 coper-

412 4720 530 4776 nicauae
552 4722 726 4795 hypotheses
750 4725 823 4780 circa
845 4726 1030 4797 particularia
1052 4734 1109 4783 tem
1133 4730 1222 4800 quoad
1242 4729 1365 4794 formam,
1391 4745 1473 4801 quam
1487 4728 1577 4799 quoad
1592 4726 1774 4783 dimensiones

412 4816 431 4854 a
453 4818 496 4855 me
519 4802 620 4874 corrigi
645 4806 680 4859 ad
700 4805 901 4876 praescriptum
924 4807 1146 4864 observationum
1170 4810 1334 4863 debuemut.
1374 4808 1438 4864 Etsi
1459 4823 1530 4879 quae
1554 4806 1582 4860 in
1604 4806 1694 4863 forma
1716 4805 1774 4861 dixi

411 4884 585 4940 maduda
605 4882 700 4952 luisse,
725 4885 778 4941 llla
799 4885 871 4943 talia
884 4892 957 4956 suut,
980 4893 1013 4943 ut
1025 4889 1061 4943 ad
1075 4887 1272 4963 perfectionem
1296 4888 1389 4963 potius
1410 4884 1606 4963 hypothesium
1619 4885 1772 4963 Oopernioi,
