3872 5836
377 358 454 435 336
800 374 900 425 mam
917 374 1021 461 uepres
1039 374 1190 440 namquo
1208 382 1310 426 muna
1355 387 1358 393 ¹
1408 424 1414 439 ,

376 533 461 593 Haec
485 530 585 592 omnia
603 538 769 609 sequuntur
792 551 829 592 ex
853 528 909 593 hoc
932 533 1098 613 principio,
1132 533 1210 613 quod
1239 542 1272 595 tu
1296 534 1425 596 nondum
1448 534 1610 596 refutasti:
1644 555 1662 595 a
1686 534 1734 594 die

377 619 539 700 significari
565 638 689 695 anunm,
724 641 743 680 a
765 619 897 682 motibus
926 621 1043 684 scilicet
1066 622 1198 684 natalitii
1223 623 1298 685 coeli
1327 641 1380 702 per
1404 622 1484 686 diem
1511 642 1600 685 unum
1622 641 1735 703 perque

377 710 444 770 ioca
467 708 611 769 thematis
635 708 839 771 characteritii
865 717 896 770 et
918 710 1061 772 natalitii.

465 798 535 858 Jam
559 798 598 858 ad
621 806 674 858 tua
697 806 886 877 argumenta.
932 801 1029 877 Nego,
1053 800 1202 878 respicere
1216 799 1357 877 planetas
1381 799 1511 862 orbitam
1526 798 1617 861 Solis.
1655 798 1735 860 Nam

377 906 429 965 per
453 884 594 946 accidens
618 887 660 957 fit,
685 895 718 947 ut
742 886 879 947 dividant
900 905 954 966 per
978 888 1119 949 circuitus
1145 906 1214 947 suos
1239 887 1375 950 bifariam
1390 897 1509 967 partem
1524 889 1591 960 hue,
1616 896 1734 967 partem

377 975 447 1038 illuc
471 995 489 1035 a
514 972 595 1036 Solis
620 974 738 1036 semita.
785 976 851 1036 Hoc
875 975 971 1037 solum
987 977 1140 1050 affectant,
1166 986 1200 1037 ut
1218 974 1298 1037 eirca
1321 987 1455 1039 centrum
1477 978 1577 1038 mundi
1593 983 1736 1037 maneant

377 1064 406 1125 in
432 1065 537 1125 eudem
561 1063 652 1142 plano
677 1065 729 1136 (ne
752 1073 783 1125 te
808 1061 993 1143 Copernicus
1017 1067 1181 1137 oti'endat);
1205 1064 1284 1126 idem
1307 1065 1360 1126 Sol
1385 1067 1467 1140 facit,
1493 1067 1571 1126 alter
1594 1065 1658 1126 sine
1683 1083 1734 1124 re-

376 1162 482 1233 spectu
506 1152 640 1213 ulterius.
686 1153 752 1214 Hoc
778 1172 849 1214 vero
874 1153 1020 1215 facientes
1046 1163 1186 1234 uterque,
1212 1173 1337 1215 necesse
1361 1165 1410 1216 est
1433 1155 1548 1216 orbitas
1572 1161 1626 1214 aut
1648 1147 1756 1214 coin-¹

377 1242 494 1315 cidere,
529 1251 582 1302 aut
604 1241 701 1302 secari
734 1241 849 1303 duobus
873 1242 991 1322 punctis
1015 1242 1163 1322 oppositis
1193 1249 1224 1302 ct
1247 1242 1396 1306 bifariam.
1443 1242 1640 1305 Astrouomia
1663 1260 1735 1302 vero
1824 1297 1828 1302 .

375 1330 573 1399 disertissime
605 1330 756 1406 affirmat,
790 1331 870 1392 nnllo
904 1339 993 1410 pacto
1018 1330 1187 1409 dispensari
1221 1342 1319 1393 motus
1352 1333 1540 1412 planetarum
1574 1331 1612 1392 ab
1637 1330 1735 1392 orbita

376 1418 467 1493 Solis,
494 1438 558 1479 cum
583 1419 665 1498 leges
691 1419 816 1481 realium
842 1427 973 1481 motuum
998 1420 1079 1481 nullo
1103 1427 1192 1498 pacto
1212 1420 1366 1499 pendeant
1389 1441 1409 1481 a
1431 1419 1513 1482 Solis
1537 1420 1734 1482 revolutione.

375 1510 453 1570 ham
479 1526 554 1586 quae
580 1508 616 1568 de
640 1507 774 1590 epinyclo
798 1508 881 1569 dicta
904 1517 975 1570 suut
997 1529 1016 1568 a
1040 1508 1204 1583 veteribus
1239 1509 1385 1569 tolluntur
1404 1530 1427 1572 ,a
1450 1509 1589 1591 Tychoue
1615 1517 1646 1569 et
1670 1506 1734 1570 Co-

377 1596 497 1678 pernico
521 1595 688 1657 rationibus
714 1596 855 1676 opticis„
880 1596 1018 1658 Secundo
1042 1596 1158 1676 allegas
1183 1596 1410 1681 experientiam.
1457 1599 1555 1679 Nego,
1580 1606 1611 1659 te
1630 1596 1732 1658 siuce-

377 1705 442 1747 ram
474 1702 565 1764 posse
597 1702 724 1763 capere,
757 1685 872 1747 lubrica
895 1695 960 1757 est,
994 1686 1073 1767 quod
1106 1684 1180 1759 tibi,
1208 1703 1262 1764 per
1284 1694 1389 1767 partes
1411 1686 1590 1766 proponenti
1613 1685 1734 1765 esperi-

378 1781 498 1847 menta,
531 1774 698 1852 probarem.
747 1774 849 1836 Tertio
882 1775 1018 1855 confugis
1051 1775 1090 1836 ad
1122 1774 1343 1854 profectiones,
1376 1805 1417 1816 -
1450 1775 1608 1837 ficulneum
1641 1792 1732 1854 argu-

376 1873 519 1926 mentum.
565 1861 659 1924 Nihili
684 1870 731 1923 est
753 1863 915 1942 profectio,
950 1871 982 1925 et
1005 1863 1031 1924 si
1064 1863 1134 1942 quid
1159 1871 1258 1935 esset,
1287 1862 1353 1941 jam
1377 1863 1459 1939 dixi,
1493 1872 1523 1925 te
1547 1864 1614 1925 falli
1637 1881 1733 1943 expe-

377 1953 490 2015 riundo.
537 1950 673 2030 Denique
698 1952 818 2024 nescio,
843 1952 912 2033 quid
938 1960 967 2013 te
992 1952 1061 2032 polo
1085 1950 1232 2012 attulerit.
1280 1951 1410 2014 Primum
1435 1971 1492 2013 nun
1518 1960 1589 2013 sunt
1611 1952 1692 2012 vires
1716 1971 1735 2011 a

261 2100 267 2111 ,
376 2043 464 2120 polis.
513 2040 629 2100 Deinde
654 2038 794 2118 ecliptica
817 2059 874 2101 non
899 2047 954 2102 est'
970 2040 1070 2103 media
1085 2040 1162 2101 iuter
1178 2039 1264 2117 polos
1279 2041 1478 2118 planetarum,
1504 2059 1599 2121 aeque
1615 2040 1734 2101 distans
1808 2066 1813 2071 ·

377 2129 415 2191 ab
439 2129 516 2202 illis,
542 2128 595 2188 sed
620 2127 724 2207 cuique
747 2128 889 2207 planetae
913 2149 985 2190 suus
1008 2129 1104 2208 polus.
1151 2127 1254 2190 Tertio
1278 2148 1333 2190 nee
1348 2129 1490 2208 ecliptica
1517 2148 1612 2210 aeque
1637 2129 1735 2190 distat

377 2236 496 2296 semper
519 2216 557 2278 ab
580 2215 686 2287 iisdem
723 2218 845 2296 punctis
869 2217 1012 2292 lixarum3
1041 2217 1113 2277 olim
1137 2216 1214 2278 euim
1238 2217 1367 2299 majores
1394 2218 1475 2283 fuere
1501 2217 1688 2280 latitudines.

448 2305 630 2355 Fabricius:
661 2302 724 2354 Mire
743 2304 859 2368 placent,
883 2319 948 2371 quae
966 2307 1119 2371 geometrica
1137 2311 1163 2354 et
1180 2307 1275 2355 musica
1293 2305 1367 2356 affers
1386 2307 1417 2357 da
1436 2306 1593 2371 aspectibus,
1621 2321 1669 2356 nec
1688 2312 1734 2363 est,

377 2377 442 2442 qu'od
459 2376 508 2425 illia
526 2375 695 2426 contradicam
714 2373 759 2425 ize.

465 2447 666 2527 Keplerus:
704 2446 916 2509 Harmonicam
940 2447 1108 2509 doctrinam
1132 2447 1259 2526 recipis,
1290 2449 1351 2509 vim
1374 2446 1443 2509 inde
1466 2448 1641 2528 aspectibus
1665 2466 1761 2510 esse.

377 2538 498 2618 probas.
547 2534 693 2608 Gaudeo,
727 2543 759 2596 te
782 2535 920 2599 hausisse
944 2537 1000 2597 hoc
1023 2536 1235 2616 pharmacum:
1277 2536 1366 2598 crede
1390 2537 1480 2612 mihi,
1515 2537 1733 2615 inposterum,

378 2627 435 2687 nisi
457 2644 510 2705 per
533 2625 678 2685 vomitum
700 2626 888 2698 reddideris,
923 2625 972 2687 ubi
998 2625 1180 2687 ventriculus
1204 2624 1235 2686 id
1259 2626 1449 2701 concoxerit,
1484 2622 1656 2705 aperientur
1679 2624 1735 2686 tibi

378 2717 406 2776 iu
431 2714 648 2793 meteorologia
672 2714 780 2781 mentis
805 2714 902 2789 oculi,
936 2714 1024 2793 inque
1060 2713 1294 2787 „Fundameutis
1317 2714 1546 2793 astrologiam.
1594 2712 1627 2776 Si
1651 2715 1735 2794 prius

378 2805 512 2876 fecisses,
538 2812 620 2881 puto,
646 2803 742 2863 multa
767 2804 875 2864 fuisses
899 2803 947 2864 hio
971 2802 1248 2882 praetermissurus.

448 2892 628 2941 Fabricius:
661 2891 697 2939 Ex
707 2892 798 2941 ‚dimna
816 2891 970 2941 ordinatione
989 2898 1059 2941 certa
1076 2889 1198 2953 quaedem
1216 2891 1273 2941 loca
1288 2890 1405 2955 spherica
1416 2896 1475 2940 runt
1492 2891 1519 2939 in
1535 2889 1647 2939 themna
1660 2890 1734 2947 bona,

377 2972 404 3014 et
421 2963 545 3029 quaedam
563 2962 637 3011 mala.
676 2962 865 3027 Sed'quomodo
884 2962 990 3012 discerni
1008 2963 1129 3017 debeant.
1149 2977 1198 3011 non
1217 2963 1295 3011 rideo.
1332 2960 1468 3011 Multarum
1487 2963 1616 3025 paulum
1633 2974 1734 3024 eompa-

377 3036 472 3086 ratione
491 3033 551 3083 iliud
569 3033 739 3098 inquirendum
758 3041 784 3083 et
803 3034 985 3084 decernendum
1003 3041 1072 3097 puto,
1100 3040 1128 3084 ut
1147 3048 1176 3082 ex
1195 3032 1326 3098 apheticae
1345 3033 1441 3082 rimatis
1459 3031 1568 3082 naturai
1585 3033 1690 3081 termino
1708 3033 1735 3081 in

377 3107 458 3172 figura
491 3119 607 3155 numerus
640 3112 666 3153 et
695 3106 855 3154 interstitium
882 3121 965 3154 rerum
993 3105 1118 3154 domorum
1151 3105 1288 3168 inquiratur
1319 3100 1467 3168 (Keplerus:
1504 3102 1553 3153 Hic
1584 3110 1613 3152 tu
1646 3103 1734 3166 incipis

377 3181 432 3228 sine
451 3179 560 3232 ratione.
589 3176 691 3225 eredens
708 3177 831 3226 conclusis
849 3182 959 3225 veterum
983 3177 1036 3226 dus
1058 3177 1155 3225 radone
1180 3176 1300 3232 collectis,
1329 3190 1379 3223 non
1398 3175 1512 3225 divinitus
1530 3170 1681 3238 inspiratis),
1708 3174 1735 3223 ln

378 3265 426 3313 qno
444 3248 516 3299 valde
534 3247 628 3305 laboro,
648 3253 674 3295 et
690 3254 720 3296 ut
736 3254 765 3296 ιιι
782 3262 877 3311 quoque
896 3246 992 3296 labores
1011 3261 1077 3311 rogo.
1115 3246 1271 3297 Potissimum
1289 3248 1338 3295 vim
1357 3247 1421 3295 inter
1438 3247 1524 3296 domus
1547 3247 1627 3295 tribuo
1641 3245 1732 3310 angulo

377 3320 451 3369 medii
470 3318 546 3376 cosi,
571 3318 631 3380 quia
647 3317 689 3366 ille
706 3317 775 3366 locus
793 3332 903 3367 summus
921 3324 960 3367 est
977 3319 1003 3367 in
1020 3317 1147 3368 horizonte
1167 3317 1261 3382 aliquo,
1285 3315 1430 3368 nobilitatus
1448 3330 1466 3368 a
1483 3316 1546 3367 Solis
1565 3318 1671 3381 mamma
1691 3330 1732 3366 ea·

376 3391 435 3452 lore,
455 3397 481 3440 et
499 3389 645 3450 conspicuus
664 3394 702 3437 est
720 3388 834 3437 maxime.

465 3461 665 3539 Keplerus:
705 3459 852 3538 Proponis
876 3458 948 3533 tibi,
973 3457 1138 3520 interstitia
1161 3458 1299 3522 domnum
1323 3467 1355 3521 et
1376 3458 1445 3521 loca
1467 3458 1612 3521 thematis
1636 3459 1733 3538 aphe-

377 3552 439 3613 tica
461 3549 547 3611 noris
571 3548 717 3627 exemplis
741 3548 899 3627 inquirere.
946 3546 1079 3623 invitas,
1115 3558 1149 3610 ut
1180 3557 1210 3610 te
1240 3549 1353 3627 juvem.
1399 3548 1468 3610 Nou
1502 3549 1630 3622 faciam,
1664 3548 1734 3627 quia

376 3659 434 3702 non
459 3638 559 3712 credo,
585 3638 663 3716 quod
688 3645 719 3699 tu
744 3638 930 3698 fundamenti
955 3638 1020 3698 loco
1040 3638 1149 3714 credis,
1175 3657 1242 3698 esse
1267 3638 1375 3719 aliqua.
1423 3638 1467 3698 Tu
1491 3637 1517 3698 si
1540 3637 1732 3699 harmonicen

377 3728 562 3802 concoxeris,
588 3744 679 3788 exues
703 3727 780 3788 hane
805 3726 1025 3788 credulitatem.
1072 3727 1116 3788 Tu
1141 3727 1235 3803 enim,
1261 3726 1410 3788 conclusis
1433 3734 1568 3787 veterum
1592 3726 1656 3787 sine
1681 3746 1734 3787 ra-

375 3819 457 3881 tione
491 3816 626 3879 collectis
659 3816 786 3896 ideoque
815 3834 872 3876 non
902 3815 1047 3878 divinitus
1069 3816 1244 3896 inspiratis,
1278 3825 1380 3878 tamen
1404 3814 1517 3894 primus
1541 3815 1587 3876 via
1611 3815 1733 3877 credere

375 3908 439 3970 sine
463 3907 599 3979 ratione,
629 3905 699 3985 quia
723 3904 798 3967 dicis
821 3904 945 3978 „divim
968 3904 1136 3979 relatione“
1169 3905 1249 3966 haud
1273 3904 1361 3966 dubie
1384 3903 1458 3965 fieri.
1504 3902 1654 3965 Rationes
1678 3923 1733 3966 ve·

375 4007 471 4059 terum
496 3995 565 4058 vide
590 3995 618 4055 in
643 3995 818 4056 Ptolemaeo
843 4002 875 4054 et
898 3994 975 4070 aliis,
1001 4003 1122 4055 etcum
1146 3993 1327 4055 harmonicis
1351 3992 1474 4067 confer;
1500 3994 1572 4066 scio,
1598 3995 1732 4055 deseres.

375 4085 510 4148 Medium
533 4084 608 4144 coeli
631 4082 660 4143 iu
685 4101 786 4161 regem
810 4082 906 4161 eligis,
931 4084 1009 4162 quod
1033 4083 1116 4153 calor
1135 4081 1216 4144 Solis
1239 4082 1281 4143 ibi
1305 4081 1464 4144 maximus.
1511 4080 1657 4145 Crassum
1681 4102 1734 4144 ar·

376 4180 568 4254 gumentum3
601 4171 660 4232 imo
688 4172 764 4231 hora
792 4171 924 4232 secunda
951 4173 1034 4233 calor
1064 4171 1170 4250 major.
1216 4170 1387 4233 incidentia
1409 4170 1528 4250 quidem
1552 4171 1731 4234 rectissima.

375 4266 421 4325 At
445 4271 477 4322 et
500 4261 555 4321 hoc
580 4278 726 4322 crassum.
771 4260 953 4321 Harmonice
977 4260 1040 4322 sic:
1070 4269 1154 4322 ortus
1173 4259 1300 4339 jacenti,
1326 4261 1368 4321 M.
1386 4258 1421 4323 0.
1447 4259 1542 4322 stanti
1566 4260 1678 4323 homini
1701 4269 1734 4322 et

375 4349 540 4412 ambulanti
564 4357 596 4409 et
618 4348 719 4428 agenti
744 4348 850 4409 simile.

444 4437 634 4487 Fabricius:
665 4437 742 4501 Cupio
768 4450 932 4501 cognoscere.
950 4449 983 4486 an
1001 4441 1112 4493 samu.
1132 4436 1282 4502 imaginaria
1306 4437 1351 4486 illa
1367 4444 1462 4500 puncta
1479 4438 1586 4488 andreia
1604 4437 1639 4487 Μ.
1660 4436 1688 4486 G.
1707 4444 1734 4487 et

375 4509 551 4565 ascendentis,
578 4523 621 4571 per
645 4523 672 4558 se
699 4509 733 4558 ad
750 4507 787 4558 M.
807 4507 835 4557 C.
855 4514 881 4557 et
899 4507 1037 4557 mcendens
1056 4507 1151 4557 directa
1174 4510 1223 4556 vim
1241 4508 1366 4571 quandam
1383 4507 1493 4566 habere,
1521 4509 1617 4558 etiamsi
1636 4510 1733 4558 inistis

375 4579 610 4630 muneremunere
628 4580 688 4629 nulli
705 4581 823 4644 planetae
843 4579 959 4635 existant,
978 4579 1017 4627 rel
1035 4592 1067 4627 an
1085 4578 1203 4641 planetae
1220 4579 1270 4629 illic
1288 4580 1423 4629 existentes
1440 4579 1541 4642 majoris
1558 4581 1655 4629 virtutis
1673 4581 1732 4637 sint,

376 4664 433 4701 eum
451 4651 522 4715 qnasi
541 4652 566 4699 in
579 4652 642 4717 ,ipsis
661 4652 758 4717 anguiis
777 4664 831 4700 essa
851 4650 1022 4701 existimantur
1044 4650 1069 4698 in
1089 4649 1241 4700 dimetiom‘i
1279 4648 1340 4711 (Ka
1366 4647 1423 4699 Non
1442 4652 1478 4700 ric
1495 4651 1530 4700 mi
1546 4649 1636 4701 homo!
1673 4650 1732 4701 Pla·

374 4728 450 4773 notae
468 4721 600 4771 audacium
619 4736 668 4771 nou
687 4730 801 4786 operatur
818 4720 866 4771 nini
885 4721 918 4770 ad
937 4719 1049 4770 cardines
1066 4718 1173 4781 mundi.)

464 4793 662 4871 Keplerus:
695 4793 741 4855 De
770 4793 907 4855 antiseiis
934 4810 982 4854 me
1012 4810 1070 4854 non
1099 4791 1277 4873 percepisti,
1306 4790 1403 4853 dicam
1431 4792 1564 4854 clarina·
1591 4792 1733 4854 Antiscia

374 4882 448 4949 nihil
475 4881 656 4969 promittunt
683 4882 748 4946 Soli
775 4881 824 4944 rel
853 4882 976 4956 Lunae,
1008 4880 1063 4943 sed
1095 4888 1212 4943 ιιιιιιιιιιι
1241 4879 1417 4943 ascendenti
1444 4888 1478 4942 et
1503 4875 1731 4968 M.VG.‘sigui-
