<?xml version="1.0" encoding="UTF-8"?>
<!DOCTYPE html PUBLIC "-//W3C//DTD XHTML 1.0 Transitional//EN"
    "http://www.w3.org/TR/xhtml1/DTD/xhtml1-transitional.dtd">
<html xmlns="http://www.w3.org/1999/xhtml" xml:lang="en" lang="en">
 <head>
  <title>
</title>
<meta http-equiv="Content-Type" content="text/html;charset=utf-8" />
  <meta name='ocr-system' content='tesseract 3.04.00' />
  <meta name='ocr-capabilities' content='ocr_page ocr_carea ocr_par ocr_line ocrx_word'/>
</head>
<body>
  <div class='ocr_page' id='page_1' title='image "./joanniskepleria27frisgoog_0060.png"; bbox 0 0 3786 5808; ppageno 0'>
   <div class='ocr_carea' id='block_1_1' title="bbox 710 380 1466 448">
    <p class='ocr_par' dir='ltr' id='par_1_1' title="bbox 710 380 1466 448">
     <span class='ocr_line' id='line_1_1' title="bbox 710 380 1466 448; baseline 0 0"><span class='ocrx_word' id='word_1_1' title='bbox 710 385 870 435; x_wconf 65' lang='lat' dir='ltr'>mereim</span> <span class='ocrx_word' id='word_1_2' title='bbox 1422 380 1466 448; x_wconf 80' lang='lat'>29</span> 
     </span>
    </p>
   </div>
   <div class='ocr_carea' id='block_1_2' title="bbox 119 539 1465 889">
    <p class='ocr_par' dir='ltr' id='par_1_2' title="bbox 119 539 1465 889">
     <span class='ocr_line' id='line_1_2' title="bbox 202 539 1465 624; baseline 0.001 -20"><span class='ocrx_word' id='word_1_3' title='bbox 202 543 302 605; x_wconf 78' lang='lat' dir='ltr'>Datne</span> <span class='ocrx_word' id='word_1_4' title='bbox 328 541 441 605; x_wconf 73' lang='lat' dir='ltr'>urar.</span> <span class='ocrx_word' id='word_1_5' title='bbox 464 542 513 604; x_wconf 88' lang='lat' dir='ltr'>vel</span> <span class='ocrx_word' id='word_1_6' title='bbox 536 539 578 608; x_wconf 82' lang='lat'>28</span> <span class='ocrx_word' id='word_1_7' title='bbox 600 543 674 606; x_wconf 90' lang='lat' dir='ltr'>Dec.</span> <span class='ocrx_word' id='word_1_8' title='bbox 699 544 768 606; x_wconf 89' lang='lat' dir='ltr'>anni</span> <span class='ocrx_word' id='word_1_9' title='bbox 792 543 961 624; x_wconf 89' lang='lat' dir='ltr'>incipientis</span> <span class='ocrx_word' id='word_1_10' title='bbox 989 540 1085 618; x_wconf 81' lang='lat'>159⁷,</span> <span class='ocrx_word' id='word_1_11' title='bbox 1117 561 1203 623; x_wconf 85' lang='lat' dir='ltr'>quem</span> <span class='ocrx_word' id='word_1_12' title='bbox 1227 541 1284 605; x_wconf 90' lang='lat' dir='ltr'>tibi</span> <span class='ocrx_word' id='word_1_13' title='bbox 1305 550 1376 604; x_wconf 93' lang='lat' dir='ltr'>tuae</span> <span class='ocrx_word' id='word_1_14' title='bbox 1395 561 1465 605; x_wconf 92' lang='lat' dir='ltr'>con·</span> 
     </span>
     <span class='ocr_line' id='line_1_3' title="bbox 119 632 996 715; baseline -0.002 -20"><span class='ocrx_word' id='word_1_15' title='bbox 119 633 191 715; x_wconf 87' lang='lat' dir='ltr'>jugi,</span> <span class='ocrx_word' id='word_1_16' title='bbox 214 650 334 708; x_wconf 88' lang='lat' dir='ltr'>socero,</span> <span class='ocrx_word' id='word_1_17' title='bbox 359 632 539 714; x_wconf 88' lang='lat' dir='ltr'>collegisque</span> <span class='ocrx_word' id='word_1_18' title='bbox 564 634 699 696; x_wconf 90' lang='lat' dir='ltr'>omnibus</span> <span class='ocrx_word' id='word_1_19' title='bbox 722 633 860 696; x_wconf 84' lang='lat' dir='ltr'>foehcem</span> <span class='ocrx_word' id='word_1_20' title='bbox 882 651 996 712; x_wconf 87' lang='lat' dir='ltr'><strong>precor.</strong></span> 
     </span>
     <span class='ocr_line' id='line_1_4' title="bbox 748 720 1125 786; baseline -0.003 -2"><span class='ocrx_word' id='word_1_21' title='bbox 748 723 786 786; x_wconf 88' lang='grc' dir='ltr'>Η.</span> <span class='ocrx_word' id='word_1_22' title='bbox 812 723 847 784; x_wconf 89' lang='grc' dir='ltr'>Τ.</span> <span class='ocrx_word' id='word_1_23' title='bbox 894 720 1026 785; x_wconf 85' lang='lat' dir='ltr'>Gratiss.</span> <span class='ocrx_word' id='word_1_24' title='bbox 1051 722 1125 784; x_wconf 87' lang='lat' dir='ltr'>disc.</span> 
     </span>
     <span class='ocr_line' id='line_1_5' title="bbox 1142 805 1420 889; baseline -0.011 -17"><span class='ocrx_word' id='word_1_25' title='bbox 1142 809 1190 872; x_wconf 83' lang='grc' dir='ltr'>Μ.</span> <span class='ocrx_word' id='word_1_26' title='bbox 1213 808 1267 872; x_wconf 89' lang='lat' dir='ltr'>Jo.</span> <span class='ocrx_word' id='word_1_27' title='bbox 1290 805 1420 889; x_wconf 80' lang='lat' dir='ltr'>Keplcr.</span> 
     </span>
    </p>
   </div>
   <div class='ocr_carea' id='block_1_3' title="bbox 183 932 1562 1073">
    <p class='ocr_par' dir='ltr' id='par_1_3' title="bbox 183 932 1562 1073">
     <span class='ocr_line' id='line_1_6' title="bbox 183 932 1562 1073; baseline 0.001 -57"><span class='ocrx_word' id='word_1_28' title='bbox 183 932 1388 1073; x_wconf 76' lang='lat' dir='ltr'>InspietolxKepleriquaehancbrevisuboecutassthaeccunradresdomesticas,</span> <span class='ocrx_word' id='word_1_29' title='bbox 1411 974 1465 1018; x_wconf 86' lang='lat' dir='ltr'>tum</span> <span class='ocrx_word' id='word_1_30' title='bbox 1561 966 1562 969; x_wconf 74' lang='grc'>’</span> 
     </span>
    </p>
   </div>
   <div class='ocr_carea' id='block_1_4' title="bbox 119 1038 527 1106">
    <p class='ocr_par' dir='ltr' id='par_1_4' title="bbox 119 1038 527 1106">
     <span class='ocr_line' id='line_1_7' title="bbox 119 1038 527 1106; baseline 0.005 -3"><span class='ocrx_word' id='word_1_31' title='bbox 119 1038 527 1106; x_wconf 56' lang='lat' dir='ltr'>flmmeum·</span> 
     </span>
    </p>
   </div>
   <div class='ocr_carea' id='block_1_5' title="bbox 111 1160 1527 4801">
    <p class='ocr_par' dir='ltr' id='par_1_5' title="bbox 112 1160 1497 3365">
     <span class='ocr_line' id='line_1_8' title="bbox 199 1160 1497 1244; baseline 0.001 -20"><span class='ocrx_word' id='word_1_32' title='bbox 199 1160 338 1224; x_wconf 77' lang='lat' dir='ltr'><strong>Salutem</strong></span> <span class='ocrx_word' id='word_1_33' title='bbox 351 1163 520 1244; x_wconf 82' lang='lat' dir='ltr'>plurimam.</span> <span class='ocrx_word' id='word_1_34' title='bbox 553 1163 711 1226; x_wconf 77' lang='lat' dir='ltr'><strong>Neminem</strong></span> <span class='ocrx_word' id='word_1_35' title='bbox 724 1162 894 1226; x_wconf 82' lang='lat' dir='ltr'>mortalium</span> <span class='ocrx_word' id='word_1_36' title='bbox 909 1162 1047 1225; x_wconf 88' lang='lat' dir='ltr'>existimo</span> <span class='ocrx_word' id='word_1_37' title='bbox 1061 1162 1171 1238; x_wconf 88' lang='lat' dir='ltr'>vivere,</span> <span class='ocrx_word' id='word_1_38' title='bbox 1196 1163 1243 1243; x_wconf 88' lang='lat' dir='ltr'>cuj</span> <span class='ocrx_word' id='word_1_39' title='bbox 1246 1183 1281 1225; x_wconf 89' lang='lat' dir='ltr'>us</span> <span class='ocrx_word' id='word_1_40' title='bbox 1299 1162 1345 1224; x_wconf 91' lang='lat' dir='ltr'>ita</span> <span class='ocrx_word' id='word_1_41' title='bbox 1367 1162 1465 1242; x_wconf 86' lang='lat' dir='ltr'>fugiat</span> <span class='ocrx_word' id='word_1_42' title='bbox 1495 1214 1497 1225; x_wconf 93' lang='lat'>.</span> 
     </span>
     <span class='ocr_line' id='line_1_9' title="bbox 118 1251 1463 1333; baseline -0.002 -19"><span class='ocrx_word' id='word_1_43' title='bbox 118 1251 329 1333; x_wconf 88' lang='lat' dir='ltr'>providentiam</span> <span class='ocrx_word' id='word_1_44' title='bbox 352 1254 473 1314; x_wconf 75' lang='lat' dir='ltr'>lemnus</span> <span class='ocrx_word' id='word_1_45' title='bbox 496 1271 565 1325; x_wconf 90' lang='lat' dir='ltr'>sua,</span> <span class='ocrx_word' id='word_1_46' title='bbox 593 1260 627 1314; x_wconf 92' lang='lat' dir='ltr'>ut</span> <span class='ocrx_word' id='word_1_47' title='bbox 649 1272 696 1314; x_wconf 90' lang='lat' dir='ltr'>me</span> <span class='ocrx_word' id='word_1_48' title='bbox 719 1272 788 1314; x_wconf 89' lang='lat' dir='ltr'>mea</span> <span class='ocrx_word' id='word_1_49' title='bbox 810 1252 906 1332; x_wconf 81' lang='lat' dir='ltr'>fugit:</span> <span class='ocrx_word' id='word_1_50' title='bbox 937 1253 984 1314; x_wconf 92' lang='lat' dir='ltr'>cui</span> <span class='ocrx_word' id='word_1_51' title='bbox 1012 1252 1091 1313; x_wconf 89' lang='lat' dir='ltr'>bona</span> <span class='ocrx_word' id='word_1_52' title='bbox 1120 1254 1254 1332; x_wconf 89' lang='lat' dir='ltr'>speranti</span> <span class='ocrx_word' id='word_1_53' title='bbox 1282 1258 1314 1313; x_wconf 90' lang='lat' dir='ltr'>et</span> <span class='ocrx_word' id='word_1_54' title='bbox 1338 1251 1463 1332; x_wconf 90' lang='lat' dir='ltr'>jamjam</span> 
     </span>
     <span class='ocr_line' id='line_1_10' title="bbox 119 1340 1461 1421; baseline 0 -20"><span class='ocrx_word' id='word_1_55' title='bbox 119 1341 217 1402; x_wconf 88' lang='lat' dir='ltr'>liuenti</span> <span class='ocrx_word' id='word_1_56' title='bbox 239 1340 393 1403; x_wconf 79' lang='lat' dir='ltr'>foelicitas</span> <span class='ocrx_word' id='word_1_57' title='bbox 417 1361 433 1402; x_wconf 93' lang='lat' dir='ltr'>e</span> <span class='ocrx_word' id='word_1_58' title='bbox 456 1341 591 1404; x_wconf 89' lang='lat' dir='ltr'>manibus</span> <span class='ocrx_word' id='word_1_59' title='bbox 615 1341 763 1403; x_wconf 91' lang='lat' dir='ltr'>elabitur:</span> <span class='ocrx_word' id='word_1_60' title='bbox 793 1348 899 1404; x_wconf 87' lang='lat' dir='ltr'>contra</span> <span class='ocrx_word' id='word_1_61' title='bbox 925 1342 1005 1403; x_wconf 87' lang='lat' dir='ltr'>mala</span> <span class='ocrx_word' id='word_1_62' title='bbox 1033 1340 1177 1402; x_wconf 87' lang='lat' dir='ltr'>metuenti</span> <span class='ocrx_word' id='word_1_63' title='bbox 1209 1349 1240 1402; x_wconf 91' lang='lat' dir='ltr'>et</span> <span class='ocrx_word' id='word_1_64' title='bbox 1264 1341 1391 1421; x_wconf 89' lang='lat' dir='ltr'>jamjam</span> <span class='ocrx_word' id='word_1_65' title='bbox 1414 1340 1461 1402; x_wconf 88' lang='lat' dir='ltr'>vi-</span> 
     </span>
     <span class='ocr_line' id='line_1_11' title="bbox 119 1428 1462 1515; baseline 0 -25"><span class='ocrx_word' id='word_1_66' title='bbox 119 1429 192 1491; x_wconf 80' lang='lat' dir='ltr'>denti</span> <span class='ocrx_word' id='word_1_67' title='bbox 213 1430 294 1491; x_wconf 88' lang='lat' dir='ltr'>bona</span> <span class='ocrx_word' id='word_1_68' title='bbox 316 1430 467 1493; x_wconf 87' lang='lat' dir='ltr'>eveniunt.</span> <span class='ocrx_word' id='word_1_69' title='bbox 499 1431 601 1511; x_wconf 84' lang='lat' dir='ltr'><strong>Atque</strong></span> <span class='ocrx_word' id='word_1_70' title='bbox 624 1430 699 1492; x_wconf 88' lang='lat' dir='ltr'>haec</span> <span class='ocrx_word' id='word_1_71' title='bbox 717 1450 785 1492; x_wconf 90' lang='lat' dir='ltr'>mea</span> <span class='ocrx_word' id='word_1_72' title='bbox 803 1430 930 1515; x_wconf 78' lang='lat' dir='ltr'>fortuna,</span> <span class='ocrx_word' id='word_1_73' title='bbox 956 1449 1012 1510; x_wconf 91' lang='lat' dir='ltr'>quo</span> <span class='ocrx_word' id='word_1_74' title='bbox 1036 1430 1132 1508; x_wconf 89' lang='lat' dir='ltr'>magis</span> <span class='ocrx_word' id='word_1_75' title='bbox 1156 1430 1211 1492; x_wconf 91' lang='lat' dir='ltr'>hoc</span> <span class='ocrx_word' id='word_1_76' title='bbox 1234 1437 1367 1509; x_wconf 89' lang='lat' dir='ltr'>tempore</span> <span class='ocrx_word' id='word_1_77' title='bbox 1390 1428 1462 1490; x_wconf 89' lang='lat' dir='ltr'>mihi</span> 
     </span>
     <span class='ocr_line' id='line_1_12' title="bbox 118 1517 1463 1600; baseline -0.001 -21"><span class='ocrx_word' id='word_1_78' title='bbox 118 1517 272 1591; x_wconf 86' lang='lat' dir='ltr'>blanditur,</span> <span class='ocrx_word' id='word_1_79' title='bbox 297 1519 357 1581; x_wconf 91' lang='lat' dir='ltr'>hoc</span> <span class='ocrx_word' id='word_1_80' title='bbox 380 1519 476 1600; x_wconf 86' lang='lat' dir='ltr'>magis</span> <span class='ocrx_word' id='word_1_81' title='bbox 499 1519 570 1581; x_wconf 93' lang='lat' dir='ltr'>mihi</span> <span class='ocrx_word' id='word_1_82' title='bbox 592 1528 691 1581; x_wconf 91' lang='lat' dir='ltr'>metuo</span> <span class='ocrx_word' id='word_1_83' title='bbox 714 1519 843 1592; x_wconf 84' lang='lat' dir='ltr'>chilla,</span> <span class='ocrx_word' id='word_1_84' title='bbox 867 1527 915 1594; x_wconf 93' lang='lat' dir='ltr'>ut,</span> <span class='ocrx_word' id='word_1_85' title='bbox 939 1519 965 1580; x_wconf 91' lang='lat' dir='ltr'>si</span> <span class='ocrx_word' id='word_1_86' title='bbox 989 1518 1149 1599; x_wconf 87' lang='lat' dir='ltr'>aliquando</span> <span class='ocrx_word' id='word_1_87' title='bbox 1173 1518 1245 1580; x_wconf 91' lang='lat' dir='ltr'>mihi</span> <span class='ocrx_word' id='word_1_88' title='bbox 1268 1519 1322 1580; x_wconf 87' lang='lat' dir='ltr'>flat</span> <span class='ocrx_word' id='word_1_89' title='bbox 1344 1517 1463 1579; x_wconf 84' lang='lat' dir='ltr'>infensa</span> 
     </span>
     <span class='ocr_line' id='line_1_13' title="bbox 121 1607 1462 1689; baseline -0.001 -20"><span class='ocrx_word' id='word_1_90' title='bbox 121 1610 234 1680; x_wconf 89' lang='lat' dir='ltr'>(utnon</span> <span class='ocrx_word' id='word_1_91' title='bbox 258 1608 343 1670; x_wconf 91' lang='lat' dir='ltr'>solet</span> <span class='ocrx_word' id='word_1_92' title='bbox 366 1627 433 1670; x_wconf 90' lang='lat' dir='ltr'>esse</span> <span class='ocrx_word' id='word_1_93' title='bbox 456 1609 613 1681; x_wconf 77' lang='lat' dir='ltr'>constans)</span> <span class='ocrx_word' id='word_1_94' title='bbox 637 1609 693 1670; x_wconf 94' lang='lat' dir='ltr'>hoc</span> <span class='ocrx_word' id='word_1_95' title='bbox 715 1609 794 1670; x_wconf 89' lang='lat' dir='ltr'>idem</span> <span class='ocrx_word' id='word_1_96' title='bbox 818 1608 968 1689; x_wconf 83' lang='lat' dir='ltr'>ingenium</span> <span class='ocrx_word' id='word_1_97' title='bbox 992 1626 1077 1670; x_wconf 90' lang='lat' dir='ltr'>suum</span> <span class='ocrx_word' id='word_1_98' title='bbox 1100 1608 1239 1669; x_wconf 88' lang='lat' dir='ltr'>retineat.</span> <span class='ocrx_word' id='word_1_99' title='bbox 1280 1607 1359 1669; x_wconf 87' lang='lat' dir='ltr'>Nam</span> <span class='ocrx_word' id='word_1_100' title='bbox 1382 1607 1462 1668; x_wconf 89' lang='lat' dir='ltr'>bona</span> 
     </span>
     <span class='ocr_line' id='line_1_14' title="bbox 123 1694 1459 1775; baseline 0 -19"><span class='ocrx_word' id='word_1_101' title='bbox 123 1695 163 1756; x_wconf 90' lang='lat' dir='ltr'>vel</span> <span class='ocrx_word' id='word_1_102' title='bbox 182 1714 264 1758; x_wconf 89' lang='lat' dir='ltr'>coeco</span> <span class='ocrx_word' id='word_1_103' title='bbox 290 1696 433 1759; x_wconf 82' lang='lat' dir='ltr'>obvenire</span> <span class='ocrx_word' id='word_1_104' title='bbox 458 1705 488 1759; x_wconf 91' lang='lat' dir='ltr'>et</span> <span class='ocrx_word' id='word_1_105' title='bbox 511 1697 671 1758; x_wconf 80' lang='lat' dir='ltr'>somnianti</span> <span class='ocrx_word' id='word_1_106' title='bbox 694 1697 775 1759; x_wconf 89' lang='lat' dir='ltr'>nulla</span> <span class='ocrx_word' id='word_1_107' title='bbox 797 1697 955 1759; x_wconf 85' lang='lat' dir='ltr'>calamitas</span> <span class='ocrx_word' id='word_1_108' title='bbox 979 1705 1045 1759; x_wconf 90' lang='lat' dir='ltr'>est:</span> <span class='ocrx_word' id='word_1_109' title='bbox 1074 1697 1155 1758; x_wconf 91' lang='lat' dir='ltr'>mala</span> <span class='ocrx_word' id='word_1_110' title='bbox 1176 1716 1247 1759; x_wconf 87' lang='lat' dir='ltr'>vero</span> <span class='ocrx_word' id='word_1_111' title='bbox 1271 1694 1363 1758; x_wconf 90' lang='lat' dir='ltr'>etiam</span> <span class='ocrx_word' id='word_1_112' title='bbox 1385 1714 1459 1775; x_wconf 91' lang='lat' dir='ltr'>pro-</span> 
     </span>
     <span class='ocr_line' id='line_1_15' title="bbox 124 1784 1458 1866; baseline -0.001 -20"><span class='ocrx_word' id='word_1_113' title='bbox 124 1784 188 1847; x_wconf 85' lang='lat' dir='ltr'>vidis</span> <span class='ocrx_word' id='word_1_114' title='bbox 207 1792 237 1847; x_wconf 90' lang='lat' dir='ltr'>et</span> <span class='ocrx_word' id='word_1_115' title='bbox 258 1786 527 1866; x_wconf 77' lang='lat' dir='ltr'>praesagientibus</span> <span class='ocrx_word' id='word_1_116' title='bbox 551 1786 655 1866; x_wconf 90' lang='lat' dir='ltr'>gravia</span> <span class='ocrx_word' id='word_1_117' title='bbox 679 1794 761 1859; x_wconf 83' lang='lat' dir='ltr'>sunt,</span> <span class='ocrx_word' id='word_1_118' title='bbox 790 1787 897 1848; x_wconf 92' lang='lat' dir='ltr'>nedum</span> <span class='ocrx_word' id='word_1_119' title='bbox 920 1786 946 1847; x_wconf 91' lang='lat' dir='ltr'>si</span> <span class='ocrx_word' id='word_1_120' title='bbox 976 1787 1050 1847; x_wconf 88' lang='lat' dir='ltr'>bene</span> <span class='ocrx_word' id='word_1_121' title='bbox 1073 1793 1231 1865; x_wconf 82' lang='lat' dir='ltr'>sperantes</span> <span class='ocrx_word' id='word_1_122' title='bbox 1255 1792 1378 1865; x_wconf 82' lang='lat' dir='ltr'>repente</span> <span class='ocrx_word' id='word_1_123' title='bbox 1402 1803 1458 1865; x_wconf 91' lang='lat' dir='ltr'>op-</span> 
     </span>
     <span class='ocr_line' id='line_1_16' title="bbox 119 1871 1459 1954; baseline 0.001 -19"><span class='ocrx_word' id='word_1_124' title='bbox 119 1875 244 1954; x_wconf 84' lang='lat' dir='ltr'>primant.</span> <span class='ocrx_word' id='word_1_125' title='bbox 279 1876 365 1937; x_wconf 89' lang='lat' dir='ltr'>Ecce</span> <span class='ocrx_word' id='word_1_126' title='bbox 380 1873 584 1937; x_wconf 84' lang='lat' dir='ltr'>Comoediam.</span> <span class='ocrx_word' id='word_1_127' title='bbox 622 1875 702 1937; x_wconf 83' lang='lat' dir='ltr'>Duxi</span> <span class='ocrx_word' id='word_1_128' title='bbox 725 1894 802 1937; x_wconf 89' lang='lat' dir='ltr'>anno</span> <span class='ocrx_word' id='word_1_129' title='bbox 826 1871 868 1937; x_wconf 81' lang='lat'>96</span> <span class='ocrx_word' id='word_1_130' title='bbox 892 1894 1023 1950; x_wconf 90' lang='lat' dir='ltr'>uxorem,</span> <span class='ocrx_word' id='word_1_131' title='bbox 1050 1893 1105 1935; x_wconf 91' lang='lat' dir='ltr'>nec</span> <span class='ocrx_word' id='word_1_132' title='bbox 1130 1874 1209 1937; x_wconf 90' lang='lat' dir='ltr'>aliud</span> <span class='ocrx_word' id='word_1_133' title='bbox 1233 1881 1297 1936; x_wconf 88' lang='lat' dir='ltr'>toto</span> <span class='ocrx_word' id='word_1_134' title='bbox 1321 1874 1459 1936; x_wconf 84' lang='lat' dir='ltr'>semestri</span> 
     </span>
     <span class='ocr_line' id='line_1_17' title="bbox 118 1957 1470 2044; baseline -0.001 -19"><span class='ocrx_word' id='word_1_135' title='bbox 118 1963 204 2039; x_wconf 82' lang='lat' dir='ltr'>sensi,</span> <span class='ocrx_word' id='word_1_136' title='bbox 234 1964 484 2026; x_wconf 88' lang='lat' dir='ltr'>confirmantibus</span> <span class='ocrx_word' id='word_1_137' title='bbox 515 1983 562 2026; x_wconf 91' lang='lat' dir='ltr'>me</span> <span class='ocrx_word' id='word_1_138' title='bbox 595 1963 690 2026; x_wconf 90' lang='lat' dir='ltr'>literis</span> <span class='ocrx_word' id='word_1_139' title='bbox 721 1964 964 2044; x_wconf 87' lang='lat' dir='ltr'>gravissimomm</span> <span class='ocrx_word' id='word_1_140' title='bbox 991 1963 1129 2025; x_wconf 90' lang='lat' dir='ltr'>virorum.</span> <span class='ocrx_word' id='word_1_141' title='bbox 1180 1963 1295 2025; x_wconf 90' lang='lat' dir='ltr'>Laetus</span> <span class='ocrx_word' id='word_1_142' title='bbox 1326 1962 1400 2024; x_wconf 90' lang='lat' dir='ltr'>redii</span> <span class='ocrx_word' id='word_1_143' title='bbox 1428 1957 1470 2024; x_wconf 90' lang='lat' dir='ltr'>in</span> 
     </span>
     <span class='ocr_line' id='line_1_18' title="bbox 117 2051 1459 2134; baseline -0.001 -21"><span class='ocrx_word' id='word_1_144' title='bbox 117 2051 254 2134; x_wconf 77' lang='lat' dir='ltr'>Styriam3</span> <span class='ocrx_word' id='word_1_145' title='bbox 278 2061 315 2115; x_wconf 94' lang='lat' dir='ltr'>ut</span> <span class='ocrx_word' id='word_1_146' title='bbox 337 2054 421 2125; x_wconf 88' lang='lat' dir='ltr'>veni,</span> <span class='ocrx_word' id='word_1_147' title='bbox 443 2052 560 2115; x_wconf 90' lang='lat' dir='ltr'>nemine</span> <span class='ocrx_word' id='word_1_148' title='bbox 584 2072 642 2115; x_wconf 94' lang='lat' dir='ltr'>nou</span> <span class='ocrx_word' id='word_1_149' title='bbox 665 2054 851 2133; x_wconf 83' lang='lat' dir='ltr'>gratulante,</span> <span class='ocrx_word' id='word_1_150' title='bbox 875 2052 947 2114; x_wconf 90' lang='lat' dir='ltr'>mihi</span> <span class='ocrx_word' id='word_1_151' title='bbox 971 2059 1087 2115; x_wconf 89' lang='lat' dir='ltr'>secreto</span> <span class='ocrx_word' id='word_1_152' title='bbox 1111 2052 1274 2124; x_wconf 89' lang='lat' dir='ltr'>iudicatur,</span> <span class='ocrx_word' id='word_1_153' title='bbox 1298 2070 1345 2112; x_wconf 91' lang='lat' dir='ltr'>me</span> <span class='ocrx_word' id='word_1_154' title='bbox 1368 2070 1459 2113; x_wconf 90' lang='lat' dir='ltr'>uxore</span> 
     </span>
     <span class='ocr_line' id='line_1_19' title="bbox 117 2141 1459 2223; baseline -0.001 -20"><span class='ocrx_word' id='word_1_155' title='bbox 117 2141 263 2204; x_wconf 79' lang='lat' dir='ltr'>excidisse.</span> <span class='ocrx_word' id='word_1_156' title='bbox 319 2141 398 2222; x_wconf 88' lang='lat' dir='ltr'>Spes</span> <span class='ocrx_word' id='word_1_157' title='bbox 425 2143 556 2223; x_wconf 89' lang='lat' dir='ltr'>conjugii</span> <span class='ocrx_word' id='word_1_158' title='bbox 582 2161 636 2222; x_wconf 91' lang='lat' dir='ltr'>per</span> <span class='ocrx_word' id='word_1_159' title='bbox 664 2151 810 2203; x_wconf 88' lang='lat' dir='ltr'>semestre</span> <span class='ocrx_word' id='word_1_160' title='bbox 841 2142 977 2204; x_wconf 87' lang='lat' dir='ltr'>radicata</span> <span class='ocrx_word' id='word_1_161' title='bbox 1005 2160 1118 2204; x_wconf 90' lang='lat' dir='ltr'>moram</span> <span class='ocrx_word' id='word_1_162' title='bbox 1150 2141 1274 2203; x_wconf 87' lang='lat' dir='ltr'>alterius</span> <span class='ocrx_word' id='word_1_163' title='bbox 1305 2141 1459 2203; x_wconf 83' lang='lat' dir='ltr'>semestris</span> 
     </span>
     <span class='ocr_line' id='line_1_20' title="bbox 116 2229 1457 2311; baseline -0.001 -20"><span class='ocrx_word' id='word_1_164' title='bbox 116 2230 270 2311; x_wconf 72' lang='lat' dir='ltr'>requisivit,</span> <span class='ocrx_word' id='word_1_165' title='bbox 295 2232 392 2293; x_wconf 90' lang='lat' dir='ltr'>donec</span> <span class='ocrx_word' id='word_1_166' title='bbox 414 2250 531 2293; x_wconf 90' lang='lat' dir='ltr'>rursum</span> <span class='ocrx_word' id='word_1_167' title='bbox 554 2230 764 2300; x_wconf 82' lang='lat' dir='ltr'>eradicaretur,</span> <span class='ocrx_word' id='word_1_168' title='bbox 790 2239 880 2311; x_wconf 88' lang='lat' dir='ltr'>atque</span> <span class='ocrx_word' id='word_1_169' title='bbox 904 2250 959 2309; x_wconf 84' lang='lat' dir='ltr'>ego</span> <span class='ocrx_word' id='word_1_170' title='bbox 982 2230 1101 2310; x_wconf 89' lang='lat' dir='ltr'>penitus</span> <span class='ocrx_word' id='word_1_171' title='bbox 1124 2230 1196 2292; x_wconf 93' lang='lat' dir='ltr'>mihi</span> <span class='ocrx_word' id='word_1_172' title='bbox 1215 2231 1273 2310; x_wconf 90' lang='lat' dir='ltr'>ipsi</span> <span class='ocrx_word' id='word_1_173' title='bbox 1292 2229 1457 2309; x_wconf 89' lang='lat' dir='ltr'>persuade-</span> 
     </span>
     <span class='ocr_line' id='line_1_21' title="bbox 114 2319 1458 2401; baseline -0.001 -20"><span class='ocrx_word' id='word_1_174' title='bbox 114 2338 178 2393; x_wconf 84' lang='lat' dir='ltr'>rem,</span> <span class='ocrx_word' id='word_1_175' title='bbox 198 2319 319 2383; x_wconf 86' lang='lat' dir='ltr'>irritam</span> <span class='ocrx_word' id='word_1_176' title='bbox 341 2339 428 2396; x_wconf 89' lang='lat' dir='ltr'>esse,</span> <span class='ocrx_word' id='word_1_177' title='bbox 452 2320 600 2401; x_wconf 87' lang='lat' dir='ltr'>aliamque</span> <span class='ocrx_word' id='word_1_178' title='bbox 623 2321 708 2382; x_wconf 88' lang='lat' dir='ltr'>vitae</span> <span class='ocrx_word' id='word_1_179' title='bbox 727 2319 873 2381; x_wconf 88' lang='lat' dir='ltr'>rationem</span> <span class='ocrx_word' id='word_1_180' title='bbox 898 2320 1011 2381; x_wconf 92' lang='lat' dir='ltr'>inirem.</span> <span class='ocrx_word' id='word_1_181' title='bbox 1045 2319 1105 2382; x_wconf 88' lang='lat' dir='ltr'>Ubi</span> <span class='ocrx_word' id='word_1_182' title='bbox 1125 2319 1315 2401; x_wconf 89' lang='lat' dir='ltr'>desperatum</span> <span class='ocrx_word' id='word_1_183' title='bbox 1338 2319 1458 2399; x_wconf 88' lang='lat' dir='ltr'>penitus</span> 
     </span>
     <span class='ocr_line' id='line_1_22' title="bbox 116 2407 1457 2489; baseline 0 -20"><span class='ocrx_word' id='word_1_184' title='bbox 116 2416 218 2482; x_wconf 80' lang='lat' dir='ltr'>estre</span> <span class='ocrx_word' id='word_1_185' title='bbox 236 2410 307 2489; x_wconf 89' lang='lat' dir='ltr'>jam</span> <span class='ocrx_word' id='word_1_186' title='bbox 331 2410 369 2471; x_wconf 89' lang='lat' dir='ltr'>ad</span> <span class='ocrx_word' id='word_1_187' title='bbox 393 2409 587 2471; x_wconf 89' lang='lat' dir='ltr'>ministerium</span> <span class='ocrx_word' id='word_1_188' title='bbox 611 2410 722 2483; x_wconf 87' lang='lat' dir='ltr'>delata,</span> <span class='ocrx_word' id='word_1_189' title='bbox 747 2428 816 2470; x_wconf 93' lang='lat' dir='ltr'>ecce</span> <span class='ocrx_word' id='word_1_190' title='bbox 839 2428 948 2471; x_wconf 92' lang='lat' dir='ltr'>novam</span> <span class='ocrx_word' id='word_1_191' title='bbox 970 2427 1158 2489; x_wconf 75' lang='grc' dir='ltr'>πιριιιιτιιαι.</span> <span class='ocrx_word' id='word_1_192' title='bbox 1201 2408 1300 2470; x_wconf 86' lang='lat' dir='ltr'>Movit</span> <span class='ocrx_word' id='word_1_193' title='bbox 1322 2407 1457 2469; x_wconf 91' lang='lat' dir='ltr'>homines</span> 
     </span>
     <span class='ocr_line' id='line_1_23' title="bbox 113 2497 1458 2577; baseline -0.001 -18"><span class='ocrx_word' id='word_1_194' title='bbox 113 2497 259 2560; x_wconf 81' lang='lat' dir='ltr'>ministerii</span> <span class='ocrx_word' id='word_1_195' title='bbox 286 2498 453 2573; x_wconf 85' lang='lat' dir='ltr'>autoritas,</span> <span class='ocrx_word' id='word_1_196' title='bbox 486 2508 518 2559; x_wconf 90' lang='lat' dir='ltr'>et</span> <span class='ocrx_word' id='word_1_197' title='bbox 547 2498 573 2559; x_wconf 91' lang='lat' dir='ltr'>si</span> <span class='ocrx_word' id='word_1_198' title='bbox 601 2505 825 2577; x_wconf 82' lang='lat' dir='ltr'>comparerent,</span> <span class='ocrx_word' id='word_1_199' title='bbox 860 2497 1018 2560; x_wconf 88' lang='lat' dir='ltr'>ludibrium</span> <span class='ocrx_word' id='word_1_200' title='bbox 1041 2517 1135 2560; x_wconf 90' lang='lat' dir='ltr'>suum.</span> <span class='ocrx_word' id='word_1_201' title='bbox 1182 2499 1288 2577; x_wconf 90' lang='lat' dir='ltr'>ltaque</span> <span class='ocrx_word' id='word_1_202' title='bbox 1318 2497 1458 2559; x_wconf 87' lang='lat' dir='ltr'>certatim</span> 
     </span>
     <span class='ocr_line' id='line_1_24' title="bbox 114 2586 1457 2668; baseline -0.002 -18"><span class='ocrx_word' id='word_1_203' title='bbox 114 2586 206 2650; x_wconf 77' lang='lat' dir='ltr'>omes</span> <span class='ocrx_word' id='word_1_204' title='bbox 224 2587 297 2668; x_wconf 88' lang='lat' dir='ltr'>jam</span> <span class='ocrx_word' id='word_1_205' title='bbox 319 2588 448 2662; x_wconf 80' lang='lat' dir='ltr'>vitlrrue,¹</span> <span class='ocrx_word' id='word_1_206' title='bbox 471 2588 534 2667; x_wconf 91' lang='lat' dir='ltr'>jam</span> <span class='ocrx_word' id='word_1_207' title='bbox 560 2587 694 2667; x_wconf 89' lang='lat' dir='ltr'>parentis</span> <span class='ocrx_word' id='word_1_208' title='bbox 718 2588 847 2649; x_wconf 86' lang='lat' dir='ltr'>animum</span> <span class='ocrx_word' id='word_1_209' title='bbox 874 2586 973 2649; x_wconf 89' lang='lat' dir='ltr'>adorti</span> <span class='ocrx_word' id='word_1_210' title='bbox 1000 2606 1052 2649; x_wconf 89' lang='lat' dir='ltr'>eos</span> <span class='ocrx_word' id='word_1_211' title='bbox 1076 2594 1298 2668; x_wconf 87' lang='lat' dir='ltr'>expugnarunt,</span> <span class='ocrx_word' id='word_1_212' title='bbox 1328 2587 1457 2668; x_wconf 89' lang='lat' dir='ltr'>mihique</span> 
     </span>
     <span class='ocr_line' id='line_1_25' title="bbox 114 2674 1458 2755; baseline -0.001 -18"><span class='ocrx_word' id='word_1_213' title='bbox 114 2694 197 2738; x_wconf 87' lang='lat' dir='ltr'>novas</span> <span class='ocrx_word' id='word_1_214' title='bbox 219 2677 417 2739; x_wconf 82' lang='lat' dir='ltr'>coniecerunt</span> <span class='ocrx_word' id='word_1_215' title='bbox 439 2677 570 2755; x_wconf 85' lang='lat' dir='ltr'>nuptias.</span> <span class='ocrx_word' id='word_1_216' title='bbox 615 2674 683 2747; x_wconf 83' lang='lat' dir='ltr'>Quo</span> <span class='ocrx_word' id='word_1_217' title='bbox 706 2694 763 2738; x_wconf 87' lang='lat' dir='ltr'>uno</span> <span class='ocrx_word' id='word_1_218' title='bbox 787 2677 899 2755; x_wconf 90' lang='lat' dir='ltr'>impetu</span> <span class='ocrx_word' id='word_1_219' title='bbox 922 2683 1097 2737; x_wconf 89' lang='lat' dir='ltr'>corruerunt</span> <span class='ocrx_word' id='word_1_220' title='bbox 1120 2676 1219 2741; x_wconf 87' lang='lat' dir='ltr'>omnia</span> <span class='ocrx_word' id='word_1_221' title='bbox 1241 2693 1310 2736; x_wconf 90' lang='lat' dir='ltr'>mea</span> <span class='ocrx_word' id='word_1_222' title='bbox 1332 2674 1458 2737; x_wconf 89' lang='lat' dir='ltr'>consilia</span> 
     </span>
     <span class='ocr_line' id='line_1_26' title="bbox 113 2764 1457 2845; baseline -0.002 -17"><span class='ocrx_word' id='word_1_223' title='bbox 113 2765 145 2827; x_wconf 81' lang='lat' dir='ltr'>(le</span> <span class='ocrx_word' id='word_1_224' title='bbox 165 2765 226 2828; x_wconf 86' lang='lat' dir='ltr'>alia</span> <span class='ocrx_word' id='word_1_225' title='bbox 247 2767 316 2828; x_wconf 87' lang='lat' dir='ltr'>vita</span> <span class='ocrx_word' id='word_1_226' title='bbox 338 2766 478 2828; x_wconf 87' lang='lat' dir='ltr'>ineunda.</span> <span class='ocrx_word' id='word_1_227' title='bbox 516 2765 617 2845; x_wconf 88' lang='lat' dir='ltr'>Usque</span> <span class='ocrx_word' id='word_1_228' title='bbox 636 2765 712 2826; x_wconf 88' lang='lat' dir='ltr'>adeo</span> <span class='ocrx_word' id='word_1_229' title='bbox 731 2783 789 2825; x_wconf 91' lang='lat' dir='ltr'>nou</span> <span class='ocrx_word' id='word_1_230' title='bbox 809 2773 858 2825; x_wconf 90' lang='lat' dir='ltr'>est</span> <span class='ocrx_word' id='word_1_231' title='bbox 880 2765 909 2826; x_wconf 92' lang='lat' dir='ltr'>iu</span> <span class='ocrx_word' id='word_1_232' title='bbox 928 2764 1056 2827; x_wconf 92' lang='lat' dir='ltr'>hominis</span> <span class='ocrx_word' id='word_1_233' title='bbox 1079 2772 1233 2844; x_wconf 87' lang='lat' dir='ltr'>potestate</span> <span class='ocrx_word' id='word_1_234' title='bbox 1256 2764 1321 2825; x_wconf 90' lang='lat' dir='ltr'>dies</span> <span class='ocrx_word' id='word_1_235' title='bbox 1345 2764 1457 2826; x_wconf 87' lang='lat' dir='ltr'>crasti-</span> 
     </span>
     <span class='ocr_line' id='line_1_27' title="bbox 114 2852 1456 2933; baseline -0.003 -16"><span class='ocrx_word' id='word_1_236' title='bbox 114 2872 171 2917; x_wconf 86' lang='lat' dir='ltr'>nus.</span> <span class='ocrx_word' id='word_1_237' title='bbox 214 2856 305 2917; x_wconf 86' lang='lat' dir='ltr'>Haec</span> <span class='ocrx_word' id='word_1_238' title='bbox 328 2856 368 2916; x_wconf 91' lang='lat' dir='ltr'>ad</span> <span class='ocrx_word' id='word_1_239' title='bbox 390 2862 437 2931; x_wconf 93' lang='lat' dir='ltr'>te,</span> <span class='ocrx_word' id='word_1_240' title='bbox 462 2855 645 2933; x_wconf 89' lang='lat' dir='ltr'>Praeceptor</span> <span class='ocrx_word' id='word_1_241' title='bbox 666 2853 847 2928; x_wconf 86' lang='lat' dir='ltr'>clarissime,</span> <span class='ocrx_word' id='word_1_242' title='bbox 871 2854 987 2933; x_wconf 87' lang='lat' dir='ltr'>meique</span> <span class='ocrx_word' id='word_1_243' title='bbox 1011 2853 1233 2927; x_wconf 90' lang='lat' dir='ltr'>amantissime,</span> <span class='ocrx_word' id='word_1_244' title='bbox 1258 2871 1324 2914; x_wconf 91' lang='lat' dir='ltr'>curn</span> <span class='ocrx_word' id='word_1_245' title='bbox 1347 2861 1381 2914; x_wconf 92' lang='lat' dir='ltr'>nt</span> <span class='ocrx_word' id='word_1_246' title='bbox 1402 2852 1456 2915; x_wconf 89' lang='lat' dir='ltr'>tibi</span> 
     </span>
     <span class='ocr_line' id='line_1_28' title="bbox 113 2939 1456 3022; baseline -0.001 -18"><span class='ocrx_word' id='word_1_247' title='bbox 113 2944 338 3008; x_wconf 78' lang='lat' dir='ltr'>mhicitudinem</span> <span class='ocrx_word' id='word_1_248' title='bbox 362 2944 489 3013; x_wconf 89' lang='lat' dir='ltr'>demam,</span> <span class='ocrx_word' id='word_1_249' title='bbox 512 2951 574 3005; x_wconf 89' lang='lat' dir='ltr'>tum</span> <span class='ocrx_word' id='word_1_250' title='bbox 598 2943 635 3004; x_wconf 93' lang='lat' dir='ltr'>ob</span> <span class='ocrx_word' id='word_1_251' title='bbox 659 2960 755 3004; x_wconf 91' lang='lat' dir='ltr'>meum</span> <span class='ocrx_word' id='word_1_252' title='bbox 779 2941 961 3022; x_wconf 88' lang='lat' dir='ltr'>opusculum.</span> <span class='ocrx_word' id='word_1_253' title='bbox 1000 2939 1144 3012; x_wconf 84' lang='lat' dir='ltr'>Quamvis</span> <span class='ocrx_word' id='word_1_254' title='bbox 1162 2960 1214 3003; x_wconf 92' lang='lat' dir='ltr'>cur</span> <span class='ocrx_word' id='word_1_255' title='bbox 1232 2960 1330 3003; x_wconf 91' lang='lat' dir='ltr'>meum</span> <span class='ocrx_word' id='word_1_256' title='bbox 1349 2942 1456 3015; x_wconf 89' lang='lat' dir='ltr'>dicam,</span> 
     </span>
     <span class='ocr_line' id='line_1_29' title="bbox 113 3027 1457 3111; baseline -0.003 -17"><span class='ocrx_word' id='word_1_257' title='bbox 113 3050 197 3095; x_wconf 84' lang='lat' dir='ltr'>cansa</span> <span class='ocrx_word' id='word_1_258' title='bbox 218 3035 405 3096; x_wconf 86' lang='lat' dir='ltr'>obscura&#39;et</span> <span class='ocrx_word' id='word_1_259' title='bbox 426 3033 525 3094; x_wconf 77' lang='lat' dir='ltr'>teums</span> <span class='ocrx_word' id='word_1_260' title='bbox 549 3039 606 3093; x_wconf 87' lang='lat' dir='ltr'>est.</span> <span class='ocrx_word' id='word_1_261' title='bbox 643 3032 692 3093; x_wconf 92' lang='lat' dir='ltr'>Illi</span> <span class='ocrx_word' id='word_1_262' title='bbox 715 3031 794 3092; x_wconf 91' lang='lat' dir='ltr'>enirn</span> <span class='ocrx_word' id='word_1_263' title='bbox 817 3048 873 3111; x_wconf 90' lang='lat' dir='ltr'>ego</span> <span class='ocrx_word' id='word_1_264' title='bbox 897 3028 1015 3092; x_wconf 84' lang='lat' dir='ltr'>Semele</span> <span class='ocrx_word' id='word_1_265' title='bbox 1039 3029 1088 3104; x_wconf 85' lang='lat' dir='ltr'>lui,</span> <span class='ocrx_word' id='word_1_266' title='bbox 1114 3037 1147 3091; x_wconf 91' lang='lat' dir='ltr'>tu</span> <span class='ocrx_word' id='word_1_267' title='bbox 1168 3027 1298 3108; x_wconf 89' lang='lat' dir='ltr'>Jupiter.</span> <span class='ocrx_word' id='word_1_268' title='bbox 1341 3031 1408 3092; x_wconf 86' lang='lat' dir='ltr'>Aut</span> <span class='ocrx_word' id='word_1_269' title='bbox 1430 3030 1457 3090; x_wconf 84' lang='lat' dir='ltr'>si</span> 
     </span>
     <span class='ocr_line' id='line_1_30' title="bbox 112 3118 1454 3200; baseline -0.003 -16"><span class='ocrx_word' id='word_1_270' title='bbox 112 3121 190 3184; x_wconf 87' lang='lat' dir='ltr'>malis</span> <span class='ocrx_word' id='word_1_271' title='bbox 212 3123 371 3185; x_wconf 84' lang='lat' dir='ltr'>Minervae</span> <span class='ocrx_word' id='word_1_272' title='bbox 391 3122 463 3184; x_wconf 92' lang='lat' dir='ltr'>illud</span> <span class='ocrx_word' id='word_1_273' title='bbox 482 3138 654 3200; x_wconf 89' lang='lat' dir='ltr'>comparare</span> <span class='ocrx_word' id='word_1_274' title='bbox 669 3138 755 3200; x_wconf 90' lang='lat' dir='ltr'>quam</span> <span class='ocrx_word' id='word_1_275' title='bbox 770 3119 898 3181; x_wconf 91' lang='lat' dir='ltr'>Libero:</span> <span class='ocrx_word' id='word_1_276' title='bbox 922 3118 1042 3200; x_wconf 89' lang='lat' dir='ltr'>Jupiter</span> <span class='ocrx_word' id='word_1_277' title='bbox 1055 3136 1111 3200; x_wconf 90' lang='lat' dir='ltr'>ego</span> <span class='ocrx_word' id='word_1_278' title='bbox 1126 3120 1224 3198; x_wconf 90' lang='lat' dir='ltr'>capite</span> <span class='ocrx_word' id='word_1_279' title='bbox 1239 3119 1312 3180; x_wconf 91' lang='lat' dir='ltr'>illud</span> <span class='ocrx_word' id='word_1_280' title='bbox 1326 3119 1454 3199; x_wconf 88' lang='lat' dir='ltr'>gestavi,</span> 
     </span>
     <span class='ocr_line' id='line_1_31' title="bbox 113 3207 1455 3289; baseline -0.002 -17"><span class='ocrx_word' id='word_1_281' title='bbox 113 3211 160 3272; x_wconf 86' lang='lat' dir='ltr'>sed</span> <span class='ocrx_word' id='word_1_282' title='bbox 180 3212 238 3273; x_wconf 90' lang='lat' dir='ltr'>nisi</span> <span class='ocrx_word' id='word_1_283' title='bbox 260 3222 296 3276; x_wconf 89' lang='lat' dir='ltr'>tn</span> <span class='ocrx_word' id='word_1_284' title='bbox 315 3210 471 3275; x_wconf 86' lang='lat' dir='ltr'>Vulcanus</span> <span class='ocrx_word' id='word_1_285' title='bbox 495 3227 561 3274; x_wconf 92' lang='lat' dir='ltr'>cum</span> <span class='ocrx_word' id='word_1_286' title='bbox 584 3208 704 3289; x_wconf 90' lang='lat' dir='ltr'>bipenni</span> <span class='ocrx_word' id='word_1_287' title='bbox 728 3207 837 3271; x_wconf 89' lang='lat' dir='ltr'>fuisses</span> <span class='ocrx_word' id='word_1_288' title='bbox 861 3208 1084 3283; x_wconf 88' lang='lat' dir='ltr'>obstetricatus,</span> <span class='ocrx_word' id='word_1_289' title='bbox 1109 3226 1257 3289; x_wconf 88' lang='lat' dir='ltr'>nunquam</span> <span class='ocrx_word' id='word_1_290' title='bbox 1280 3224 1337 3289; x_wconf 91' lang='lat' dir='ltr'>ego</span> <span class='ocrx_word' id='word_1_291' title='bbox 1359 3226 1455 3289; x_wconf 88' lang='lat' dir='ltr'>pepe·</span> 
     </span>
     <span class='ocr_line' id='line_1_32' title="bbox 113 3318 221 3365; baseline 0.009 -2"><span class='ocrx_word' id='word_1_292' title='bbox 113 3318 221 3365; x_wconf 80' lang='lat' dir='ltr'>necem.</span> 
     </span>
    </p>

    <p class='ocr_par' dir='ltr' id='par_1_6' title="bbox 111 3383 1527 4801">
     <span class='ocr_line' id='line_1_33' title="bbox 190 3383 1456 3469; baseline -0.003 -16"><span class='ocrx_word' id='word_1_293' title='bbox 190 3391 277 3454; x_wconf 89' lang='lat' dir='ltr'>Illius</span> <span class='ocrx_word' id='word_1_294' title='bbox 301 3389 393 3469; x_wconf 88' lang='lat' dir='ltr'>igitur</span> <span class='ocrx_word' id='word_1_295' title='bbox 415 3388 549 3469; x_wconf 89' lang='lat' dir='ltr'>opusculi</span> <span class='ocrx_word' id='word_1_296' title='bbox 573 3383 638 3450; x_wconf 83' lang='lat'>200</span> <span class='ocrx_word' id='word_1_297' title='bbox 657 3387 840 3469; x_wconf 88' lang='lat' dir='ltr'>exemplaria</span> <span class='ocrx_word' id='word_1_298' title='bbox 862 3404 961 3449; x_wconf 90' lang='lat' dir='ltr'>emere</span> <span class='ocrx_word' id='word_1_299' title='bbox 983 3393 1129 3466; x_wconf 88' lang='lat' dir='ltr'>gravatus</span> <span class='ocrx_word' id='word_1_300' title='bbox 1151 3405 1218 3448; x_wconf 90' lang='lat' dir='ltr'>sum</span> <span class='ocrx_word' id='word_1_301' title='bbox 1240 3385 1270 3448; x_wconf 93' lang='lat' dir='ltr'>iu</span> <span class='ocrx_word' id='word_1_302' title='bbox 1293 3384 1456 3466; x_wconf 88' lang='lat' dir='ltr'>superiori-</span> 
     </span>
     <span class='ocr_line' id='line_1_34' title="bbox 112 3475 1455 3559; baseline 0 -21"><span class='ocrx_word' id='word_1_303' title='bbox 112 3476 161 3539; x_wconf 84' lang='lat' dir='ltr'>bus</span> <span class='ocrx_word' id='word_1_304' title='bbox 182 3480 280 3543; x_wconf 79' lang='lat' dir='ltr'>literis</span> <span class='ocrx_word' id='word_1_305' title='bbox 311 3478 348 3540; x_wconf 91' lang='lat' dir='ltr'>ob</span> <span class='ocrx_word' id='word_1_306' title='bbox 377 3479 453 3541; x_wconf 86' lang='lat' dir='ltr'>duas</span> <span class='ocrx_word' id='word_1_307' title='bbox 480 3476 668 3559; x_wconf 90' lang='lat' dir='ltr'>potissimum</span> <span class='ocrx_word' id='word_1_308' title='bbox 699 3496 825 3551; x_wconf 89' lang='lat' dir='ltr'>causas,</span> <span class='ocrx_word' id='word_1_309' title='bbox 858 3475 985 3557; x_wconf 89' lang='lat' dir='ltr'>primum</span> <span class='ocrx_word' id='word_1_310' title='bbox 1013 3476 1084 3556; x_wconf 87' lang='lat' dir='ltr'>quia</span> <span class='ocrx_word' id='word_1_311' title='bbox 1110 3475 1280 3538; x_wconf 90' lang='lat' dir='ltr'>metuebam</span> <span class='ocrx_word' id='word_1_312' title='bbox 1309 3483 1455 3550; x_wconf 90' lang='lat' dir='ltr'>sumtum;</span> 
     </span>
     <span class='ocr_line' id='line_1_35' title="bbox 113 3564 1527 3649; baseline -0.001 -22"><span class='ocrx_word' id='word_1_313' title='bbox 113 3566 230 3644; x_wconf 87' lang='lat' dir='ltr'>deiude,</span> <span class='ocrx_word' id='word_1_314' title='bbox 264 3569 336 3649; x_wconf 89' lang='lat' dir='ltr'>quia</span> <span class='ocrx_word' id='word_1_315' title='bbox 364 3568 482 3630; x_wconf 91' lang='lat' dir='ltr'>omnino</span> <span class='ocrx_word' id='word_1_316' title='bbox 510 3565 582 3628; x_wconf 90' lang='lat' dir='ltr'>mihi</span> <span class='ocrx_word' id='word_1_317' title='bbox 613 3584 845 3646; x_wconf 83' lang='lat' dir='ltr'>proposueram,</span> <span class='ocrx_word' id='word_1_318' title='bbox 876 3566 942 3628; x_wconf 88' lang='lat' dir='ltr'>lata</span> <span class='ocrx_word' id='word_1_319' title='bbox 973 3582 1074 3626; x_wconf 89' lang='lat' dir='ltr'>coram</span> <span class='ocrx_word' id='word_1_320' title='bbox 1100 3564 1265 3627; x_wconf 88' lang='lat' dir='ltr'>ministerio</span> <span class='ocrx_word' id='word_1_321' title='bbox 1294 3566 1454 3639; x_wconf 89' lang='lat' dir='ltr'>sententia,</span> <span class='ocrx_word' id='word_1_322' title='bbox 1522 3573 1527 3585; x_wconf 84' lang='grc'><em>’</em></span> 
     </span>
     <span class='ocr_line' id='line_1_36' title="bbox 113 3652 1454 3734; baseline -0.003 -15"><span class='ocrx_word' id='word_1_323' title='bbox 113 3655 269 3721; x_wconf 83' lang='lat' dir='ltr'>discedere.</span> <span class='ocrx_word' id='word_1_324' title='bbox 315 3658 385 3721; x_wconf 88' lang='lat' dir='ltr'>Non</span> <span class='ocrx_word' id='word_1_325' title='bbox 408 3657 546 3719; x_wconf 88' lang='lat' dir='ltr'>videbam</span> <span class='ocrx_word' id='word_1_326' title='bbox 571 3663 684 3730; x_wconf 90' lang='lat' dir='ltr'>autem,</span> <span class='ocrx_word' id='word_1_327' title='bbox 716 3673 855 3734; x_wconf 91' lang='lat' dir='ltr'>quorsum</span> <span class='ocrx_word' id='word_1_328' title='bbox 881 3652 967 3724; x_wconf 87' lang='lat' dir='ltr'>mihi,</span> <span class='ocrx_word' id='word_1_329' title='bbox 998 3671 1056 3715; x_wconf 93' lang='lat' dir='ltr'>non</span> <span class='ocrx_word' id='word_1_330' title='bbox 1080 3654 1129 3715; x_wconf 91' lang='lat' dir='ltr'>diu</span> <span class='ocrx_word' id='word_1_331' title='bbox 1151 3653 1200 3716; x_wconf 91' lang='lat' dir='ltr'>hic</span> <span class='ocrx_word' id='word_1_332' title='bbox 1223 3661 1454 3726; x_wconf 91' lang='lat' dir='ltr'>commoraturo,</span> 
     </span>
     <span class='ocr_line' id='line_1_37' title="bbox 112 3743 1455 3824; baseline -0.001 -17"><span class='ocrx_word' id='word_1_333' title='bbox 112 3747 264 3823; x_wconf 84' lang='lat' dir='ltr'>prodesset</span> <span class='ocrx_word' id='word_1_334' title='bbox 298 3754 415 3809; x_wconf 88' lang='lat' dir='ltr'>tantum</span> <span class='ocrx_word' id='word_1_335' title='bbox 444 3764 518 3807; x_wconf 91' lang='lat' dir='ltr'>ouus</span> <span class='ocrx_word' id='word_1_336' title='bbox 548 3744 770 3824; x_wconf 89' lang='lat' dir='ltr'>exemplarium</span> <span class='ocrx_word' id='word_1_337' title='bbox 822 3743 892 3804; x_wconf 88' lang='lat' dir='ltr'>Jam</span> <span class='ocrx_word' id='word_1_338' title='bbox 920 3750 987 3804; x_wconf 85' lang='lat' dir='ltr'>rato</span> <span class='ocrx_word' id='word_1_339' title='bbox 1015 3761 1081 3805; x_wconf 91' lang='lat' dir='ltr'>meo</span> <span class='ocrx_word' id='word_1_340' title='bbox 1109 3743 1247 3823; x_wconf 87' lang='lat' dir='ltr'>conjugio</span> <span class='ocrx_word' id='word_1_341' title='bbox 1277 3743 1455 3806; x_wconf 86' lang='lat' dir='ltr'>manendum</span> 
     </span>
     <span class='ocr_line' id='line_1_38' title="bbox 112 3831 1456 3916; baseline -0.001 -22"><span class='ocrx_word' id='word_1_342' title='bbox 112 3835 178 3897; x_wconf 87' lang='lat' dir='ltr'>milri</span> <span class='ocrx_word' id='word_1_343' title='bbox 199 3846 267 3900; x_wconf 88' lang='lat' dir='ltr'>est:</span> <span class='ocrx_word' id='word_1_344' title='bbox 292 3846 323 3899; x_wconf 90' lang='lat' dir='ltr'>et</span> <span class='ocrx_word' id='word_1_345' title='bbox 340 3836 470 3916; x_wconf 89' lang='lat' dir='ltr'>pretium</span> <span class='ocrx_word' id='word_1_346' title='bbox 488 3833 655 3897; x_wconf 85' lang='lat' dir='ltr'>tolerabile</span> <span class='ocrx_word' id='word_1_347' title='bbox 688 3833 756 3896; x_wconf 88' lang='lat' dir='ltr'>Non</span> <span class='ocrx_word' id='word_1_348' title='bbox 779 3850 878 3912; x_wconf 91' lang='lat' dir='ltr'>pugno</span> <span class='ocrx_word' id='word_1_349' title='bbox 900 3831 993 3910; x_wconf 87' lang='lat' dir='ltr'>igitur</span> <span class='ocrx_word' id='word_1_350' title='bbox 1014 3831 1150 3910; x_wconf 89' lang='lat' dir='ltr'>amplius,</span> <span class='ocrx_word' id='word_1_351' title='bbox 1174 3831 1254 3913; x_wconf 87' lang='lat' dir='ltr'>quin,</span> <span class='ocrx_word' id='word_1_352' title='bbox 1277 3832 1304 3894; x_wconf 94' lang='lat' dir='ltr'>si</span> <span class='ocrx_word' id='word_1_353' title='bbox 1327 3833 1456 3894; x_wconf 91' lang='lat' dir='ltr'>noudum</span> 
     </span>
     <span class='ocr_line' id='line_1_39' title="bbox 112 3917 1453 4023; baseline -0.002 -38"><span class='ocrx_word' id='word_1_354' title='bbox 112 3940 172 3987; x_wconf 88' lang='lat' dir='ltr'>cum</span> <span class='ocrx_word' id='word_1_355' title='bbox 199 3926 387 4007; x_wconf 81' lang='lat' dir='ltr'>typographo</span> <span class='ocrx_word' id='word_1_356' title='bbox 415 3923 577 4004; x_wconf 89' lang='lat' dir='ltr'>pepigisti,</span> <span class='ocrx_word' id='word_1_357' title='bbox 607 3923 672 4003; x_wconf 88' lang='lat' dir='ltr'>jam</span> <span class='ocrx_word' id='word_1_358' title='bbox 705 3940 793 4001; x_wconf 89' lang='lat' dir='ltr'>porro</span> <span class='ocrx_word' id='word_1_359' title='bbox 824 3920 878 3982; x_wconf 90' lang='lat' dir='ltr'>illa</span> <span class='ocrx_word' id='word_1_360' title='bbox 907 3917 972 3983; x_wconf 80' lang='lat'>200</span> <span class='ocrx_word' id='word_1_361' title='bbox 999 3920 1182 4023; x_wconf 85' lang='lat' dir='ltr'>exemplaria</span> <span class='ocrx_word' id='word_1_362' title='bbox 1211 3920 1283 3983; x_wconf 90' lang='lat' dir='ltr'>mihi</span> <span class='ocrx_word' id='word_1_363' title='bbox 1310 3920 1453 3984; x_wconf 89' lang='lat' dir='ltr'>vindices.</span> 
     </span>
     <span class='ocr_line' id='line_1_40' title="bbox 113 4000 1453 4095; baseline -0.002 -20"><span class='ocrx_word' id='word_1_364' title='bbox 113 4011 324 4095; x_wconf 86' lang='lat' dir='ltr'>Typographus</span> <span class='ocrx_word' id='word_1_365' title='bbox 346 4032 472 4095; x_wconf 88' lang='lat' dir='ltr'>parvam</span> <span class='ocrx_word' id='word_1_366' title='bbox 490 4030 604 4074; x_wconf 89' lang='lat' dir='ltr'>moram</span> <span class='ocrx_word' id='word_1_367' title='bbox 618 4030 713 4092; x_wconf 89' lang='lat' dir='ltr'>aequo</span> <span class='ocrx_word' id='word_1_368' title='bbox 728 4011 826 4072; x_wconf 91' lang='lat' dir='ltr'>animo</span> <span class='ocrx_word' id='word_1_369' title='bbox 841 4010 931 4071; x_wconf 83' lang='lat' dir='ltr'>ierat</span> <span class='ocrx_word' id='word_1_370' title='bbox 962 4008 1069 4071; x_wconf 87' lang='lat' dir='ltr'>Mihi</span> <span class='ocrx_word' id='word_1_371' title='bbox 1061 4029 1092 4070; x_wconf 88' lang='lat' dir='ltr'>rn</span> <span class='ocrx_word' id='word_1_372' title='bbox 1111 4016 1197 4071; x_wconf 90' lang='lat' dir='ltr'>tanto</span> <span class='ocrx_word' id='word_1_373' title='bbox 1220 4009 1336 4072; x_wconf 88' lang='lat' dir='ltr'>itineris</span> <span class='ocrx_word' id='word_1_374' title='bbox 1359 4000 1453 4072; x_wconf 79' lang='lat' dir='ltr'>inter-</span> 
     </span>
     <span class='ocr_line' id='line_1_41' title="bbox 111 4096 1454 4179; baseline -0.004 -14"><span class='ocrx_word' id='word_1_375' title='bbox 111 4102 202 4177; x_wconf 78' lang='lat' dir='ltr'>vallo,</span> <span class='ocrx_word' id='word_1_376' title='bbox 223 4111 323 4166; x_wconf 88' lang='lat' dir='ltr'>tanta</span> <span class='ocrx_word' id='word_1_377' title='bbox 348 4110 487 4166; x_wconf 89' lang='lat' dir='ltr'>monetae</span> <span class='ocrx_word' id='word_1_378' title='bbox 510 4101 659 4162; x_wconf 89' lang='lat' dir='ltr'>varietate</span> <span class='ocrx_word' id='word_1_379' title='bbox 682 4099 965 4178; x_wconf 87' lang='lat' dir='ltr'>tabellariorumque</span> <span class='ocrx_word' id='word_1_380' title='bbox 988 4096 1113 4177; x_wconf 86' lang='lat' dir='ltr'>perfidia</span> <span class='ocrx_word' id='word_1_381' title='bbox 1135 4117 1194 4160; x_wconf 91' lang='lat' dir='ltr'>non</span> <span class='ocrx_word' id='word_1_382' title='bbox 1217 4099 1262 4160; x_wconf 90' lang='lat' dir='ltr'>ita</span> <span class='ocrx_word' id='word_1_383' title='bbox 1283 4099 1454 4179; x_wconf 85' lang='lat' dir='ltr'>expeditum</span> 
     </span>
     <span class='ocr_line' id='line_1_42' title="bbox 112 4185 1453 4272; baseline -0.001 -22"><span class='ocrx_word' id='word_1_384' title='bbox 112 4198 164 4267; x_wconf 89' lang='lat' dir='ltr'>est,</span> <span class='ocrx_word' id='word_1_385' title='bbox 186 4193 344 4272; x_wconf 87' lang='lat' dir='ltr'>pecuniam</span> <span class='ocrx_word' id='word_1_386' title='bbox 366 4210 531 4255; x_wconf 88' lang='lat' dir='ltr'>numerare.</span> <span class='ocrx_word' id='word_1_387' title='bbox 576 4189 686 4267; x_wconf 81' lang='lat' dir='ltr'>Tribus</span> <span class='ocrx_word' id='word_1_388' title='bbox 709 4196 811 4250; x_wconf 92' lang='lat' dir='ltr'>autem</span> <span class='ocrx_word' id='word_1_389' title='bbox 841 4187 969 4249; x_wconf 90' lang='lat' dir='ltr'>diversis</span> <span class='ocrx_word' id='word_1_390' title='bbox 992 4185 1100 4249; x_wconf 82' lang='lat' dir='ltr'>Suavis</span> <span class='ocrx_word' id='word_1_391' title='bbox 1124 4187 1249 4249; x_wconf 89' lang='lat' dir='ltr'>eandem</span> <span class='ocrx_word' id='word_1_392' title='bbox 1271 4206 1347 4267; x_wconf 90' lang='lat' dir='ltr'>pene</span> <span class='ocrx_word' id='word_1_393' title='bbox 1370 4207 1453 4249; x_wconf 91' lang='lat' dir='ltr'>sum-</span> 
     </span>
     <span class='ocr_line' id='line_1_43' title="bbox 113 4275 1453 4357; baseline -0.004 -15"><span class='ocrx_word' id='word_1_394' title='bbox 113 4296 184 4342; x_wconf 81' lang='lat' dir='ltr'>mam</span> <span class='ocrx_word' id='word_1_395' title='bbox 206 4279 250 4346; x_wconf 82' lang='lat'>33</span> <span class='ocrx_word' id='word_1_396' title='bbox 272 4283 449 4344; x_wconf 86' lang='lat' dir='ltr'>florenorum</span> <span class='ocrx_word' id='word_1_397' title='bbox 471 4279 519 4341; x_wconf 91' lang='lat' dir='ltr'>hic</span> <span class='ocrx_word' id='word_1_398' title='bbox 544 4277 663 4340; x_wconf 89' lang='lat' dir='ltr'>Graetii</span> <span class='ocrx_word' id='word_1_399' title='bbox 681 4278 748 4357; x_wconf 88' lang='lat' dir='ltr'>jam</span> <span class='ocrx_word' id='word_1_400' title='bbox 771 4275 937 4349; x_wconf 90' lang='lat' dir='ltr'>numeravi,</span> <span class='ocrx_word' id='word_1_401' title='bbox 963 4295 1052 4356; x_wconf 91' lang='lat' dir='ltr'>quam</span> <span class='ocrx_word' id='word_1_402' title='bbox 1074 4275 1119 4337; x_wconf 88' lang='lat' dir='ltr'>illi</span> <span class='ocrx_word' id='word_1_403' title='bbox 1141 4294 1196 4356; x_wconf 89' lang='lat' dir='ltr'>per</span> <span class='ocrx_word' id='word_1_404' title='bbox 1219 4295 1287 4338; x_wconf 89' lang='lat' dir='ltr'>suos</span> <span class='ocrx_word' id='word_1_405' title='bbox 1311 4286 1453 4356; x_wconf 89' lang='lat' dir='ltr'>parentes</span> 
     </span>
     <span class='ocr_line' id='line_1_44' title="bbox 115 4362 1452 4456; baseline -0.004 -24"><span class='ocrx_word' id='word_1_406' title='bbox 115 4365 358 4456; x_wconf 83' lang='lat' dir='ltr'>Gruppenbachio</span> <span class='ocrx_word' id='word_1_407' title='bbox 388 4377 543 4432; x_wconf 89' lang='lat' dir='ltr'>numerent</span> <span class='ocrx_word' id='word_1_408' title='bbox 570 4368 651 4430; x_wconf 87' lang='lat' dir='ltr'>intra</span> <span class='ocrx_word' id='word_1_409' title='bbox 677 4367 827 4429; x_wconf 89' lang='lat' dir='ltr'>trimestre</span> <span class='ocrx_word' id='word_1_410' title='bbox 857 4373 985 4446; x_wconf 89' lang='lat' dir='ltr'>tempus.</span> <span class='ocrx_word' id='word_1_411' title='bbox 1035 4362 1128 4427; x_wconf 87' lang='grc'>100.</span> <span class='ocrx_word' id='word_1_412' title='bbox 1152 4364 1308 4427; x_wconf 85' lang='lat' dir='ltr'>Hervarto</span> <span class='ocrx_word' id='word_1_413' title='bbox 1331 4364 1452 4428; x_wconf 86' lang='lat' dir='ltr'>Esslin-</span> 
     </span>
     <span class='ocr_line' id='line_1_45' title="bbox 113 4452 1452 4542; baseline -0.001 -23"><span class='ocrx_word' id='word_1_414' title='bbox 113 4460 201 4536; x_wconf 86' lang='lat' dir='ltr'>gensi,</span> <span class='ocrx_word' id='word_1_415' title='bbox 224 4456 335 4542; x_wconf 62' lang='lat' dir='ltr'>8¹1,st</span> <span class='ocrx_word' id='word_1_416' title='bbox 359 4460 453 4522; x_wconf 89' lang='lat' dir='ltr'>Lucio</span> <span class='ocrx_word' id='word_1_417' title='bbox 467 4456 698 4537; x_wconf 88' lang='lat' dir='ltr'>Waiblingensi‚</span> <span class='ocrx_word' id='word_1_418' title='bbox 725 4452 765 4518; x_wconf 82' lang='lat'>12</span> <span class='ocrx_word' id='word_1_419' title='bbox 789 4455 820 4517; x_wconf 87' lang='grc'>0.</span> <span class='ocrx_word' id='word_1_420' title='bbox 844 4455 956 4517; x_wconf 90' lang='lat' dir='ltr'>Murrio</span> <span class='ocrx_word' id='word_1_421' title='bbox 978 4453 1181 4533; x_wconf 87' lang='lat' dir='ltr'>Marpacensi.</span> <span class='ocrx_word' id='word_1_422' title='bbox 1213 4454 1255 4515; x_wconf 83' lang='lat' dir='ltr'>Et</span> <span class='ocrx_word' id='word_1_423' title='bbox 1278 4454 1313 4516; x_wconf 88' lang='lat' dir='ltr'>de</span> <span class='ocrx_word' id='word_1_424' title='bbox 1339 4454 1452 4517; x_wconf 90' lang='lat' dir='ltr'>duobus</span> 
     </span>
     <span class='ocr_line' id='line_1_46' title="bbox 114 4542 1452 4631; baseline -0.001 -23"><span class='ocrx_word' id='word_1_425' title='bbox 114 4546 217 4612; x_wconf 86' lang='lat' dir='ltr'>ultimis</span> <span class='ocrx_word' id='word_1_426' title='bbox 235 4551 298 4631; x_wconf 90' lang='lat' dir='ltr'>jam</span> <span class='ocrx_word' id='word_1_427' title='bbox 321 4556 422 4612; x_wconf 90' lang='lat' dir='ltr'>certus</span> <span class='ocrx_word' id='word_1_428' title='bbox 445 4566 525 4619; x_wconf 89' lang='lat' dir='ltr'>sum,</span> <span class='ocrx_word' id='word_1_429' title='bbox 555 4546 592 4608; x_wconf 89' lang='lat' dir='ltr'>de</span> <span class='ocrx_word' id='word_1_430' title='bbox 615 4546 710 4626; x_wconf 91' lang='lat' dir='ltr'>primo</span> <span class='ocrx_word' id='word_1_431' title='bbox 733 4552 766 4607; x_wconf 95' lang='lat' dir='ltr'>ut</span> <span class='ocrx_word' id='word_1_432' title='bbox 788 4544 851 4606; x_wconf 85' lang='lat' dir='ltr'>viro</span> <span class='ocrx_word' id='word_1_433' title='bbox 875 4543 1023 4623; x_wconf 88' lang='lat' dir='ltr'>locuplete</span> <span class='ocrx_word' id='word_1_434' title='bbox 1047 4542 1122 4604; x_wconf 90' lang='lat' dir='ltr'>bene</span> <span class='ocrx_word' id='word_1_435' title='bbox 1145 4560 1243 4623; x_wconf 89' lang='lat' dir='ltr'>spero.</span> <span class='ocrx_word' id='word_1_436' title='bbox 1290 4542 1353 4606; x_wconf 91' lang='lat' dir='ltr'>Sed</span> <span class='ocrx_word' id='word_1_437' title='bbox 1376 4544 1452 4606; x_wconf 91' lang='lat' dir='ltr'>hanc</span> 
     </span>
     <span class='ocr_line' id='line_1_47' title="bbox 113 4631 1451 4717; baseline -0.005 -17"><span class='ocrx_word' id='word_1_438' title='bbox 113 4632 276 4702; x_wconf 81' lang='lat' dir='ltr'>intricatam</span> <span class='ocrx_word' id='word_1_439' title='bbox 300 4637 458 4701; x_wconf 88' lang='lat' dir='ltr'>solutionis</span> <span class='ocrx_word' id='word_1_440' title='bbox 481 4637 562 4698; x_wconf 92' lang='lat' dir='ltr'>viam</span> <span class='ocrx_word' id='word_1_441' title='bbox 579 4632 783 4717; x_wconf 83' lang='lat' dir='ltr'>typographus</span> <span class='ocrx_word' id='word_1_442' title='bbox 802 4633 904 4713; x_wconf 89' lang='lat' dir='ltr'>procul</span> <span class='ocrx_word' id='word_1_443' title='bbox 925 4631 1014 4694; x_wconf 90' lang='lat' dir='ltr'>dubio</span> <span class='ocrx_word' id='word_1_444' title='bbox 1035 4632 1223 4694; x_wconf 88' lang='lat' dir='ltr'>aversabitur</span> <span class='ocrx_word' id='word_1_445' title='bbox 1244 4639 1279 4693; x_wconf 91' lang='lat' dir='ltr'>ut</span> <span class='ocrx_word' id='word_1_446' title='bbox 1296 4633 1451 4695; x_wconf 86' lang='lat' dir='ltr'>incertam.</span> 
     </span>
     <span class='ocr_line' id='line_1_48' title="bbox 115 4720 1453 4801; baseline -0.009 -7"><span class='ocrx_word' id='word_1_447' title='bbox 115 4720 208 4794; x_wconf 76' lang='lat' dir='ltr'>Quare</span> <span class='ocrx_word' id='word_1_448' title='bbox 230 4728 305 4791; x_wconf 91' lang='lat' dir='ltr'>nihil</span> <span class='ocrx_word' id='word_1_449' title='bbox 326 4727 372 4789; x_wconf 91' lang='lat' dir='ltr'>illi</span> <span class='ocrx_word' id='word_1_450' title='bbox 395 4727 432 4788; x_wconf 90' lang='lat' dir='ltr'>de</span> <span class='ocrx_word' id='word_1_451' title='bbox 461 4727 549 4791; x_wconf 88' lang='lat' dir='ltr'>modo</span> <span class='ocrx_word' id='word_1_452' title='bbox 578 4725 680 4795; x_wconf 89' lang='lat' dir='ltr'>dicas,</span> <span class='ocrx_word' id='word_1_453' title='bbox 710 4730 846 4797; x_wconf 91' lang='lat' dir='ltr'>tantum,</span> <span class='ocrx_word' id='word_1_454' title='bbox 876 4721 1094 4801; x_wconf 87' lang='lat' dir='ltr'>persoluturum</span> <span class='ocrx_word' id='word_1_455' title='bbox 1121 4738 1168 4783; x_wconf 89' lang='lat' dir='ltr'>me</span> <span class='ocrx_word' id='word_1_456' title='bbox 1197 4720 1347 4784; x_wconf 88' lang='lat' dir='ltr'>hominem</span> <span class='ocrx_word' id='word_1_457' title='bbox 1374 4722 1453 4783; x_wconf 89' lang='lat' dir='ltr'>intra</span> 
     </span>
    </p>
   </div>
   <div class='ocr_carea' id='block_1_6' title="bbox 115 4807 1450 4986">
    <p class='ocr_par' dir='ltr' id='par_1_7' title="bbox 115 4807 1450 4986">
     <span class='ocr_line' id='line_1_49' title="bbox 115 4807 1450 4898; baseline -0.001 -25"><span class='ocrx_word' id='word_1_458' title='bbox 115 4809 266 4881; x_wconf 72' lang='lat' dir='ltr'>lmenses</span> <span class='ocrx_word' id='word_1_459' title='bbox 289 4817 328 4878; x_wconf 89' lang='lat' dir='ltr'>ab</span> <span class='ocrx_word' id='word_1_460' title='bbox 352 4835 404 4888; x_wconf 91' lang='lat' dir='ltr'>eo,</span> <span class='ocrx_word' id='word_1_461' title='bbox 434 4834 491 4898; x_wconf 90' lang='lat' dir='ltr'>quo</span> <span class='ocrx_word' id='word_1_462' title='bbox 515 4813 699 4895; x_wconf 88' lang='lat' dir='ltr'>exemplaria</span> <span class='ocrx_word' id='word_1_463' title='bbox 721 4829 873 4891; x_wconf 88' lang='lat' dir='ltr'>accepero.</span> <span class='ocrx_word' id='word_1_464' title='bbox 921 4807 1136 4890; x_wconf 89' lang='lat' dir='ltr'>Opusculum</span> <span class='ocrx_word' id='word_1_465' title='bbox 1127 4827 1225 4890; x_wconf 81' lang='lat' dir='ltr'>ipsum</span> <span class='ocrx_word' id='word_1_466' title='bbox 1247 4810 1319 4872; x_wconf 92' lang='lat' dir='ltr'>mihi</span> <span class='ocrx_word' id='word_1_467' title='bbox 1341 4812 1450 4892; x_wconf 75' lang='lat' dir='ltr'>placet,</span> 
     </span>
     <span class='ocr_line' id='line_1_50' title="bbox 115 4897 1269 4986; baseline -0.003 -22"><span class='ocrx_word' id='word_1_468' title='bbox 115 4911 143 4964; x_wconf 90' lang='lat' dir='ltr'>et</span> <span class='ocrx_word' id='word_1_469' title='bbox 163 4908 277 4969; x_wconf 91' lang='lat' dir='ltr'>omnino</span> <span class='ocrx_word' id='word_1_470' title='bbox 301 4905 475 4986; x_wconf 91' lang='lat' dir='ltr'>gratissima</span> <span class='ocrx_word' id='word_1_471' title='bbox 497 4916 545 4966; x_wconf 91' lang='lat' dir='ltr'>est</span> <span class='ocrx_word' id='word_1_472' title='bbox 567 4904 620 4967; x_wconf 91' lang='lat' dir='ltr'>illa</span> <span class='ocrx_word' id='word_1_473' title='bbox 643 4910 697 4965; x_wconf 91' lang='lat' dir='ltr'>tua</span> <span class='ocrx_word' id='word_1_474' title='bbox 719 4898 873 4963; x_wconf 88' lang='lat' dir='ltr'>annotatio</span> <span class='ocrx_word' id='word_1_475' title='bbox 897 4898 933 4960; x_wconf 91' lang='lat' dir='ltr'>de</span> <span class='ocrx_word' id='word_1_476' title='bbox 956 4898 1134 4962; x_wconf 85' lang='lat' dir='ltr'>Aristarcho</span> <span class='ocrx_word' id='word_1_477' title='bbox 1158 4897 1269 4962; x_wconf 86' lang='lat' dir='ltr'>Samio.</span> 
     </span>
    </p>
   </div>
   <div class='ocr_carea' id='block_1_7' title="bbox 0 0 1898 5808">
    <p class='ocr_par' dir='ltr' id='par_1_8' title="bbox 0 0 1898 5808">
     <span class='ocr_line' id='line_1_51' title="bbox 0 0 1898 5808; baseline 0 3"><span class='ocrx_word' id='word_1_478' title='bbox 0 0 1898 5808; x_wconf 95' lang='lat' dir='ltr'> </span> 
     </span>
    </p>
   </div>
  </div>
 </body>
</html>
