3814 5818
837 340 865 389 In
884 338 957 401 Apol.
975 335 1052 399 Tyeh·
1073 339 1160 385 tenire
1178 331 1271 381 Ursum

658 502 751 564 Qualia
769 513 816 563 ego
833 496 919 547 iuielix
935 510 980 560 pro
997 508 1099 544 mouere
1116 505 1222 542 munera
1238 482 1359 539 reddaml

730 573 798 621 Dum
816 571 848 618 sit
866 581 1019 617 nummorum
1038 567 1111 629 copia
1127 563 1197 612 nulla
1213 561 1280 610 mihi.

659 645 702 694 itii
721 643 788 693 aliud
806 655 862 690 tum
881 641 914 687 sit
930 639 990 686 mihi
1007 640 1059 699 jam
1077 651 1120 700 pro
1139 648 1240 683 munere
1258 645 1355 687 munus.

729 706 834 763 Munere
851 726 894 774 pro
912 716 984 757 tanto
1002 722 1090 756 munus
1108 705 1211 755 habebis
1229 704 1304 752 idem.
1404 764 1409 769 Κ

658 786 764 836 Nescius
784 782 892 846 aeoipies
910 786 957 829 tua
973 792 1077 828 munere
1095 775 1157 837 (sint
1174 775 1234 824 lieet
1253 768 1357 836 ampla).

730 854 836 905 Nereius
855 851 962 914 accipies
981 864 1021 898 me
1038 849 1096 898 hine
1116 847 1223 897 abeunte
1242 849 1295 893 tua.

662 927 718 977 Non
737 941 783 990 ego
802 924 911 973 deieotor
928 921 1043 984 perituris
1061 920 1099 967 his
1118 919 1168 967 eito
1186 916 1301 973 nummis.

733 997 832 1046 Artibus
850 993 964 1056 ingenuis
983 991 1080 1055 gaudeo
1099 989 1187 1038 adesse
1205 987 1293 1050 magis.

659 1067 726 1119 Nem
744 1067 823 1116 brevis
842 1070 917 1126 etque
936 1065 984 1111 oito
1002 1062 1096 1110 nummi
1114 1060 1223 1122 peritura
1241 1056 1361 1118 voluptas.

732 1138 804 1197 Quae
822 1135 890 1184 venit
909 1148 939 1182 ex
957 1132 1043 1181 studiis
1061 1146 1110 1180 non
1128 1131 1239 1193 peritura
1256 1128 1331 1176 veuit.

661 1210 706 1258 Vis
724 1214 852 1273 praestare
870 1204 929 1252 mihi
948 1203 1090 1268 gratissima
1107 1213 1218 1253 munera.
1237 1211 1325 1246 munus

731 1279 819 1342 Adque
837 1289 906 1325 moes
924 1275 1012 1323 redeat
1029 1273 1160 1337 perditum,
1179 1271 1267 1325 amice,
1285 1280 1381 1317 manus.

662 1351 750 1400 Gratia
769 1354 842 1412 grata
859 1346 920 1394 mihi
938 1346 1019 1399 luerit,
1039 1343 1180 1407 gratissima
1198 1340 1303 1395 eunetis,

732 1420 809 1469 Nulia
826 1418 910 1466 lutura
926 1415 985 1464 mihi
1004 1415 1087 1477 grstia
1105 1418 1180 1476 grata
1196 1411 1284 1473 magis,

662 1491 689 1540 Si
708 1491 805 1540 dederis
823 1494 923 1537 eentum
941 1500 1095 1533 nummorum
1112 1483 1191 1531 miliia
1207 1480 1282 1539 mille,

733 1563 852 1610 Attamen
870 1559 971 1621 ingrata
989 1560 1027 1604 est
1045 1556 1128 1619 gretie
1145 1558 1220 1603 tanta
1235 1550 1303 1599 mihi.

660 1633 729 1682 iilius
748 1637 859 1693 aspectu.
878 1629 919 1676 rix
936 1632 1036 1690 gratum
1055 1625 1157 1674 reddere
1177 1624 1293 1677 amioum.

733 1703 835 1751 Perdita
852 1699 893 1748 leo
911 1698 1023 1751 redeant.
1042 1703 1128 1760 pratus
1147 1695 1241 1743 amious
1258 1706 1308 1741 ero.

663 1775 689 1823 Si
708 1774 767 1837 quid
784 1771 878 1821 babent
896 1771 958 1818 eerti
975 1767 1140 1831 pulcherrima
1156 1765 1252 1813 lumina
1269 1761 1331 1813 coeli

733 1843 833 1897 Judioii,
851 1839 974 1888 ooeuitum
993 1839 1032 1887 (lio
1050 1837 1110 1886 mihi
1128 1835 1212 1897 Tyoho
1231 1834 1320 1883 iocum.

662 1912 721 1969 Dlo.
740 1914 782 1962 ubi
800 1913 922 1974 deponam
940 1915 986 1958 tua
1003 1920 1107 1971 mpnera
1124 1905 1219 1955 estiis
1235 1905 1314 1960 uobis,

734 1984 781 2032 Die
800 1988 827 2032 et
846 1982 893 2029 erls
911 1980 998 2028 m'erito
1017 1992 1130 2043 magnus,
1143 1976 1229 2039 Apollo
1247 1975 1315 2025 milti

665 2054 710 2104 Sin
729 2055 810 2111 aliter,
828 2052 913 2100 iubito
931 2049 1056 2099 titubante
1074 2055 1167 2106 mente,
1182 2060 1233 2095 neo
1250 2057 1360 2111 unquam

736 2124 835 2174 Artibus
852 2122 905 2170 ulia
921 2122 970 2169 tuis
989 2119 1148 2170 attribuenda
1164 2118 1234 2167 fides.

664 2195 736 2246 Haeo
754 2194 802 2243 luo
820 2194 841 2242 si
859 2192 964 2248 eiiieies,
981 2198 1028 2241 tus
1044 2197 1153 2253 tonoque
1170 2190 1286 2252 perennis
1302 2189 1329 2237 in
1347 2188 1405 2237 orba

737 2266 819 2329 Atque
837 2266 884 2313 erlt
901 2263 1012 2313 Uraniae
1030 2261 1140 2311 marimo
1157 2258 1242 2309 denda
1258 2259 1328 2308 lidos.

1142 2345 1226 2413 φιλος
1244 2341 1335 2416 ἕτερος
1352 2339 1407 2412 ἔγω
1425 2342 1457 2395 ii.
1476 2342 1508 2394 R.
1526 2340 1622 2397 Ursus
1639 2356 1703 2410 mpp.

451 2462 539 2512 ilirius
556 2462 594 2511 liis
611 2461 720 2511 rereibsu
739 2459 922 2509 eonsentientes
941 2456 1012 2507 attis
1023 2455 1101 2505 Ursus
1117 2454 1199 2505 libello
1217 2469 1262 2503 eoo
1276 2453 1332 2512 „De
1345 2453 1521 2503 Astramitis
1531 2451 1741 2515 Hyperionios*

385 2533 536 2596 Tyetonen,
556 2535 600 2590 ait,
619 2548 668 2582 non
687 2545 785 2579 omnem
802 2529 928 2593 possidere
946 2528 1095 2591 sapientiam
1113 2527 1139 2575 ia
1158 2524 1278 2575 cerebello
1294 2538 1340 2573 suo
1358 2522 1468 2578 Dauioe.
1492 2536 1573 2586 neque
1590 2522 1659 2572 illem
1676 2522 1740 2572 intu-

386 2618 442 2655 σιω
459 2618 514 2653 esse
531 2618 575 2666 per
591 2604 647 2653 lete
665 2602 788 2652 foramina
808 2612 883 2650 ursus
902 2598 1026 2662 Tychonie
1046 2598 1154 2661 praecisi
1172 2593 1296 2656 (oonstst,
1322 2593 1433 2656 Tyobori
1449 2608 1526 2659 quum
1543 2593 1642 2658 lipsiae
1666 2593 1741 2659 lege.

383 2676 429 2725 bat
456 2681 576 2727 noeturno
598 2681 710 2736 tempore
738 2673 867 2721 commisso
892 2672 1027 2723 creamine
1045 2668 1164 2733 singulari
1182 2680 1271 2717 nasum
1283 2666 1375 2718 «luisse
1396 2660 1563 2729 praeoirumle
1589 2665 1746 2729 problemata

384 2760 443 2811 qo
459 2746 525 2797 liaeo
542 2747 612 2795 iliu·
627 2746 722 2794 solvere
740 2758 790 2792 non
808 2756 892 2806 posse:
1556 2782 1562 2791 ,

668 2829 696 2893 i)
715 2830 785 2882 zoile
804 2832 825 2880 si
842 2830 941 2893 poteris,
960 2834 989 2876 tu
1006 2838 1119 2892 quaeque
1137 2824 1264 2889 triangula
1282 2824 1362 2874 soirns

755 2902 852 2966 Perque
870 2901 938 2949 sinus
957 2899 1021 2947 solos
1040 2899 1132 2961 absque
1151 2902 1269 2959 operante
1287 2908 1372 2945 mauu.

715 2973 751 3023 Ut
769 2974 854 3022 divisio
872 2985 920 3021 neo
939 2984 1018 3033 neque
1035 2967 1209 3030 multiplicatio
1225 2966 1279 3022 tat,

750 3043 795 3113 'Sit
813 3057 958 3107 quoeunque
976 3041 1030 3090 loeo
1048 3040 1170 3091 maximus
1186 3040 1240 3101 ipse
1258 3038 1334 3088 sinus.

669 3113 698 3174 2)
717 3115 787 3164 Zoile
804 3116 826 3162 si
843 3115 935 3177 poteris
952 3114 1018 3160 notis
1035 3111 1159 3159 sinibuere
1177 3109 1271 3158 duobus

757 3186 804 3234 Per
822 3185 925 3233 divisum
943 3196 1027 3230 ornnes
1045 3183 1156 3230 invenias
1174 3179 1287 3245 reliquos.

670 3252 698 3315 b)
715 3254 782 3304 Noto
800 3268 880 3303 unove
897 3255 955 3303 sinn
970 3267 1015 3315 per
1032 3253 1132 3315 singula
1149 3251 1265 3314 scrupula
1282 3256 1393 3303 curtios.

756 3324 869 3373 Proxime
888 3331 914 3372 et
931 3325 1041 3372 invenies
1059 3330 1112 3372 arte
1130 3325 1197 3372 sinus
1216 3323 1284 3372 aiios.

671 3392 699 3455 4)
720 3395 789 3443 Zoilo
808 3395 828 3442 si
846 3396 938 3456 poteris
956 3400 1076 3457 quantum
1094 3394 1260 3457 perpendiculi
1280 3393 1359 3442 omnis

758 3465 880 3528 Triquetri
896 3466 1009 3514 invenias
1027 3480 1072 3528 per
1089 3477 1258 3528 canonemque
1275 3466 1357 3513 trium

672 3532 700 3595 5)
720 3535 768 3585 Dio
784 3535 827 3584 ubi
845 3536 871 3584 in
891 3536 947 3591 orbe
966 3536 1034 3584 loeus
1052 3536 1156 3600 repedat
1173 3550 1221 3600 quo
1241 3536 1347 3598 eorporis
1364 3534 1451 3585 umbra

763 3605 820 3666 Qua
838 3606 876 3655 rel
895 3609 920 3656 in
938 3608 1022 3670 quouis
1040 3606 1086 3657 liat
1103 3607 1129 3656 ld
1148 3612 1202 3656 arte
1219 3604 1293 3655 looel

461 3709 616 3772 (Secundum
634 3708 851 3769 Deiembrum‚
871 3711 955 3774 quiin
974 3710 1039 3761 Hiet.
1059 3712 1125 3761 Astr.
1145 3710 1264 3763 Moderne
1283 3709 1341 3760 Vol.
1359 3709 1378 3760 1.
1399 3726 1422 3775 p.
1443 3704 1494 3757 287
1512 3723 1562 3774 sqq.
1583 3705 1690 3771 pluribus
1713 3705 1745 3755 ‹ie

393 3782 455 3834 Urso
479 3782 532 3848 agit
550 3784 651 3844 eiusque
669 3780 757 3829 libeliis
777 3781 1029 3839 „Fundamento“
1050 3791 1076 3832 et
1095 3783 1296 3846 „Hypothesibus
1315 3778 1531 3839 Aenonomicis.“)

461 3919 489 3983 i)
508 3939 532 3986 p.
547 3918 606 3970 232.
643 3921 715 3983 Quae
727 3920 765 3970 his
777 3924 925 3984 spectauerit
937 3923 1016 3975 verbis
1029 3923 1129 3987 Tyoho.
1148 3923 1279 3986 sequeutia
1290 3922 1459 3973 illustrabunt:
1483 3920 1700 3972 Rothmanuur
1719 3922 1744 3971 iu

388 3995 463 4045 literis
483 3994 506 4043 d.
520 3994 656 4059 Bernburpi
671 3991 747 4042 (1.28.
763 3991 832 4056 Sept
844 3990 886 4042 ot.
906 3996 1015 4057 quaerit:
1038 3996 1113 4060 „quid
1125 4009 1217 4045 causae
1231 4001 1277 4048 est,
1290 3994 1356 4057 quod
1368 4009 1428 4056 opur
1440 3993 1500 4045 iliud
1512 3998 1582 4043 tunm
1598 3992 1629 4043 de
1643 3990 1743 4043 Come·

388 4068 429 4114 tis
441 4066 586 4129 supprimas.
599 4066 742 4127 praesertim
756 4080 812 4114 cum
824 4079 873 4113 non
885 4070 984 4115 tanturn
995 4067 1055 4116 iliud
1066 4070 1119 4128 lam
1132 4064 1223 4115 dudum
1235 4066 1309 4115 luerit
1327 4066 1474 4121 absolutum,
1487 4065 1657 4114 verumetiam
1670 4065 1744 4114 toties

390 4144 416 4185 et
434 4142 505 4184 tanto
524 4142 633 4198 tempore
661 4143 712 4184 tam
731 4142 798 4184 terto
817 4137 964 4198 promiseris,
989 4144 1014 4186 te
1033 4137 1173 4201 propediem
1191 4136 1250 4185 illud
1270 4136 1446 4186 emissurumi“
1485 4134 1524 4185 ei
1542 4135 1605 4184 haec
1624 4133 1744 4197 Tyoho:

389 4242 395 4255 .
417 4242 422 4253 .
444 4241 450 4255 .
471 4205 542 4266 Quod
562 4205 629 4270 Opus
647 4212 757 4255 nostrum
779 4207 887 4255 nondum
905 4208 997 4269 publici
1016 4207 1149 4271 iurisfieri
1166 4209 1330 4269 permiserim.
1356 4206 1449 4257 multae
1475 4212 1606 4271 etgraves
1624 4205 1744 4256 madeti-

388 4284 496 4327 nueruut
513 4278 630 4326 rationes.
667 4276 843 4340 Praeterquam
862 4279 995 4326 enimin.
1016 4315 1022 4326 .
1044 4313 1049 4325 .
1070 4277 1278 4329 observationibus
1305 4278 1435 4342 plurimum
1459 4276 1582 4327 indefesso
1601 4275 1681 4325 studio
1700 4276 1743 4325 sli-

389 4355 449 4413 quot
463 4351 517 4410 jam
536 4349 658 4401 continuis
676 4350 748 4397 annis
767 4348 884 4405 sueinum.
903 4348 982 4398 multa
1000 4351 1077 4399 etism
1094 4354 1225 4411 praeterea
1242 4350 1316 4413 longo
1332 4352 1385 4413 Janr
1397 4347 1663 4411 temporeiuoiderunt.
1682 4359 1745 4410 quae

388 4434 428 4467 me
447 4420 497 4467 otio
514 4416 561 4466 frui
579 4417 745 4480 philosophico
764 4425 790 4467 et
807 4417 917 4468 Uraniae
935 4420 1025 4474 raons.
1050 4424 1122 4481 prout
1140 4418 1242 4475 uellem.
1271 4420 1343 4470 litere
1360 4434 1410 4468 non
1428 4420 1598 4481 permiserunt.
1634 4418 1747 4469 eccesie

389 4495 416 4537 et
431 4488 493 4544 hoo,
521 4489 585 4551 quod
603 4490 680 4538 nostri
699 4490 766 4537 eirea
784 4496 935 4538 cometarum
959 4490 1117 4554 appetentias
1136 4498 1254 4540 accurate
1273 4489 1442 4555 disquirendas
1454 4489 1551 4538 iabores
1563 4487 1617 4550 plns
1629 4488 1745 4552 temporis

390 4559 558 4621 requisierint,
584 4573 658 4621 quam
677 4560 767 4621 ingrati
784 4560 895 4607 nonnulii
913 4561 1038 4613 hominest
1066 4559 1178 4624 adeoque
1196 4576 1226 4609 er
1244 4564 1315 4625 ipsis.
1338 4561 1384 4623 ,qui
1402 4559 1587 4621 disciplinarum
1605 4558 1745 4623 etquidem

390 4628 621 4676 matbematioemm
640 4642 748 4679 amorem
764 4630 945 4694 reimeiemqne
962 4631 1030 4680 bend
1048 4632 1175 4681 minimam
1192 4632 1368 4695 praetendunt,
1387 4644 1524 4694 moerere
1541 4630 1674 4694 potuerint.
1705 4627 1744 4676 iu·

342 4703 352 4713 “
391 4704 430 4745 ter
448 4710 508 4780 pnes
532 4711 596 4761 pnns
621 4700 765 4759 praesertim
784 4705 836 4755 est,
864 4702 906 4763 qui
927 4717 977 4750 non
1005 4701 1093 4750 saitem
1120 4703 1201 4752 nrnlies
1223 4703 1282 4753 mihi
1301 4716 1376 4766 agero
1394 4702 1489 4764 gratias
1515 4715 1557 4762 pro
1583 4707 1621 4748 tot
1638 4699 1746 4765 vigilatis

392 4766 518 4823 noetbns.
546 4772 584 4815 tot
602 4769 710 4831 erogatis
727 4770 845 4830 impensis
862 4786 968 4833 aequum
986 4774 1123 4827 eminent.
1151 4773 1196 4823 sel
1222 4780 1249 4822 et
1264 4773 1469 4830 oblocutionibus,
1487 4770 1682 4833 perversionibus
1700 4767 1744 4818 &o

391 4851 437 4886 nos
453 4837 571 4899 impetere
590 4852 638 4885 non
658 4839 787 4888 erubuerit.
812 4838 837 4888 ls
854 4855 918 4899 roro,
937 4844 978 4904 qni
996 4854 1058 4904 prae
1070 4844 1157 4895 uetans
1175 4851 1285 4897 toruum
1303 4844 1328 4892 iu
1346 4855 1373 4891 re
1391 4843 1513 4891 cometica
1524 4840 1632 4889 studium
1650 4840 1746 4890 eierare
