3838 5824
178 509 245 583 pria
263 509 421 581 mansit
434 511 672 584 cmceptmillius
684 511 799 579 numeri
820 517 870 571 sed
887 514 951 571 ideo
969 515 1096 588 sequitur
1113 522 1264 588 aceeptus
1282 516 1398 582 menri,
1417 517 1546 590 quiarea

178 590 365 661 geometricae
383 591 490 645 babent
508 591 584 647 illam
603 592 837 663 multiplicitatem
855 594 883 649 in
897 612 936 659 sc,
960 595 1114 651 existentes
1133 596 1213 669 ipsse
1227 613 1356 651 numerus
1369 604 1541 653 numentus.

257 670 291 738 b)
310 670 383 724 Ecce
406 670 583 725 manifestam
604 672 867 736 hallucinationem
889 682 951 729 octo
972 692 1027 729 uon
1050 682 1174 746 estpars
1188 675 1378 746 ”metrani
1401 678 1450 731 sed
1469 678 1541 731 bene
1668 736 1672 744 ,

177 765 243 819 pars
264 756 309 803 est
327 751 434 804 numeri
458 751 529 816 120,
552 751 597 822 qui
618 757 663 806 est
684 752 726 806 bis
748 753 796 808 te.
1325 799 1330 805 .

750 1180 871 1279 Caput
895 1180 965 1255 XI.

467 1336 636 1400 meum
653 1356 835 1419 moreau,
853 1345 884 1402 ct
901 1339 1022 1422 eripias
1038 1341 1220 1415 zodiact⁸)

267 1475 403 1541 Infestos
424 1476 457 1541 in
478 1476 526 1541 his
554 1477 706 1559 capitibus
733 1479 851 1543 habebo
878 1477 1036 1560 physicos,
1069 1488 1245 1560 propterea,
1278 1481 1356 1561 quod
1384 1483 1539 1549 camales

175 1564 366 1644 planetarum
387 1566 591 1646 proprietates
617 1586 655 1628 en
678 1567 768 1631 rebus
790 1567 1040 1631 immaterialibus
1062 1577 1096 1630 et
1111 1568 1216 1648 figuris
1234 1570 1459 1635 mahometica
1481 1570 1538 1637 de·-

176 1652 257 1727 dui,
280 1671 371 1732 porro
394 1656 583 1717 remetiens
606 1674 645 1717 ex
665 1656 749 1717 nuda
771 1655 986 1736 imaginatione
1005 1657 1175 1718 sectionum
1197 1658 1383 1737 quarundam
1406 1658 1538 1738 origines

124 1760 129 1769 ·
177 1740 353 1803 circulorum
376 1741 562 1822 investigare
585 1743 724 1805 audeam.
769 1742 827 1805 His
849 1744 955 1823 paucis
982 1762 1160 1824 responsum
1186 1744 1276 1806 volo:
1304 1743 1539 1824 quererentur

176 1829 280 1899 Deus,
306 1847 374 1893 cum
396 1849 482 1893 mens
504 1830 548 1893 sit
574 1839 605 1893 et
637 1850 715 1912 quae
745 1832 811 1893 vult
839 1831 952 1905 iaciat,
980 1850 1039 1893 uon
1062 1831 1275 1912 prohibeatur,
1304 1850 1363 1913 quo
1386 1833 1484 1895 minus
1507 1833 1537 1895 in

177 1916 320 1997 aptandis
343 1918 458 1980 viribus
481 1926 514 1981 et
536 1918 733 2000 designandis
756 1919 878 1982 circulis
903 1921 943 1981 ad
971 1938 1020 1981 res
1043 1920 1092 1982 vel
1115 1919 1179 1981 eine
1202 1919 1331 1982 materia
1352 1919 1402 1981 vel
1424 1920 1537 2001 imagi-

177 2006 298 2067 natione
322 2014 499 2071 constantes
522 2007 676 2087 respiciat
721 2006 765 2069 Et
787 2026 854 2071 eum
876 2007 952 2070 nihil
974 2007 1051 2070 velit
1071 2007 1138 2082 ille,
1167 2007 1225 2069 nisi
1252 2026 1370 2070 summa
1396 2026 1462 2070 eum
1483 2027 1537 2069 ra-

177 2094 276 2169 tione,
309 2092 441 2175 nihilque
463 2104 588 2174 praeter
611 2095 677 2174 ejus
706 2095 895 2158 voluntatem
922 2095 1077 2169 extiterit,
1109 2095 1213 2159 duent
1240 2094 1332 2175 igitur
1359 2096 1536 2171 adversarii,

177 2201 328 2263 quaenam
349 2182 429 2247 aliae
451 2181 587 2247 rationes
610 2183 677 2247 Deo
701 2183 813 2245 fuerim
841 2184 1042 2263 optandarum
1068 2183 1177 2246 virium
1203 2190 1284 2259 ota,
1316 2202 1384 2253 oum
1414 2190 1538 2263 praeter

177 2270 364 2352 quantitates
382 2269 461 2338 nibil
484 2272 591 2335 esset?
636 2268 726 2342 Quod
749 2270 790 2345 si,
815 2271 886 2333 dnm
907 2270 980 2333 nihil
1004 2271 1173 2346 inveniunt,
1198 2271 1237 2333 ad
1259 2271 1537 2355 imperscrutabilee

177 2356 361 2421 Gonditricis
384 2358 562 2439 Sapientiae
584 2359 666 2421 vires
687 2359 882 2438 confugiant:
913 2358 1047 2421 habeant
1074 2358 1132 2423 sibi
1160 2378 1234 2421 sano
1262 2358 1340 2420 haue
1367 2357 1537 2439 inquirendi

178 2448 431 2527 temperantium,
463 2447 576 2528 illaque
599 2466 668 2510 oum
690 2446 816 2528 pietatis
838 2446 978 2528 opinione
1008 2448 1167 2522 hnsntur,
1198 2465 1254 2508 nos
1285 2465 1357 2508 vero
1383 2447 1541 2527 patiantur

179 2555 289 2598 musas
312 2554 351 2597 en
374 2536 595 2615 quantitatibus
618 2535 799 2598 verisimiles
820 2535 962 2605 reddere,
993 2535 1152 2599 dummodo
1178 2534 1254 2596 nibil
1276 2534 1431 2615 indiguum
1452 2541 1542 2597 tanto

179 2624 313 2687 dicamus
336 2621 463 2705 Opitre.
478 2622 507 2697 ¹’)
556 2624 651 2687 Nulla
672 2623 765 2704 igitur
786 2623 908 2686 vinctus
928 2623 1073 2703 religione
1095 2641 1190 2704 pergo
1212 2623 1252 2684 ad
1274 2622 1542 2702 investigationem

179 2711 304 2775 zodiaci.

266 2801 314 2862 Ac
337 2798 425 2862 initio
450 2797 590 2862 existimo
613 2797 853 2860 verisimiliorem
872 2815 1029 2878 corporum
1052 2796 1333 2878 situm,excogitari
1355 2814 1413 2858 non
1436 2814 1539 2875 posse,
1587 2848 1592 2861 .

178 2907 268 2971 quarn
291 2908 359 2950 cum
381 2886 486 2957 cubus,
510 2887 644 2949 maxima
667 2886 838 2964 figurarum,
863 2884 1016 2947 inseratur
1035 2884 1100 2946 orbi
1119 2885 1394 2965 quomodocunque,
1417 2902 1487 2945 nam
1509 2884 1540 2945 iu

178 2976 290 3039 circulo
305 2976 418 3038 nulium
433 2983 482 3037 est
495 2977 621 3039 initium.
653 2972 785 3054 Oportet
798 2979 900 3035 autem
921 2972 1070 3056 principia
1086 2972 1152 3035 sine
1170 2972 1286 3034 ratione
1300 2970 1495 3044 constituere,
1512 2971 1539 3044 ο)

178 3084 217 3127 ne
240 3065 372 3127 infinitus
395 3064 450 3126 dat
473 3060 686 3144 regressua‘)
714 3068 748 3123 et
768 3060 988 3142 utaliquando
1011 3059 1173 3123 transitum
1195 3060 1361 3122 babeamus
1375 3062 1403 3131 ο)
1427 3058 1466 3121 ab
1488 3058 1538 3119 in-

178 3153 265 3216 finita
286 3153 424 3233 potentia
447 3152 486 3214 ad
509 3153 624 3217 finitum
647 3157 758 3213 aetum.
804 3147 876 3211 Jam
905 3148 998 3229 igitur
1027 3167 1088 3210 una
1119 3148 1262 3212 facierum
1294 3154 1456 3211 censeatur
1483 3163 1538 3225 pro

179 3242 256 3304 basi.
305 3241 443 3323 Pyramia
467 3241 560 3322 igitur
582 3239 742 3301 inserenda
766 3237 840 3299 oubo
864 3236 1016 3299 mediante
1039 3235 1111 3298 orbe
1134 3236 1223 3299 Jovio
1247 3235 1338 3298 debet
1359 3234 1448 3297 basin
1471 3231 1545 3297 best

105 3326 109 3331 ’
179 3331 247 3401 cubi
270 3331 460 3408 παραλληλον
482 3337 587 3392 tenere
600 3326 641 3402 s):
672 3335 704 3389 et
731 3326 943 3388 dodecaedron
964 3324 1132 3407 pyramidis
1152 3323 1270 3399 beas)
1315 3322 1417 3385 Aliter
1441 3322 1543 3383 ierunt

179 3418 423 3485 secundariorum
445 3418 666 3498 proprietates,
694 3423 729 3477 ut
750 3415 891 3477 vidimus.
936 3413 1122 3494 Fuigeudum
1144 3413 1237 3494 igitur
1259 3411 1437 3474 icosatdron
1460 3409 1542 3472 intra

180 3508 406 3581 dodocaedroa
436 3506 482 3569 ita
508 3515 543 3570 ut
566 3503 724 3586 diagonios
747 3504 827 3567 illine
855 3502 910 3566 tat
932 3501 1050 3584 utrique
1073 3502 1281 3585 oppositarum
1302 3499 1421 3562 basium
1441 3497 1540 3559 dode-

179 3596 283 3659 caedri
305 3595 562 3678 perpendicularis
585 3594 615 3656 io
639 3593 760 3655 centris
795 3592 912 3653 Eodem
926 3598 1017 3671 pacto
1030 3590 1273 3672 suspendendum
1296 3588 1355 3650 crit
1377 3586 1546 3648 octatdrorr

180 3685 303 3748 minima
324 3685 484 3763 figurarum
507 3684 588 3746 intra
610 3681 798 3753 icoeatdrom
822 3679 924 3741 itaut
948 3687 1018 3757 acta
1043 3689 1128 3743 recta
1148 3679 1252 3740 venat
1276 3676 1311 3751 1)
1333 3693 1388 3755 per
1405 3680 1542 3736 centrum

179 3773 264 3835 basis
290 3773 322 3835 in
350 3772 444 3848 cubo,
477 3769 515 3846 2)
539 3791 593 3852 per
620 3778 756 3833 centrum
787 3767 872 3830 basis
904 3768 1121 3841 tetratdricae‚
1155 3764 1192 3840 3)
1214 3784 1271 3846 per
1292 3771 1427 3826 centrum
1450 3760 1541 3840 quin-

56 3927 62 3949 *
181 3860 324 3942 qnauguli
347 3860 574 3935 dodecaodrici,
598 3856 635 3934 1)
658 3877 712 3939 per
735 3857 877 3937 angulum
899 3854 1066 3924 iuraturi,
1092 3854 1128 3929 5)
1152 3872 1207 3933 per
1229 3852 1371 3934 angulum
1394 3846 1539 3923 octatdri

182 3947 217 4023 t)
240 3969 295 4030 per
318 3956 453 4011 centrum
476 3948 577 4012 muudi
606 3955 638 4009 et
660 3964 767 4026 corpus
792 3943 914 4017 Solate,
945 3953 978 4005 et
1003 3962 1093 4023 porro
1116 3942 1265 4003 similibus
1288 3937 1463 4002 interstitiis
1487 3954 1542 4016 per

181 4039 337 4120 oppositos
367 4036 403 4112 7)
427 4038 576 4113 octetdri,
603 4033 639 4111 8)
663 4033 811 4097 icosatdri
836 4032 972 4111 angulos,
997 4029 1034 4105 9)
1054 4029 1263 4094 dodecatdrioi
1287 4028 1370 4107 pleni
1394 4033 1541 4097 centmm,

185 4126 240 4203 10)
264 4126 411 4191 atraedri
439 4128 601 4207 angulum,
640 4123 692 4198 11)
721 4122 817 4185 cubici
845 4120 938 4202 plani.
957 4128 1101 4184 centrum
1116 4117 1145 4194 ¹¹)
1191 4117 1317 4198 Majoris
1345 4115 1420 4178 lucis
1448 4132 1546 4176 cause

182 4218 283 4297 relego
307 4224 338 4278 te
361 4216 400 4278 ad
429 4215 590 4289 tabellam,
623 4212 674 4275 ubi
697 4211 800 4274 omnia
821 4228 948 4292 corpora
975 4209 1015 4271 ad
1043 4210 1121 4272 huuc
1150 4208 1270 4270 modum
1293 4223 1439 4284 expressa
1461 4208 1541 4263 suut.

182 4305 299 4378 Quibus
323 4306 369 4368 ita
391 4303 565 4367 constitutis
589 4322 647 4364 uon
670 4308 789 4363 tantum
811 4318 961 4380 apparens
984 4297 1015 4359 iu
1040 4297 1185 4360 octatdro
1209 4295 1403 4376 quadratum,
1425 4308 1542 4369 ecque-

182 4395 252 4458 liter
274 4415 294 4455 a
317 4393 407 4456 dictis
430 4394 546 4455 dnobus
577 4390 696 4471 angulis
725 4397 892 4462 remotum,
926 4388 952 4450 si
981 4387 1164 4468 producatur
1193 4380 1418 4473 circumcirca„
1437 4398 1543 4441 omues

181 4485 293 4562 Quies
317 4491 409 4563 atque
433 4482 509 4543 adeo
533 4487 630 4543 toturn
653 4478 793 4541 mundum
817 4477 846 4538 in
870 4475 942 4539 bina
965 4476 1080 4538 dividet
1103 4472 1255 4554 aequalia,
1281 4470 1335 4531 sed
1358 4470 1450 4530 etiam
1473 4485 1541 4528 om-

182 4572 263 4635 nium
295 4571 441 4645 laterum,
479 4589 557 4651 quae
590 4567 657 4648 quis
688 4566 769 4628 inter
800 4566 897 4628 dictos
930 4566 1056 4646 angulos
1088 4571 1121 4624 et
1152 4569 1257 4624 centra
1287 4557 1388 4621 media
1417 4573 1542 4618 censere

183 4660 333 4743 potest,¹)
357 4679 459 4722 eorum
481 4659 603 4740 iuquam
627 4656 757 4717 omniurn
780 4655 806 4716 si
829 4653 1009 4735 regulariter
1030 4659 1181 4734 ponantur
1204 4648 1355 4712 sectiones
1369 4642 1542 4721 mutuae,¹¹)

184 4769 260 4831 quae
282 4747 480 4832 prospicienti
504 4767 542 4809 ex
565 4752 669 4807 centro
693 4752 849 4823 apparent,
873 4750 1034 4829 versantur
1049 4742 1078 4803 in
1093 4740 1198 4802 eodem
1214 4735 1354 4819 quadrati
1378 4733 1544 4796 octatdrici
1575 4774 1580 4781 -

183 4838 360 4902 continuato
383 4838 486 4919 plano.
525 4835 617 4915 quue
641 4832 800 4916 praecipue
823 4832 854 4894 iu
876 4831 1051 4895 multiiaoiis
1073 4836 1107 4891 ut
1130 4827 1267 4909 cognatis
1289 4831 1426 4907 apparet.
1462 4820 1543 4882 Nam
