3838 5824
784 329 963 387 m·
1331 309 1338 320 '
1500 326 1543 398 or

180 486 278 553 narii:
309 487 457 570 siqnidem
478 508 604 567 neeesse
626 498 677 554 est
706 490 828 555 minima
851 492 1031 556 consectari.
1077 490 1245 555 Meministi
1276 492 1307 554 in
1331 491 1429 556 tribus
1451 486 1568 573 supe?
1641 492 1647 505 “

181 579 312 642 rioribus
343 597 390 642 me
420 579 555 644 dividere
582 581 650 653 illa,
678 599 754 660 qnae
783 580 813 642 in
837 588 945 643 natura
969 602 988 643 a
1010 602 1043 643 se
1069 590 1171 644 mutuo
1199 581 1349 664 pendent,
1383 590 1547 662 propterea

182 668 262 749 qnod
286 667 403 730 animas
425 676 535 732 natura
557 669 743 731 inimitabilis
767 677 825 733 est.
872 669 1029 751 Digressio
1043 672 1186 752 planetae
1210 669 1316 733 aSole
1337 668 1431 733 efficit
1453 668 1546 733 etiam

180 756 393 820 lentitudinem
415 765 525 820 motus.
571 758 616 820 Δι
638 776 695 837 ego
718 756 927 822 lentitudinem
950 760 1000 822 rel
1028 759 1278 840 inaequalitatem
1300 768 1399 821 motus
1421 766 1545 839 praesto

180 862 238 928 per
260 845 448 926 inaequalem
471 846 691 910 denticulorum
714 848 950 927 magnitudinem
972 856 1005 910 et
1024 849 1200 911 distantiam
1222 849 1254 910 in
1278 849 1354 911 rotis
1376 848 1467 910 trium
1490 867 1545 911 sn·

181 934 344 1016 periurum.
391 935 507 997 Deinde
531 935 701 1015 digressum
730 937 872 1017 planetae
895 946 1020 1017 praesto
1043 956 1097 1019 per
1119 937 1209 998 orbes
1233 945 1266 999 et
1287 937 1449 999 curvatilia
1470 937 1545 999 bra-

181 1024 273 1097 cbia,
297 1023 404 1103 quibus
427 1024 552 1105 planeta
574 1026 835 1104 circumgeststur.
882 1027 917 1088 Iu
933 1027 1054 1088 Venere
1077 1034 1111 1088 et
1132 1030 1154 1103 b
1177 1026 1287 1107 duplex
1303 1032 1351 1088 est
1373 1024 1545 1104 hujusmodi

182 1114 387 1192 inaequalitas
418 1121 453 1175 st
474 1123 575 1179 urotns
604 1122 637 1175 et
660 1114 838 1189 distantiae,
873 1134 933 1176 una
954 1116 1068 1194 pendet
1091 1135 1110 1175 a
1133 1114 1244 1190 Terra,
1277 1113 1376 1176 altera
1406 1113 1444 1175 ab
1467 1113 1546 1194 ipsis

183 1201 318 1264 orbibus
364 1202 524 1278 Dubitari,
549 1202 697 1283 quomodo
721 1211 848 1283 utraque
873 1204 915 1264 sit
937 1205 1132 1286 praestanda.
1177 1203 1269 1279 Dico,
1296 1221 1351 1283 pro
1375 1202 1545 1283 inaequali·

182 1298 251 1353 tate
269 1298 368 1353 motus
392 1292 546 1371 utriusque
570 1301 728 1372 utrumque
753 1293 846 1354 etiam
870 1292 1013 1355 circulum
1036 1301 1070 1355 et
1092 1292 1215 1354 astucia
1238 1301 1271 1353 et
1287 1299 1373 1354 rotae
1397 1291 1544 1372 inaequa-

184 1380 257 1442 liter
279 1379 481 1442 dividendum.
527 1381 573 1443 Ut
594 1399 666 1443 vero
691 1380 784 1442 etiam
807 1399 899 1460 snpra
923 1381 953 1443 in
977 1382 1079 1462 operis
1102 1380 1180 1443 facie
1204 1380 1325 1460 gemina
1347 1380 1546 1460 digressionis

183 1469 388 1548 inaequalitas
410 1469 602 1549 respondeat,
627 1468 657 1530 id
680 1468 833 1531 difficilius
856 1477 914 1532 est.
952 1470 1150 1532 Tutissimum
1173 1476 1285 1544 tamem
1309 1476 1343 1531 ut
1361 1470 1547 1531 cohaereant

183 1558 286 1619 omnia
308 1576 435 1637 corpora
457 1565 490 1619 et
512 1558 616 1631 orbes,
640 1576 694 1620 nec
717 1558 813 1619 Terra
834 1558 1042 1621 circumrebat
1055 1558 1233 1631 interiores,
1256 1565 1292 1619 ut
1313 1558 1447 1637 proxime
1470 1576 1544 1620 een-

183 1665 314 1708 sueram
360 1647 395 1708 ln
419 1647 569 1709 Mercurio
601 1656 702 1709 auten
724 1647 814 1709 alteri
843 1647 1023 1726 digressioni
1053 1646 1161 1709 melius
1184 1646 1316 1709 succurri
1347 1653 1467 1725 potest,
1501 1664 1544 1709 sc.

182 1752 241 1815 per
263 1735 487 1817 ampliationem
511 1744 544 1798 et
560 1735 801 1798 assumtionem
824 1735 916 1797 orbis.
962 1737 1136 1799 Potuissem
1159 1736 1235 1797 baec
1253 1736 1318 1815 jam
1337 1735 1489 1810 omittere,
1513 1741 1548 1796 nt

183 1823 282 1886 adbuc
305 1824 483 1905 imperfecta
510 1835 543 1887 et
569 1825 666 1887 minus
689 1825 720 1886 in
744 1842 836 1905 opere
860 1825 928 1904 ipso
950 1826 1139 1895 necessaria:
1169 1824 1223 1887 sed
1241 1824 1366 1904 scripsi,
1397 1831 1432 1887 ut
1454 1821 1547 1885 testi·

183 1913 314 1975 monium
338 1922 442 1976 essent
462 1933 548 1977 meae
573 1932 672 1981 curae.

257 2050 290 2115 (E
307 2054 385 2107 literis
404 2054 428 2105 d.
448 2055 471 2106 d
492 2053 535 2105 21.
554 2057 619 2122 Aug.
642 2050 731 2117 15118.)
751 2082 784 2093 -
803 2053 878 2115 Dein,
900 2052 924 2105 d.
946 2051 972 2105 e.
990 2050 1054 2106 Deo.
1077 2050 1155 2114 tuos,
1173 2054 1238 2106 baec
1256 2053 1391 2106 subsecuta
1408 2061 1481 2104 sunt:

276 2267 444 2331 Mercurius
467 2276 537 2330 tuus
560 2267 684 2330 aberrat
701 2275 896 2330 constanter:
920 2268 1106 2348 quarsride,
1132 2285 1190 2346 quo
1210 2275 1302 2347 pacto
1323 2272 1425 2329 motus
1447 2265 1548 2345 lougi-

184 2355 302 2419 tudinis
324 2356 502 2436 corrigatur.
548 2356 629 2418 Ecce
653 2357 731 2418 enim
755 2358 794 2419 ad
817 2357 923 2420 literas
946 2375 1022 2437 quas
1045 2353 1074 2419 4.
1093 2355 1168 2419 Julii
1191 2355 1350 2436 scripsisti,
1375 2373 1443 2417 cnm
1465 2362 1550 2417 esset

185 2446 329 2526 Augusto
362 2462 464 2507 mense
496 2445 754 2526 respondendam,
787 2462 892 2509 menas
914 2445 1074 2508 Decembri
1102 2445 1290 2525 respondeo:
1322 2462 1398 2525 quas
1421 2441 1549 2506 Octobri

185 2553 289 2596 mense
312 2535 416 2615 procul
440 2533 530 2595 dnbio
553 2534 713 2614 scripsisti,
737 2535 776 2597 ad
800 2553 875 2615 quas
894 2535 987 2597 etiam
1005 2535 1062 2597 hoc
1075 2532 1235 2597 Decembri
1249 2548 1427 2615 responsum
1444 2531 1548 2613 procul

51 2620 54 2625 ⁴
186 2621 278 2686 dubio
301 2630 465 2703 expectas,
499 2623 658 2685 dummodo
682 2624 865 2697 reddantur,
897 2623 1129 2704 respondebitur
1156 2623 1288 2685 fortasse
1319 2621 1361 2696 (si
1383 2621 1450 2683 Deo
1478 2620 1547 2701 pla-

184 2713 283 2775 cuerit
303 2732 352 2774 me
374 2712 525 2790 tantisper
547 2713 674 2787 vivere),
698 2731 801 2775 meuse
815 2712 941 2775 Martio.
977 2711 1092 2775 Misisti
1115 2709 1146 2776 4.
1161 2708 1237 2774 Julii
1260 2712 1391 2791 scriptas
1413 2709 1547 2773 Ulmum.

184 2799 251 2863 Eas
274 2801 399 2879 pertulit
420 2799 554 2863 Jacobus
577 2809 683 2863 noster
704 2802 838 2880 ignarus,
862 2808 951 2863 erant
973 2801 1052 2863 enim
1076 2800 1249 2879 inplicatus
1272 2799 1392 2873 alteris,
1418 2815 1495 2879 qnae
1517 2798 1548 2859 in

186 2887 376 2952 Garintbiam
391 2891 581 2969 spectabant.
615 2888 659 2954 Ut
680 2889 808 2952 venitin
824 2887 1025 2958 carinthiam,
1044 2890 1112 2969 jam
1134 2906 1238 2969 rursus
1260 2888 1332 2950 illac
1355 2903 1547 2963 ascensurus,

185 2978 403 3042 animadvertit
425 2998 565 3054 errorem,
592 2988 698 3057 aperto
721 2979 773 3041 illo
798 2978 950 3041 involucro
973 2996 1028 3057 per
1050 2997 1128 3053 eum,
1152 2976 1201 3039 cui
1217 2975 1407 3040 mittebatur.
1440 2974 1548 3053 Itaque

187 3067 295 3129 literas
315 3075 387 3129 tuas
410 3066 527 3130 remisit
554 3069 583 3129 in
607 3066 761 3151 Styriam‚
794 3067 859 3148 ipse
887 3066 1023 3147 perrexit
1048 3066 1079 3128 iu
1103 3065 1267 3129 Sauriam:
1300 3063 1407 3144 opinor
1436 3070 1549 3134 umen,

64 3184 73 3193 ·
175 3155 249 3217 'etsi
272 3155 438 3235 legitimum
463 3174 638 3236 responsum
661 3175 719 3218 noo
742 3156 910 3236 pertulerit,
934 3154 1097 3234 pertulisse
1114 3162 1217 3217 tamen
1237 3153 1355 3218 abunde
1377 3151 1547 3214 verberum

187 3242 222 3308 Si
248 3244 319 3326 quid
343 3242 469 3307 Octobri
491 3264 594 3307 mense
617 3246 666 3307 vel
689 3245 853 3309 Novembri
877 3243 1043 3325 scripsisti,
1072 3243 1103 3307 id
1127 3244 1208 3306 scias
1232 3242 1305 3306 mibi
1326 3240 1457 3304 noudum
1479 3258 1549 3301 esse

188 3334 351 3396 redditum.
398 3334 477 3396 Nam
499 3335 694 3414 perlatorem,
720 3354 807 3415 quem
828 3332 972 3409 Jacobus
987 3333 1042 3396 tibi
1066 3333 1295 3413 designaverat,
1318 3349 1416 3393 rerum
1439 3347 1548 3392 conse·

186 3432 260 3487 cata
281 3424 477 3487 commutatio
499 3423 666 3486 absterruit
688 3424 748 3497 (uti
770 3425 892 3487 omnino
913 3425 1004 3503 puto)
1027 3442 1065 3485 ne
1088 3421 1223 3506 Styriam
1245 3420 1463 3502 ingrederetur.

276 3512 310 3573 ln
333 3511 480 3593 principio
503 3510 754 3589 Germanicarum
777 3512 932 3576 literarum
954 3530 1086 3575 errorem
1110 3526 1242 3592 agnosco
1266 3509 1434 3573 verborum.
1468 3505 1550 3570 Ssu-

186 3618 240 3663 sus
263 3600 384 3664 omnino
407 3600 506 3663 verbis
529 3600 590 3663 illis
615 3622 633 3662 a
655 3619 703 3663 me
726 3600 880 3682 usurpatis
903 3601 983 3664 inest
1005 3600 1097 3663 talis:
1121 3600 1212 3663 Velle
1227 3619 1274 3663 me
1293 3597 1455 3661 detendere
1476 3615 1549 3678 pro·

186 3690 319 3771 positum
347 3708 443 3751 meum
477 3709 578 3752 coram
611 3697 652 3752 te.
698 3689 795 3770 Atqui
823 3690 922 3753 hercle
950 3709 1009 3753 non
1039 3690 1070 3752 id
1102 3688 1176 3753 mibi
1207 3689 1266 3752 init
1296 3687 1417 3763 animi„
1440 3682 1550 3749 abortii

186 3778 330 3859 quiequid
352 3779 383 3840 id
407 3786 457 3840 est
477 3778 646 3841 verborum.
693 3779 821 3842 Sensum
844 3779 925 3841 enim
946 3798 1015 3841 esse
1037 3779 1138 3855 volni,
1167 3778 1363 3859 suppeditare
1386 3794 1434 3838 me
1456 3792 1549 3854 pras·

186 3866 302 3947 cepturi
325 3867 464 3946 exempla
486 3875 590 3931 vetera
613 3870 687 3941 (non
711 3867 837 3947 quidem
855 3867 942 3949 quasi
964 3884 1115 3942 censeam,
1140 3868 1195 3929 illa
1211 3868 1352 3947 ignorare
1373 3873 1415 3939 te,
1439 3863 1494 3925 sad
1517 3868 1551 3924 ut

186 3965 220 4018 te
243 3956 361 4018 illorum
385 3957 688 4031 commonefacerem
709 3956 903 4032 Erinneren.)
927 3956 1034 4037 quibus
1053 3956 1200 4036 exemplis
1218 3973 1315 4017 meam
1331 3956 1442 4016 tamam
1455 3950 1549 4015 Stnc·

187 4045 310 4108 cardiae
333 4054 439 4109 contra
461 4046 698 4120 obtrectatores,
722 4046 749 4107 si
773 4046 824 4127 qui
847 4047 924 4108 torte
948 4044 1095 4120 existant,
1127 4045 1281 4108 defendat
1328 4042 1434 4123 Itaque
1456 4039 1552 4102 rerba

188 4152 225 4196 nn
247 4133 365 4196 msbrer
387 4134 552 4197 Defension
577 4133 671 4197 meins
695 4134 872 4198 iitrbabens
896 4134 940 4196 sio
963 4132 1168 4215 acuminatur,
1191 4133 1247 4197 das
1271 4134 1325 4195 der
1346 4133 1387 4195 Η.
1410 4131 1446 4193 Ρ.
1470 4129 1550 4192 mein

188 4222 337 4285 fflrbaben
370 4221 458 4285 desto
489 4223 595 4286 besses
624 4223 779 4287 deiendirn
812 4224 941 4287 kbbnde.
988 4222 1051 4286 Sed
1083 4223 1160 4286 bene
1193 4222 1313 4296 fecisti,
1347 4221 1399 4302 qui
1429 4220 1551 4283 lituram

188 4310 329 4375 inducere
351 4311 549 4375 incommodis
571 4313 641 4375 istis
663 4312 764 4375 verbis
787 4311 935 4377 statuisti.
982 4312 1106 4376 Utinam
1130 4331 1204 4374 sane
1231 4310 1359 4374 boensi
1406 4306 1551 4372 oseam

188 4401 245 4463 boe
265 4419 325 4462 uno
350 4403 502 4477 σφαλμαο
524 4409 666 4481 excepto,
690 4402 778 4464 rides
799 4402 874 4481 ipsc,
899 4401 1066 4464 consultius
1089 4401 1194 4473 fuisse,
1216 4407 1252 4462 ut
1273 4408 1305 4463 ts
1329 4400 1498 4480 alloquerer
1520 4396 1550 4458 in

185 4489 242 4552 illa
263 4488 404 4571 epistola,
429 4508 516 4570 quem
539 4490 632 4553 etiam
652 4489 794 4571 princeps
809 4491 1037 4572 alloquebatur:
1062 4498 1106 4565 ut,
1130 4489 1271 4572 quoniam
1293 4507 1349 4569 ego
1374 4507 1394 4551 a
1415 4482 1550 4567 principe

186 4594 242 4658 pr
254 4587 288 4640 te
302 4578 520 4642 internuncium
538 4579 761 4660 interrogabar,
782 4579 924 4660 princms
946 4579 1038 4642 stiam
1060 4601 1080 4641 a
1099 4598 1147 4642 me
1161 4592 1338 4660 responsum
1351 4594 1406 4657 per
1424 4573 1551 4637 eundem

188 4676 219 4730 te
243 4667 380 4730 baberet.
427 4665 536 4751 Sciunt
557 4686 682 4741 omnes,
709 4684 768 4728 non
792 4686 861 4729 esse
884 4668 1017 4731 literatis
1039 4668 1069 4731 in
1093 4686 1175 4730 more
1203 4665 1354 4748 positum,
1387 4660 1552 4728 ramamta

188 4772 275 4819 mera
294 4752 361 4818 ud:
393 4772 450 4819 nec
472 4755 598 4819 obscure
621 4754 803 4835 conjiciunt,
836 4755 965 4835 principi
987 4775 1034 4818 me
1058 4756 1141 4819 dicta
1162 4755 1262 4829 velle,
1295 4770 1372 4836 quae
1395 4752 1452 4815 tibi
1475 4749 1548 4813 dixi.

189 4842 278 4921 Quod
300 4844 461 4911 immanem
482 4862 636 4915 onustum
658 4843 872 4916 clericulorum
894 4844 1008 4913 attinet
1030 4844 1060 4911 in
1083 4844 1160 4907 rotis
1173 4842 1314 4920 Veneris,
1337 4839 1479 4905 existimo
1500 4856 1549 4905 me
