3786 5808
385 379 429 447 50
981 382 1142 463 menen.

384 542 498 605 bilinm.
545 541 613 603 Nisi
637 542 714 603 lorte
738 547 865 603 octavae
888 542 1036 622 sphaerae
1065 542 1157 606 etiem
1186 543 1303 624 aliquos
1325 550 1425 607 motus
1448 542 1563 609 inbuit.
1608 544 1675 625 Ego
1699 544 1742 606 sic

385 650 493 693 censeo
521 629 558 692 de
586 629 745 712 Tychone,
778 629 934 692 Divitiis
967 631 1172 708 abundare,
1207 632 1336 714 quibus
1368 652 1437 695 non
1469 642 1572 697 recte
1604 641 1741 707 utatur,

384 738 468 784 more
491 719 700 800 plerorumque
725 718 858 782 divitum.
907 718 1017 783 Danda
1040 729 1089 783 est
1111 722 1203 801 igitur
1225 740 1318 802 opera
1348 721 1441 802 (quod
1465 731 1497 786 et
1519 741 1575 803 ego
1598 741 1651 802 pro
1674 741 1742 784 mes

383 818 480 890 parte,
505 807 560 871 sed
583 827 648 870 curu
673 808 776 869 debita
799 808 949 870 modestia
972 809 1055 884 feci),
1079 819 1113 872 nt
1137 810 1260 873 divitias
1284 810 1353 872 illae
1377 810 1420 873 illi
1444 818 1685 893 extorqueamus,
1709 818 1742 872 ut

386 898 614 973 mendicemus,
639 897 771 973 scilicet,
795 907 830 959 ιι
851 897 956 976 vulget
979 918 1050 961 suas
1074 899 1301 962 observationes
1325 900 1440 962 sincere
1466 908 1498 962 et
1520 919 1632 962 omnes.
1676 900 1741 961 Hoc

385 989 451 1068 ipso
474 996 609 1068 ternpore
633 986 761 1049 hebetur
784 985 832 1048 hic
862 986 969 1067 globus
993 988 1157 1071 lychnum,
1189 990 1219 1050 in
1246 994 1333 1070 parte
1364 989 1427 1069 ejus
1455 990 1624 1053 antarctica
1646 1007 1742 1050 vacua

385 1079 555 1158 profitetur,
580 1095 612 1137 se
636 1076 733 1137 solum
757 1076 990 1155 deprehendisse
1014 1077 1224 1140 alterationem
1249 1077 1421 1156 eclipticas,
1453 1078 1555 1158 gratia
1576 1078 1661 1158 cujus
1685 1096 1741 1139 eu-

386 1174 512 1245 geantur
533 1163 582 1226 vel
611 1165 782 1226 minuantur
809 1165 986 1228 latitudines
1016 1166 1141 1229 lixarum
1170 1169 1210 1229 ad
1237 1166 1406 1247 eclipticam
1433 1175 1634 1248 computatae.
1680 1165 1741 1229 Sed

385 1258 469 1318 illam
490 1257 569 1317 intra
595 1250 658 1317 100
681 1272 775 1314 annos
798 1272 904 1333 parum
927 1273 1074 1317 crescere.

387 1416 420 1468 ad
437 1343 674 1466 leua‘IeIsequqqmr
685 1342 758 1399 baec,
771 1357 846 1408 quum
859 1342 892 1393 sd
905 1341 1019 1407 Opticam
1032 1349 1058 1394 ιι
1072 1342 1262 1408 chronologiam
1275 1344 1425 1409 pertineant,
1442 1342 1592 1394 martanda
1604 1343 1742 1393 censuimus

462 1426 493 1466 0.
557 1429 571 1465 ι
640 1450 646 1463 .

457 1572 646 1624 Maestlinus
663 1585 760 1634 prorsus
778 1572 903 1622 consentit
920 1571 1036 1637 Keplero.
1065 1572 1096 1623 In
1115 1573 1191 1623 literis
1209 1573 1275 1623 datis
1293 1574 1317 1624 d.
1335 1572 1368 1622 22
1381 1575 1441 1638 Aps.
1456 1570 1524 1623 1592
1543 1572 1607 1622 baec
1625 1571 1741 1637 legimus:

387 1646 427 1696 De
446 1644 569 1708 Tychonis
586 1643 761 1706 hypothesibus
779 1657 843 1706 quae
861 1643 953 1705 scribis,
972 1644 1032 1693 mibi
1049 1644 1208 1694 vehementer
1222 1643 1329 1708 placent.
1361 1645 1399 1694 'l'u
1417 1644 1507 1700 doceri.
1526 1659 1576 1693 ιιι
1593 1643 1679 1693 terreri
1697 1643 1740 1692 ris.

388 1717 458 1767 Idem
476 1730 522 1781 ego
540 1713 682 1765 faciendum
696 1712 789 1776 Jndieo.
826 1713 897 1763 Istud
914 1715 1071 1780 physicorum
1090 1723 1115 1764 ιι
1133 1715 1302 1781 theologorum
1326 1712 1387 1778 (non
1405 1714 1599 1780 dicophysicae
1623 1721 1649 1763 et
1670 1713 1740 1762 theo·

387 1783 482 1853 loglae)
500 1785 679 1850 praejudicium
697 1786 776 1848 ipsum
793 1786 819 1835 in
837 1785 905 1834 illam
924 1788 1073 1835 sententiam
1096 1788 1227 1850 pertraxlt,
1251 1794 1280 1838 ut
1297 1788 1399 1837 Tenem
1425 1785 1624 1848 (minutisdmum
1643 1798 1740 1849 corpus-

388 1860 478 1914 culum,
496 1872 540 1907 seu
558 1857 639 1921 potius
657 1855 809 1919 punctulum,
829 1862 863 1913 et,
883 1857 948 1906 sicut
964 1857 1059 1921 scripsi,
1078 1859 1098 1907 si
1117 1856 1174 1922 quid
1192 1865 1283 1921 puncto
1301 1860 1381 1908 minus
1394 1859 1447 1908 dari
1464 1854 1553 1921 possit)
1571 1856 1679 1907 retineat
1695 1857 1740 1904 im-

387 1931 509 1990 mobilem,
529 1941 628 1992 corpore
646 1933 699 1976 tam
717 1932 787 1975 vasto
805 1928 904 1977 iuterim
921 1928 1004 1977 mobili
1023 1930 1194 1993 eircumrapto.
1221 1928 1276 1979 Nec
1294 1931 1385 1981 dubito.
1405 1930 1473 1993 quin,
1491 1930 1596 1978 situum
1614 1929 1741 1978 insertum

386 2004 452 2066 prius
477 2014 551 2065 quam
569 2013 626 2048 suas
644 1996 792 2061 hypotheses
810 1997 943 2061 publIcarit
966 1998 1079 2058 vidisset,
1109 1999 1176 2050 aliud
1203 2001 1338 2050 statuisset
1376 1999 1449 2050 Nunc
1472 1999 1621 2050 sententiam
1643 2003 1740 2048 mutare

388 2071 531 2137 etquidem
550 2070 582 2120 sd
601 2069 702 2119 alterius
722 2065 766 2130 (ne
785 2069 866 2119 dicam
883 2083 911 2119 se
926 2067 1041 2132 junioris)
1060 2073 1178 2127 inventa,
1197 2069 1280 2121 forsan
1301 2071 1474 2122 existimationi
1491 2068 1602 2120 nonnihil
1621 2069 1740 2134 derogare

386 2144 491 2208 putabit
528 2140 621 2192 Verum
639 2141 660 2189 si
679 2139 730 2189 dies
749 2140 812 2189 dem
832 2140 913 2197 docet,
932 2142 953 2189 si
971 2135 1100 2212 διυτιριι
1118 2138 1267 2209 ‹pposssder
1285 2153 1444 2210 σιφιιεριι
1462 2139 1542 2199 eines,
1561 2154 1605 2190 our
1621 2155 1679 2201 non,
1699 2141 1740 2204 qui

387 2216 495 2265 seniores
513 2227 610 2269 sumus.
631 2212 755 2274 juniorum
773 2211 871 2275 prodita
888 2211 975 2262 eodem
992 2213 1064 2262 modo
1082 2214 1320 2278 magnllaccremus‚
1344 2230 1391 2278 quc
1413 2229 1458 2264 nos
1477 2214 1509 2263 ab
1527 2213 1586 2276 ipsis
1603 2210 1741 2277 magniberi

388 2282 515 2350 cupimus?
543 2283 645 2353 Habent
661 2282 696 2331 illi
715 2295 732 2331 a
748 2282 818 2331 nobis
836 2297 886 2331 non
906 2283 1077 2346 aspernanda:
1095 2291 1172 2355 reqts.
1203 2287 1238 2334 Δι
1256 2286 1331 2335 etiam
1349 2286 1408 2349 ipsis
1427 2285 1493 2335 dona
1510 2283 1631 2335 concessit
1648 2294 1742 2348 magna

386 2355 464 2406 Deus.
493 2353 566 2404 Certe
585 2367 669 2403 omnes
690 2360 755 2402 artes
774 2360 800 2402 ιι
818 2354 938 2403 scientiae
958 2354 991 2403 ad
1008 2356 1134 2419 superiora
1146 2361 1191 2404 aut
1207 2369 1322 2420 suprema
1339 2356 1441 2421 fastigia
1457 2367 1613 2420 nequaquam
1630 2368 1674 2418 per
1691 2354 1739 2417 pri·
1763 2400 1769 2409 ,

386 2441 453 2488 mos,
480 2425 524 2475 sed
542 2439 586 2489 per
603 2424 766 2489 posteriores,
791 2426 831 2487 qui
855 2425 960 2474 lnreutls
978 2440 1024 2475 sua
1042 2441 1137 2492 quoque
1156 2427 1222 2477 donn
1240 2427 1355 2477 diviuitas
1374 2440 1494 2477 concessa
1510 2424 1740 2489 superaddiderunt,

387 2498 592 2547 conscenderunt.
630 2494 789 2559 Quantopere
809 2495 969 2559 Goperuicum
987 2497 1033 2547 sibi
1051 2497 1203 2562 gratulatum
1220 2499 1296 2548 inisse
1318 2498 1472 2562 putabimus,
1497 2498 1517 2546 si
1540 2498 1593 2561 ipso
1617 2497 1671 2545 siro
1696 2501 1742 2544 tua

386 2569 522 2633 speculatm
541 2568 569 2617 in
586 2567 667 2617 lucem
684 2560 832 2629 prodiisset?
869 2565 941 2626 Quod
960 2575 1044 2618 autem
1063 2569 1096 2618 ad
1113 2584 1165 2618 rem
1182 2571 1270 2634 ipsam,
1289 2585 1329 2619 me
1347 2584 1394 2620 nec
1411 2570 1522 2634 poenitet
1539 2582 1586 2618 uec
1604 2566 1681 2631 pudet
1698 2580 1739 2617 eo·

386 2656 453 2699 rum,
472 2653 537 2705 quae
555 2641 581 2688 lu
598 2637 752 2701 praelatione
769 2638 795 2686 ln
808 2637 981 2688 Narratiouem
992 2638 1092 2690 Rbetici
1104 2641 1190 2704 scripsi
1208 2638 1268 2702 (rid
1284 2655 1309 2704 p.
1324 2638 1376 2701 27).

459 2709 532 2771 Quod
549 2724 592 2774 pro
610 2708 693 2757 labore
712 2716 738 2758 et
755 2709 874 2759 sumtibus
894 2716 919 2759 ιι
943 2711 1052 2774 inprimis
1075 2727 1117 2775 pro
1140 2710 1186 2761 hoc
1209 2713 1308 2761 invento
1332 2718 1388 2769 tuo,
1413 2711 1522 2761 maxima
1543 2709 1741 2759 remuneratione

387 2783 537 2848 dignissimo,
556 2779 601 2830 tibi
618 2778 725 2828 nondum
745 2780 902 2830 satisfactum
920 2787 966 2838 ιιι,
987 2781 1057 2832 doleo
1075 2783 1239 2833 vehementer.
1268 2781 1360 2832 Verum
1372 2784 1407 2832 sic
1420 2787 1589 2845 comparatum
1606 2794 1661 2830 esse
1673 2778 1739 2829 side·

386 2868 452 2911 mus,
478 2859 519 2910 nt,
545 2865 610 2916 quse
627 2849 701 2899 laude
725 2857 783 2899 sunt
801 2851 953 2916 dignissim,
973 2859 1133 2916 spernantur.
1157 2868 1269 2918 quaeque
1291 2853 1359 2903 nullo
1383 2854 1461 2919 pretio
1480 2852 1614 2916 adaequari
1630 2857 1741 2915 paenas

386 2926 452 2975 nullo
471 2925 547 2973 etiam
568 2924 646 2987 pretio
670 2921 747 2986 digna
768 2929 893 2985 putentur.
931 2922 1023 2974 Verum
1047 2924 1157 2974 confidas
1178 2925 1278 2975 domino
1295 2925 1364 2980 Deo,
1389 2925 1430 2989 qui
1451 2923 1496 2973 tibi
1518 2924 1615 2987 tulique
1637 2922 1742 2973 tidelltsr

385 2996 512 3061 rependet,
524 3008 595 3061 quae
615 2993 657 3043 elii
675 2991 715 3042 vel
726 3000 821 3058 negant
833 2994 872 3043 vel
885 2993 1007 3044 differunt.
1036 2994 1138 3045 Interim
1156 2997 1239 3044 mirari
1257 2996 1318 3046 satis
1335 3002 1406 3045 tuam
1424 3008 1485 3060 erpa
1502 3009 1541 3044 me
1559 2993 1740 3051 liberalitatem.

385 3082 489 3132 eamque
508 3068 673 3129 maximopere
692 3064 775 3128 tuique
794 3064 1039 3116 honorificentissima
1065 3067 1151 3116 addita
1171 3069 1295 3116 mentione
1314 3068 1375 3116 satis
1393 3065 1536 3130 praedicare
1554 3078 1657 3131 nequeo,
1677 3063 1742 3129 quod

385 3148 438 3190 sam
457 3138 582 3203 egregium
600 3150 688 3185 munus
706 3136 820 3199 poculum
839 3136 1062 3200 splendidissimum
1079 3137 1139 3187 mihi
1158 3140 1252 3187 misisti.
1289 3137 1380 3187 Fateor
1397 3142 1472 3194 certe,
1490 3150 1549 3186 mea
1565 3137 1591 3185 in
1609 3142 1635 3186 te
1652 3138 1743 3186 merita

385 3211 494 3275 proiecto
507 3221 663 3272 nequaquam
676 3213 749 3255 tauta
761 3220 824 3262 esse,
844 3213 939 3270 quauta
956 3215 1003 3257 tua
1021 3222 1081 3273 erga
1097 3223 1137 3259 ιιι
1156 3208 1203 3258 ιιι
1221 3208 1308 3272 poculo
1326 3208 1497 3258 demonstrata
1514 3207 1647 3272 gratitudo.
1675 3205 1742 3258 Nam

385 3295 449 3346 quae
462 3294 479 3329 a
490 3294 530 3329 me
542 3279 663 3342 praestita
674 3283 740 3333 sunt,
760 3291 791 3326 ea
808 3277 894 3326 lubens
906 3279 962 3337 ieci,
981 3279 1061 3328 amico
1075 3280 1156 3329 animo
1169 3293 1230 3345 erpa
1242 3281 1348 3330 amicum
1359 3280 1482 3344 praestiti,
1501 3280 1577 3329 allam
1594 3291 1741 3343 compensa-

386 3355 479 3401 tionem
491 3365 571 3414 neque
584 3348 696 3412 exoptavi
709 3362 756 3396 ιιι
769 3349 896 3410 expectari
909 3361 1026 3413 unquam,
1039 3364 1113 3414 quam
1131 3351 1237 3400 amicum
1249 3351 1366 3407 animum.
1385 3350 1484 3415 qualern
1497 3364 1558 3416 erga
1568 3364 1608 3399 me
1620 3349 1742 3401 hactenus

387 3421 568 3473 demonstrasti.
598 3419 634 3468 Eo
647 3433 693 3483 ego
706 3418 741 3466 lui
758 3419 964 3467 contentissimus.
994 3419 1117 3479 Quoniam
1134 3436 1190 3470 vero
1206 3422 1260 3483 lam
1278 3421 1344 3470 istud
1362 3421 1515 3485 superaddis,
1535 3436 1581 3486 ego
1599 3426 1674 3478 ιιιιι,
1694 3435 1741 3487 quo

387 3494 487 3542 nomiae
505 3505 577 3555 parea
596 3503 671 3555 agam
690 3490 791 3552 ιιιιιιι,
811 3503 861 3538 ιιι
878 3491 983 3538 invenio.
1020 3489 1114 3540 Verum
1132 3492 1214 3542 Deum
1231 3493 1275 3541 tibi
1295 3498 1506 3557 compensatorem
1524 3493 1642 3550 exorabo,
1660 3493 1742 3541 munl-

386 3564 572 3614 dcentissimum
589 3562 704 3609 nimirum
721 3561 907 3617 retributorem,
932 3562 973 3624 qui
995 3561 1110 3612 videlicet
1127 3563 1172 3612 tibi
1189 3577 1260 3627 porro
1278 3577 1325 3613 sua
1349 3565 1432 3629 matis.
1454 3563 1534 3622 adsit,
1560 3569 1586 3614 et
1609 3569 1651 3621 ιι,
1676 3576 1742 3628 que

387 3629 1100 3779 οΜὲιὲηιιῗιξῗξὲἓιίιοέιιοιιιιξιῐιιριῗῆῐῧιθιῐιοιιιῗιειῗῗιι
1118 3705 1151 3755 ad
1168 3719 1208 3756 me
1225 3707 1293 3756 venit
1311 3711 1391 3756 meter
1407 3713 1461 3764 tua,
1479 3713 1594 3756 matrerm
1612 3704 1743 3756 subsidua

386 3778 508 3843 piissima.
533 3775 564 3824 dc
587 3776 659 3823 rebus
681 3774 730 3821 tuis
757 3775 971 3839 praesentiumque
999 3789 1079 3826 rerum
1105 3783 1173 3827 statu
1198 3778 1268 3827 valde
1286 3778 1399 3828 sollicita.
1443 3777 1507 3827 Eam
1530 3783 1650 3842 qnantum
1672 3777 1741 3841 potui

386 3849 527 3898 consolatus
545 3860 608 3899 sum.
627 3846 685 3909 qula
702 3844 796 3894 meliori
814 3844 867 3895 loco
885 3859 929 3908 per
946 3848 1053 3911 gratim
1072 3845 1121 3898 Dei
1139 3850 1189 3898 sint
1206 3856 1265 3899 ιιιι
1283 3863 1331 3907 ιιι,
1354 3863 1428 3914 quam
1446 3849 1501 3912 ipsa
1518 3847 1555 3898 rel
1574 3848 1621 3897 albi
1638 3848 1685 3912 ipsi
1702 3845 1742 3897 rel

386 3934 416 3970 ex
435 3920 537 3969 allorum
553 3931 670 3982 perversa
687 3915 808 3965 relatione
825 3917 982 3981 imagInetur.
1012 3916 1083 3969 Sicut
1101 3921 1176 3970 etiam
1193 3921 1266 3979 ronne
1285 3920 1364 3974 aliter.
1384 3934 1458 3985 ιιιιι
1476 3934 1515 3970 res
1527 3933 1554 3969 se
1567 3919 1668 3980 babent,
1684 3931 1740 3982 per·

385 4005 460 4041 suasa
477 3990 613 4040 ridebatur.
646 3987 684 4036 Ea
701 3988 766 4036 inter
783 3987 834 4037 alla
852 3990 987 4051 quaerebat
1005 3989 1035 4039 de
1054 3998 1106 4048 ιιι,
1125 3991 1189 4056 quod
1206 3992 1266 4041 mihi
1284 3991 1385 4051 debeas,
1405 3991 1494 4041 debito.
1525 3990 1588 4056 Ego,
1606 3990 1664 4054 quit
1682 3989 1740 4039 sub·

385 4069 463 4124 esset,
481 4077 530 4111 nou
549 4059 703 4125 Intelligere,
723 4058 785 4115 dixi,
804 4059 869 4123 quod
887 4074 971 4109 verum
989 4067 1039 4118 est,
1064 4068 1089 4111 ιι
1107 4063 1167 4112 mihi
1185 4062 1245 4113 nibil
1264 4063 1366 4125 debere,
1391 4075 1565 4125 necunquam
1583 4074 1640 4112 aere
1660 4060 1741 4110 altene

385 4134 528 4183 obstrictum
546 4131 621 4181 hisee
641 4130 696 4179 dixi.
734 4128 843 4194 Cumque
861 4146 917 4180 mox
935 4132 1048 4186 instaret,
1067 4132 1181 4193 iudicari,
1200 4141 1226 4184 te
1245 4134 1310 4184 nullo
1329 4134 1408 4194 modo,
1433 4132 1740 4198 quocunqueacciplatur.

383 4203 444 4253 mihi
462 4203 595 4269 quidquam
613 4201 710 4251 debere.
743 4201 796 4250 Etsi
815 4204 881 4251 enim
897 4209 996 4265 propter
1013 4204 1133 4266 quasdam
1157 4206 1264 4269 opellae,
1290 4220 1354 4272 quae
1372 4205 1462 4255 nulllus
1482 4203 1548 4269 apud
1566 4218 1606 4254 me
1623 4204 1742 4253 momenti

384 4278 442 4337 siut,
462 4274 555 4341 aliquid
573 4273 740 4338 spoponderis,
759 4278 844 4322 tamen
862 4273 887 4321 id
905 4273 972 4336 apud
989 4287 1029 4323 me
1048 4274 1111 4324 adeo
1129 4277 1155 4325 in
1173 4277 1281 4327 debitum
1295 4293 1345 4327 non
1357 4276 1456 4333 cadere,
1475 4281 1505 4325 ιι
1523 4288 1606 4325 eorum
1622 4288 1670 4325 ιιι
1687 4289 1741 4324 ιιι-

384 4348 510 4405 merim,
535 4360 583 4397 uec
601 4352 699 4409 propter
716 4346 878 4407 interruptum
896 4359 956 4408 opus
974 4346 1116 4396 meminisse
1134 4347 1221 4398 velim:
1247 4348 1403 4398 nihilominus
1426 4354 1511 4398 tamen
1536 4354 1563 4398 te
1580 4354 1650 4397 tuem
1667 4345 1742 4396 fidem

384 4418 556 4482 superabunde
576 4424 602 4467 ιι
619 4416 693 4473 ultra,
712 4430 786 4480 quam
805 4429 851 4479 par
867 4416 908 4476 sit,
927 4415 1067 4474 redemisse,
1087 4419 1160 4469 misso
1172 4420 1287 4470 videlicet
1304 4420 1391 4483 poculo
1411 4424 1437 4469 et
1454 4419 1564 4483 specioso
1583 4424 1609 4468 ιι
1625 4417 1740 4483 pretioso,

336 4498 338 4507 ’
385 4490 475 4540 additis
500 4491 577 4540 etiam
603 4483 822 4536 llFerdinandicis
848 4501 891 4550 pro
915 4486 1028 4549 operculo
1051 4489 1210 4541 conficiendo.
1252 4489 1294 4541 lde
1317 4490 1406 4553 idcirco
1430 4496 1513 4546 ιιιιι,
1536 4502 1586 4539 ιιι
1608 4496 1693 4539 sutem
1715 4494 1742 4537 te

384 4574 467 4611 meum
485 4574 539 4612 esse
555 4559 697 4610 debitorem.
725 4557 755 4606 ld
773 4563 852 4607 mater
869 4565 915 4606 tua
932 4557 1061 4607 ridebatur
1080 4573 1135 4610 cum
1154 4564 1317 4613 admiratione
1335 4560 1421 4610 audire
1438 4560 1589 4626 responsum,
1608 4567 1665 4625 post
1675 4559 1742 4609 enim

322 4667 324 4671 ψ
385 4634 501 4683 eantare
518 4638 564 4687 est.
583 4644 610 4680 se
628 4631 654 4679 in
672 4644 705 4679 ιι
720 4630 880 4692 persuasione
899 4629 981 4683 luisse.
1001 4642 1031 4679 ac
1044 4629 1106 4680 situ
1117 4634 1177 4683 mihi
1190 4631 1242 4682 200
1254 4634 1358 4683 florenos
1371 4632 1481 4694 deberes,
1500 4638 1575 4697 atque
1589 4645 1624 4692 ιι,
1643 4638 1743 4696 propter

385 4704 489 4754 dilatem
506 4703 662 4758 solutionem,
681 4714 755 4766 quam
773 4705 816 4749 ιιι
834 4701 935 4766 nomine
949 4708 1077 4764 praestare
1090 4702 1205 4763 debebat,
1223 4705 1289 4755 male
1302 4703 1441 4755 audimram
1453 4718 1515 4754 esse.
1544 4702 1583 4753 Ex
1599 4717 1647 4768 qno
1661 4703 1740 4753 anim·

385 4775 512 4825 sdsertere
530 4774 644 4830 videbar,
663 4772 733 4836 quasi
751 4771 781 4819 ob
800 4769 874 4819 alium
894 4771 1001 4835 aliquem
1019 4771 1095 4823 ιιιιι
1113 4776 1178 4826 istud
1198 4778 1220 4827 ei
1238 4776 1399 4840 persuaseris,
1419 4775 1497 4839 quod,
1515 4774 1536 4825 si
1554 4776 1664 4838 primitus
1681 4773 1739 4822 mh.

384 4846 537 4905 olfecissem,
557 4860 613 4896 eam
629 4843 813 4907 persuasionem
831 4855 879 4890 non
899 4844 997 4892 omnino
1017 4846 1167 4897 exemissem.
1200 4847 1292 4897 Verum
1310 4860 1356 4911 ego
1375 4853 1512 4896 cetemrum
1530 4861 1612 4897 rerum
1628 4847 1738 4910 Ignarus,

383 4917 550 4982 quadrarum
568 4924 619 4973 est,
644 4915 751 4980 lugerem
768 4912 899 4964 nemean.
935 4912 1007 4964 Istud
1024 4925 1083 4979 ergo
1101 4919 1123 4967 si
1140 4919 1186 4970 titt
1204 4918 1350 4969 detrimento
1373 4916 1455 4984 aliquo
1478 4918 1523 4979 sit,
1548 4929 1599 4968 non
1616 4930 1671 4976 ιιι,
1694 4914 1741 4966 ssd
