3814 5818
389 362 456 430 320
812 364 912 416 literas
930 362 1033 429 Ksplsrl
1056 363 1207 429 aliorumque
1224 371 1328 417 neumas

388 527 469 576 dones
487 525 592 583 inunt,
612 530 639 576 et
656 521 798 589 quomodo?
835 521 912 572 Ratio
925 521 1063 574 Ptolemaei
1081 523 1141 572 mlbl
1160 537 1210 572 nou
1228 523 1361 585 adelade,
1380 522 1446 590 quod
1458 521 1627 577 borslnSole
1645 538 1750 585 sunum,

388 598 415 647 lu
432 596 508 647 Luna
523 610 635 647 mensem
653 595 797 645 constituet
834 592 886 643 Res
905 609 967 644 saue
985 594 1144 659 inquisitione
1163 594 1314 660 dignissima.

478 668 683 748 Keplerus:
707 666 755 727 De
788 666 896 727 effectu
929 666 1084 746 eclipsium
1118 667 1254 728 iuvenies
1279 666 1308 727 in
1332 665 1408 728 meis
1432 666 1567 728 thesibus
1591 667 1750 731 Meteoro-

391 756 505 836 logicis.
552 754 632 818 Sane
657 762 688 816 et
711 755 741 816 in
763 755 941 817 Ptolemaeo
966 764 997 816 et
1020 772 1077 835 ego
1101 773 1225 816 causam
1248 756 1419 818 naturalem
1442 756 1594 829 desidero,
1625 776 1678 818 cur
1702 759 1751 819 ei-

390 845 487 906 fectus
510 852 560 906 tot
582 844 734 906 mensibus
758 843 788 905 iu
812 841 885 906 Sole
910 852 941 925 et
963 844 1052 906 Luna
1076 844 1239 920 differatur,
1266 854 1339 925 quot
1355 844 1435 906 horis
1450 844 1608 925 eclipsisa
1627 845 1750 907 cardine

389 934 487 1009 abest,
512 944 544 995 et
567 943 669 995 tamen
688 933 754 1012 jam
777 932 973 1012 singularium
998 931 1115 994 duratio
1139 950 1193 1011 per
1208 932 1298 995 horas
1322 934 1353 994 iu
1368 933 1455 995 Luna
1476 953 1606 1008 menses,
1630 933 1663 995 iu
1678 934 1751 997 Sole

389 1042 484 1083 annos
509 1022 667 1101 significet.
715 1018 818 1091 Quare
846 1021 917 1083 olim
950 1040 1006 1100 ego
1030 1022 1137 1083 eadem
1160 1040 1234 1086 oum.
1251 1023 1427 1084 Ptolemaeo
1463 1022 1603 1094 licentia,
1630 1022 1753 1089 scilicet

388 1128 448 1173 non
470 1129 575 1189 parva,
600 1111 695 1172 talem
718 1110 759 1171 ini
784 1120 906 1171 secutus
932 1110 1066 1171 modum:
1092 1116 1165 1191 quot
1188 1110 1270 1171 horis
1295 1110 1439 1173 luminare
1458 1130 1550 1194 supra
1565 1111 1753 1174 horizontem

389 1200 516 1273 mansit,
548 1207 597 1261 tot
619 1199 648 1260 iu
673 1199 760 1260 Luna
782 1217 919 1274 menses,
956 1199 985 1259 in
1009 1198 1082 1261 Sole
1106 1197 1176 1260 anni
1200 1199 1282 1261 luere
1305 1200 1546 1280 praesuppositi,
1580 1199 1752 1281 exquibus

390 1287 437 1350 illi
461 1289 600 1349 effectum
625 1286 807 1361 sentiebant,
834 1286 883 1367 qui
907 1280 1133 1367 respondebant
1155 1287 1237 1349 horis
1261 1289 1385 1351 abortu
1409 1288 1546 1351 defectus
1563 1289 1751 1352 determina·

389 1377 441 1439 tis.
488 1377 619 1453 Verum,
648 1377 704 1437 hoc
727 1375 872 1437 modoad
897 1375 1115 1438 Ptolemaioum
1138 1376 1328 1452 confirmato,
1362 1377 1540 1458 principium
1563 1378 1752 1458 operationis

391 1465 513 1544 eclipsis
537 1463 654 1527 Solaria
687 1464 818 1526 cadebat
850 1472 920 1525 autc
953 1464 1072 1526 initium
1095 1464 1255 1544 eclipseos.
1301 1467 1398 1538 Puto,
1432 1466 1570 1529 defectus
1599 1484 1657 1527 non
1682 1469 1749 1546 pati

389 1562 453 1616 tam
477 1554 659 1633 exquisitum
683 1553 840 1627 calculum,
866 1571 921 1614 nec
945 1572 1019 1633 opus
1044 1572 1122 1629 esse,
1148 1573 1215 1615 cum
1233 1554 1340 1633 cuique
1364 1554 1424 1616 diei
1439 1556 1480 1617 sit
1496 1575 1552 1617 sua
1565 1555 1749 1634 significatio

391 1643 421 1704 in
445 1642 536 1704 astris
561 1661 599 1703 ex
622 1641 795 1723 aspectibus
820 1649 851 1703 et
873 1642 1062 1703 transitibus.
1111 1639 1187 1704 Cum
1202 1643 1299 1704 adhuc
1323 1643 1453 1705 nondum
1474 1649 1632 1706 exstarent
1656 1644 1752 1725 ephe-

390 1731 530 1806 merides,
555 1728 754 1793 aChaldaeis
778 1738 848 1793 sunt
871 1730 1061 1794 introductae
1086 1731 1289 1811 profectiones
1315 1731 1354 1793 ad
1375 1731 1593 1795 sublevandum
1617 1733 1752 1796 laborem

390 1817 561 1882 calculandi
584 1828 679 1882 astra.

461 1908 643 1958 Fabricius:
667 1908 708 1957 An
734 1906 839 1957 thema
864 1908 1356 1974 conceptionispraesuletgeuesi,
1387 1907 1427 1958 rel
1447 1906 1553 1959 contrat
1589 1908 1643 1975 Ego
1662 1911 1749 1975 genesi

389 1979 713 2101 ffbubXbmmsffiamo
732 1992 788 2029 cum
806 1982 865 2029 aere
882 1978 978 2029 imbibit
996 1980 1059 2029 rires
1078 1978 1153 2040 coeli,
1172 1995 1222 2029 uon
1240 1980 1456 2043 interceptione,
1477 1979 1519 2030 ubi
1537 1994 1587 2030 uon
1606 1987 1646 2031 est
1668 1980 1752 2039 bomo,

393 2210 495 2289 magni
520 2241 562 2253 —
587 2219 635 2272 est
662 2216 764 2272 autem
788 2228 836 2270 res
859 2228 970 2289 magna
999 2209 1072 2270 felix
1095 2210 1252 2289 conceptio
1277 2240 1319 2251 -
1343 2211 1378 2272 fit
1406 2210 1471 2273 sine
1501 2230 1650 2273 consensu
1675 2212 1751 2275 coeli

391 2298 532 2374 natalitii,
548 2306 589 2360 »et
611 2316 710 2380 „quse
733 2298 763 2359 in
788 2316 845 2359 uno
868 2299 959 2361 tertio
982 2298 1062 2360 inter
1085 2317 1118 2359 se
1142 2296 1366 2361 consentiunt“
1413 2298 1581 2380 Conceptio
1608 2318 1676 2361 cum
1692 2320 1751 2380 pa·

391 2388 528 2451 rentibus
548 2387 716 2457 consentit,
741 2385 886 2449 nativitas
910 2405 978 2449 cum
1000 2387 1122 2462 iisdem,
1155 2406 1227 2467 ergo
1251 2393 1283 2448 et
1306 2389 1464 2469 conceptio
1489 2407 1555 2450 cum
1578 2388 1750 2452 nativitate.

394 2478 429 2539 In
453 2477 558 2556 genesi
581 2495 652 2539 vero
677 2475 877 2538 discernenda
901 2477 990 2556 plane
1015 2476 1087 2537 mihi
1117 2476 1220 2538 thema
1247 2476 1420 2539 natalitium
1443 2477 1564 2539 sufficit.
1612 2477 1674 2539 Sed
1698 2487 1752 2540 tua

393 2584 487 2627 causa
510 2572 558 2626 est
580 2565 668 2639 bona,
694 2584 749 2627 nec
772 2565 999 2645 philosophica:
1024 2584 1113 2640 „cum
1129 2571 1198 2627 atre
1222 2567 1302 2627 vires
1326 2565 1403 2627 coeli
1421 2566 1557 2628 haurit.“
1604 2566 1750 2629 itabens
1869 2614 1870 2637 ,

393 2653 507 2724 dixisti,
532 2663 565 2715 ut
587 2655 699 2729 rhetor,
725 2662 838 2715 utnon
862 2663 896 2716 ut
918 2654 1153 2734 philosophicus.
1201 2655 1292 2717 Vires
1316 2674 1422 2734 nempe
1445 2655 1522 2717 oceli
1545 2662 1670 2734 propter
1694 2674 1748 2717 re·
1826 2691 1833 2708 .

393 2743 523 2805 hiculum
548 2743 627 2806 aeris
651 2762 712 2804 nou
734 2744 930 2814 imbibuntur,
965 2740 1135 2806 consistunt
1158 2743 1236 2805 enim
1261 2744 1290 2805 in
1315 2743 1533 2823 imaginatione
1554 2762 1654 2806 rerum
1677 2745 1750 2806 sub·

393 2831 549 2895 lunarium.

461 2921 641 2972 Fabricius:
661 2919 728 2981 Quis
745 2925 771 2970 te
788 2921 815 2969 in
833 2920 979 2984 physicis
997 2919 1282 2984 speculationibus
1301 2919 1422 2970 excellere
1440 2921 1528 2979 rideo,
1555 2920 1611 2972 ideo
1631 2927 1658 2972 et
1674 2919 1750 2972 huss

389 2994 635 3060 quaestiones
654 2991 781 3055 physic
793 3005 830 3040 as
849 2992 921 3040 simul
939 2992 983 3041 tibi
1001 3006 1139 3054 proponere
1157 2991 1222 3040 solui
1240 2991 1418 3041 discutiendas.

465 3063 610 3125 Quaeritur,
631 3076 664 3112 au
682 3063 828 3112 fulmina
845 3064 895 3110 sint
912 3064 1055 3123 materiata,
1075 3062 1113 3113 rel
1132 3062 1231 3125 spiritus
1245 3060 1360 3112 tautum?
1397 3060 1423 3111 Si
1440 3064 1585 3121 materiata,
1604 3078 1649 3113 cur
1666 3065 1751 3120 homo,

390 3136 428 3186 rel
448 3136 498 3185 elia
516 3144 631 3186 creatura
649 3135 775 3189 animata,
801 3142 851 3182 uon
869 3133 984 3182 laedatur
1002 3133 1049 3182 illis
1069 3134 1156 3183 eodem
1178 3133 1252 3183 modo
1278 3147 1322 3197 per
1341 3133 1524 3194 disjectiouem,
1556 3135 1750 3185 vulnerationem

390 3213 436 3257 aut
454 3206 666 3263 deformationem,
685 3211 715 3253 ut
732 3205 795 3252 muri
814 3211 841 3253 et
857 3202 957 3252 turres?
993 3202 1132 3253 Materiuta
1148 3219 1237 3267 nempe
1255 3204 1337 3253 locum
1355 3205 1492 3268 requirunt,
1512 3211 1538 3255 st
1551 3213 1683 3270 prepterea
1701 3206 1750 3256 alis

390 3290 494 3341 corpora
510 3278 624 3340 ingressa
640 3274 742 3323 molenti
759 3280 840 3328 motu:
857 3287 889 3322 ea
906 3274 1016 3323 sensibili
1034 3275 1144 3324 laesione
1164 3275 1285 3325 efficiunt
1323 3273 1372 3336 Qui
1389 3274 1430 3337 ns,
1456 3276 1522 3341 quod
1546 3279 1750 3327 tonitruum

389 3347 586 3468 ιιάιςέιοῗουιιὲἶ
603 3342 687 3463 mel
706 3344 742 3446 sd
756 3359 878 3394 summurn
896 3341 914 3392 l
932 3345 1047 3395 milliaris
1064 3359 1115 3394 uon
1133 3346 1274 3407 audiantur,
1295 3353 1382 3397 oontm
1400 3352 1577 3399 tormentorum
1595 3349 1749 3413 expletiones

392 3433 408 3469 s
461 3453 468 3477 ,
525 3451 532 3474 ,
570 3420 576 3434 ·
631 3416 739 3464 ''ana.

481 3488 685 3567 Keplerus:
720 3487 768 3548 De
802 3484 974 3548 fulminibus
1007 3487 1082 3549 haec
1103 3495 1156 3549 est
1185 3507 1252 3551 mea
1275 3490 1430 3552 sententia
1453 3490 1524 3565 (nec
1548 3491 1628 3553 enim
1652 3492 1748 3553 minus

391 3597 455 3653 me,
479 3595 534 3657 par
558 3583 620 3651 est,
646 3583 824 3657 arroganter
847 3577 1044 3656 respondere,
1069 3596 1158 3657 qnam
1181 3586 1214 3640 tu
1238 3578 1422 3642 confidenter
1445 3580 1595 3659 quaeris):
1625 3587 1657 3641 et
1681 3600 1747 3643 ma-

392 3666 512 3730 terialia
535 3685 614 3739 esse,
638 3672 670 3726 et
693 3665 826 3747 spiritus.
872 3666 953 3730 Nam
977 3674 1010 3728 et
1032 3667 1155 3747 spiritus
1180 3676 1228 3730 est
1251 3667 1389 3730 materia.
1436 3669 1569 3747 Lapides
1596 3687 1668 3732 vero
1693 3689 1748 3731 ue-

392 3757 503 3819 minem
527 3775 656 3837 uuquam
671 3756 827 3837 excepisse
842 3764 925 3837 puto,
950 3764 984 3818 ut
999 3757 1213 3837 specularetur.
1260 3757 1355 3819 Fallit
1375 3757 1513 3819 homines
1529 3757 1580 3819 via
1593 3776 1647 3820 seu
1662 3758 1747 3820 limes

393 3847 519 3909 adustus
543 3863 597 3925 per
621 3842 772 3910 arbores.¹
800 3846 846 3907 At
868 3864 927 3907 non
952 3845 1096 3925 sequitur,
1122 3845 1254 3926 lapidem
1269 3846 1352 3909 illam
1371 3854 1518 3909 metatum
1532 3846 1624 3910 viam.
1670 3847 1748 3909 Pro-

392 3943 508 4016 ponant
531 3935 602 3996 mihi
628 3936 767 4015 lapidem,
792 3934 1006 3996 demonstrabo
1025 3934 1101 4009 illis,
1126 3934 1153 3996 si
1178 3935 1278 3996 durior
1302 3954 1361 3996 non
1385 3935 1488 4010 fuerit,
1521 3936 1630 3997 millies
1655 3935 1747 3997 dissi·

393 4025 486 4086 luisse
511 4024 691 4103 oportuisse.
736 4025 782 4086 At
804 4021 1245 4086 exarboribusexsoinditur?
1275 4021 1466 4086 Oimbecille
1488 4024 1618 4086 fulmen!
1651 4025 1747 4103 Anxtu

393 4113 502 4188 credis,
523 4112 600 4173 hauc
624 4112 799 4174 violentiam
822 4113 851 4174 in
876 4113 955 4174 nodo
978 4107 1126 4175 haerere?
1171 4109 1260 4181 Quod
1279 4120 1381 4175 autem
1396 4132 1523 4194 corpora
1543 4131 1605 4174 non
1628 4112 1746 4175 eumin

393 4198 514 4264 modum
538 4200 744 4272 inimicentur,
769 4219 826 4280 quo
851 4201 947 4282 ligna,
972 4220 1065 4263 cansa
1088 4207 1137 4262 est
1158 4199 1317 4275 mollities,
1343 4220 1419 4281 quae
1443 4201 1557 4264 nullam
1581 4201 1674 4264 habet
1696 4221 1748 4265 re-

393 4288 580 4363 sistentiam,
605 4298 638 4352 et
660 4289 739 4371 quod
763 4290 867 4352 ostilia
889 4309 947 4352 non
971 4298 1056 4365 sunt,
1082 4296 1116 4351 ut
1139 4288 1231 4369 ligna.
1276 4289 1394 4353 Eadem
1418 4309 1524 4367 causa,
1559 4309 1611 4354 cur
1634 4291 1749 4371 liquent

393 4377 528 4441 metalla.
1428 4381 1433 4392 '

482 4467 623 4528 Juounda
645 4465 782 4546 quaestio
807 4466 844 4528 de
868 4466 994 4529 terribili
1018 4468 1149 4546 fragore.
1195 4467 1263 4543 „De
1289 4466 1359 4529 forti
1382 4467 1543 4531 dulcedo.“
1578 4467 1676 4530 Judic.
1697 4462 1746 4531 14.

393 4555 476 4636 Ergo
499 4574 650 4636 nunquam
673 4556 738 4618 sine
761 4555 839 4618 nube
863 4562 961 4617 tonat.
1012 4555 1057 4617 At
1079 4555 1173 4618 imber
1196 4552 1244 4617 ex'
1257 4565 1470 4618 concamerata
1494 4556 1620 4632 decidit,
1655 4575 1747 4637 eaque

396 4663 456 4708 uon
480 4643 563 4717 alta,
594 4662 633 4705 ex
654 4662 766 4724 vapore
789 4644 907 4706 scilicet
929 4642 1136 4724 copiosissime
1166 4644 1253 4707 simul
1281 4664 1320 4707 ex
1352 4653 1434 4708 terra
1467 4646 1628 4710 exhalante
1661 4644 1747 4709 simul

394 4753 414 4794 a
437 4749 565 4813 snpemo
590 4732 669 4794 aeris
693 4732 859 4813 frigorem
882 4750 992 4813 aquam
1014 4739 1156 4808 cooact03
1179 4733 1301 4797 clausus
1316 4734 1418 4815 itaque
1437 4734 1541 4815 fragor
1555 4741 1612 4798 est
1661 4733 1746 4796 Adde

395 4829 428 4883 et
451 4821 531 4903 quod
553 4820 696 4884 celeritas
719 4839 795 4901 pene
819 4819 886 4883 sola
908 4819 1038 4899 fragoris
1062 4840 1165 4883 causa.
1210 4822 1307 4897 Puto,
1337 4823 1496 4886 materiam
1518 4822 1651 4885 fulminis
1673 4841 1746 4886 eau-

395 4911 464 4977 dem
486 4928 565 4986 esse,
589 4928 666 4993 quae
689 4919 738 4974 cst
760 4910 791 4972 in
814 4928 887 4972 auro
910 4908 1048 4986 lericnte,
1071 4909 1157 4992 cujus
1179 4909 1294 4976 incensi
1316 4911 1396 4975 idem
1418 4918 1468 4977 est
1490 4911 1603 4994 fragor.
