3872 5836
381 376 448 444 362
808 378 909 430 Litana
926 379 1030 444 Kopierl
1048 378 1199 444 dumque
1216 384 1319 431 mutuae

378 541 588 612 Ptolemaaua3
610 537 745 599 invenies
769 535 914 599 distincta
935 559 1152 618 zeeapaqpopeoe
1175 539 1405 619 (quadrantes),
1436 538 1465 600 iu
1490 537 1598 619 quihus
1621 554 1746 610 aarum

385 629 574 702 (versantur)
597 627 758 705 planetae3
783 626 966 706 quadrantes
986 627 1077 706 igitur
1095 628 1221 690 zodiaci.
1268 627 1383 699 Quales
1407 628 1499 689 vero?
1542 625 1744 703 burchorum,

380 719 498 795 ludusa,
521 714 601 788 dou,
624 713 851 789 ἀποκεκλεκετα,
873 713 1080 792 Montanum,
1103 717 1159 779 hoo
1183 726 1246 791 est,
1272 717 1310 778 ab
1334 716 1488 778 horizonte
1512 715 1609 777 ortiro
1633 723 1666 776 et
1688 733 1742 775 oc·

380 806 468 868 ciduo
491 805 629 883 incepta,
663 803 693 864 in
717 804 942 883 nonagesimum
966 805 1058 884 igitur
1081 813 1168 867 extra
1190 805 1387 867 meridianum
1409 804 1615 867 terminantia.
1661 804 1743 865 Nam

277 919 281 927 “
380 914 439 957 uon
464 893 574 955 dieitur
596 913 839 971 cnupcqpopsor,
862 892 920 954 uisi
942 894 1095 973 perfectus
1119 895 1284 974 quadrans,
1312 913 1368 956 uec
1390 912 1464 972 pure
1487 891 1659 965 mamas,
1683 891 1743 953 uisi

381 981 616 1062 anouagesimo
639 981 789 1060 inceptus.
835 980 1013 1044 Decimo:
1046 991 1096 1044 est
1123 984 1225 1063 aliqua
1247 985 1366 1057 domus,
1396 1001 1473 1062 quae
1504 981 1612 1044 dicitur
1635 978 1743 1043 inm

383 1093 479 1150 φερας
511 1070 722 1150 &carpendas
754 1088 824 1131 vero
849 1071 988 1132 tribuitur
1016 1070 1111 1150 signis
1134 1072 1261 1133 zodiaci.
1308 1072 1422 1132 Domus
1446 1071 1539 1150 igitur
1561 1070 1741 1147 intelligitur

255 1187 264 1203 ε
380 1162 416 1222 de
446 1178 517 1220 arcu
544 1158 679 1234 zodiaci,
711 1158 762 1219 ille
790 1177 861 1220 vero
890 1160 999 1221 dieitur
1027 1165 1283 1238 dodaaaerpropcor.
1330 1160 1556 1222 Undecimo:
1589 1159 1635 1221 sio
1667 1156 1741 1220 alibi

381 1249 516 1328 appellat
547 1268 584 1309 sc
614 1252 836 1321 manducamus
867 1244 979 1320 ζωὸιοε.
1024 1251 1126 1311 Moru
1158 1258 1229 1310 snut
1256 1247 1371 1310 zodiaci
1395 1257 1498 1328 partes
1523 1247 1738 1310 duodecimae:

381 1355 457 1416 ergo
480 1337 596 1410 domus,
621 1354 697 1417 quae
722 1341 943 1412 conmemorans
957 1337 1075 1412 dicitur,
1100 1346 1149 1400 εει
1171 1337 1286 1399 zodiaci
1300 1356 1372 1416 pars
1386 1337 1458 1398 XII.
1513 1334 1739 1399 Duodecimo

380 1426 460 1488 ratio
490 1425 630 1499 accedat,
668 1443 736 1486 eum
760 1425 796 1486 de
820 1425 881 1487 situ
910 1426 1042 1505 partium
1065 1426 1180 1489 zodiaci
1213 1426 1398 1504 disputatur,
1431 1428 1509 1488 nudo
1542 1426 1605 1487 illic
1636 1423 1738 1506 potius

380 1514 522 1592 incipiat,
558 1533 647 1594 quam
670 1533 688 1574 a
711 1521 822 1593 puncto
854 1514 1013 1576 altissimo.
1063 1515 1140 1577 Hinc
1163 1515 1357 1577 Ptolemaeus
1381 1514 1463 1584 alibi,
1492 1533 1559 1576 eum
1583 1514 1676 1575 etiam
1700 1513 1738 1574 de

378 1623 480 1674 tuaac
503 1598 802 1685 συσχηματιζομεεοις
826 1602 905 1683 agit,
940 1605 1076 1684 appellat
1099 1625 1150 1665 cos
1179 1625 1254 1666 recu
1280 1623 1414 1682 acpucqr
1437 1623 1527 1665 aeaco
1558 1603 1738 1684 quadratum

379 1694 417 1755 ab
450 1692 627 1770 horoscopo.
673 1691 907 1754 Trsdecimo:
942 1713 961 1754 a
990 1712 1063 1754 voce
1092 1692 1186 1755 Medii
1206 1691 1302 1755 Coeli.
1350 1690 1384 1752 Si
1408 1692 1486 1755 enim
1517 1693 1659 1754 zodiacus
1687 1697 1739 1752 εει

375 1782 405 1844 iu
430 1781 534 1842 domos
557 1779 781 1841 distribuendus
803 1790 927 1861 propter
950 1782 1140 1861 planetarum
1169 1782 1198 1843 in
1224 1800 1259 1842 eo
1282 1780 1469 1842 versantium
1493 1789 1595 1843 status
1619 1798 1737 1860 erpen-

376 1870 501 1943 deudos,
525 1876 647 1948 oportet
668 1869 772 1948 utique
797 1870 863 1948 ejus
881 1871 1012 1933 medium
1030 1890 1088 1933 non
1104 1871 1226 1933 verbale
1246 1888 1315 1931 esse
1338 1870 1368 1931 iu
1384 1869 1558 1945 meridiano,
1583 1869 1638 1930 sed
1652 1868 1737 1930 reale

377 1965 465 2021 extra
488 1957 685 2019 meridianum
708 1957 738 2018 in
761 1958 966 2038 nonagesimo.

467 2045 569 2120 Satis,
603 2045 725 2126 opinor,
764 2047 879 2109 obtinui
911 2048 1117 2127 propositum3
1159 2066 1236 2108 nunc
1270 2046 1427 2109 audiamus
1458 2051 1548 2124 porro
1576 2044 1735 2108 Stadiumr

376 2134 611 2209 „Ptolemaeus,
648 2134 699 2196 ubi
731 2134 769 2196 de
800 2136 979 2198 deductione
1010 2143 1239 2216 prorogatorem
1263 2135 1346 2214 agit,
1384 2136 1428 2196 M.
1454 2132 1490 2197 Ο.
1515 2135 1545 2195 iu
1569 2132 1737 2196 meridiano

376 2222 570 2285 constituit.“
615 2222 675 2284 Est
696 2241 769 2302 ergo
794 2224 905 2304 duplex
926 2225 970 2288 Μ.
996 2224 1032 2288 O.
1057 2243 1112 2304 pro
1136 2223 1248 2304 duplici
1270 2224 1422 2298 instituto,
1451 2223 1567 2286 duobus
1590 2222 1734 2296 motibus,

375 2311 492 2373 duobus
515 2311 667 2391 primariis
690 2310 809 2375 circulis
832 2331 991 2394 eorumque
1014 2314 1103 2394 polis,
1126 2320 1160 2375 et
1183 2312 1374 2375 latitudinum
1398 2311 1651 2392 verticalibusque
1671 2310 1734 2373 elr-

375 2399 460 2462 culis.
507 2399 588 2462 Nam
615 2400 643 2462 si
670 2401 709 2462 de
742 2400 802 2463 situ
831 2401 947 2481 agimus
976 2402 1110 2477 zodiaci,
1144 2404 1186 2464 M.
1213 2400 1249 2464 Ο.
1279 2409 1328 2462 εει
1356 2400 1386 2461 iu
1409 2399 1505 2480 gradu
1528 2400 1735 2480 nonagesimi;

376 2489 423 2551 sin
448 2490 549 2551 autem
574 2489 611 2550 de
634 2496 716 2551 motu
739 2490 845 2568 primo,
870 2490 956 2553 utin
980 2492 1119 2554 doctriua
1142 2490 1348 2563 directionum,
1374 2498 1428 2552 aut
1451 2489 1477 2552 si
1496 2489 1733 2563 consideramus,

375 2584 520 2660 quantum
544 2578 640 2640 distet
662 2577 735 2654 Sol,
759 2579 863 2654 Luna,
888 2579 936 2641 vel
959 2582 1112 2659 planetae,
1136 2580 1253 2642 ratione
1276 2586 1377 2640 motus
1400 2578 1487 2659 primi
1511 2598 1530 2639 a
1557 2576 1731 2650 meridiano,

375 2667 413 2728 ab
438 2684 474 2727 eo
497 2685 541 2728 so.
564 2676 687 2746 puncto,
711 2668 742 2729 in
766 2686 823 2748 quo
847 2668 891 2731 illi
915 2688 950 2730 εο
973 2669 1022 2732 die
1046 2669 1109 2731 fieri
1132 2675 1261 2748 possunt
1284 2666 1435 2741 altissimi,
1461 2676 1495 2729 ut
1518 2668 1552 2727 iit
1575 2668 1606 2728 iu
1630 2666 1732 2745 capito

374 2757 411 2818 de
436 2755 636 2834 dignitatibus
659 2763 692 2818 et
714 2757 804 2818 alibi:
829 2767 901 2819 tunc
924 2758 967 2820 M.
994 2758 1030 2821 0.
1055 2758 1158 2820 estin
1182 2756 1361 2828 meridiano,
1385 2755 1456 2836 quia
1479 2775 1515 2817 eo
1539 2755 1587 2817 die
1610 2755 1736 2836 planeta

375 2864 432 2907 non
457 2844 591 2907 absolvit
612 2845 787 2921 zodiacum,
821 2847 877 2908 sed
904 2848 1100 2926 parallelum,
1135 2848 1218 2926 cujus
1249 2852 1393 2926 puuctum
1424 2844 1608 2906 altissimum
1630 2853 1680 2905 εει
1704 2842 1735 2906 ἰε

373 2932 547 2997 meridiano.
595 2932 726 2997 Secutus
749 2943 799 2997 ost
821 2936 878 2998 hoo
902 2935 1061 2999 Cardenus
1085 2937 1114 2997 io
1138 2934 1275 2998 eerrtnria
1296 2932 1467 3013 genesium,
1494 2933 1635 2995 etmulti
1659 2940 1733 2994 ante

372 3041 450 3084 eum.
496 3021 673 3101 Exemplum
697 3043 736 3086 ex
758 3043 826 3088 mes
839 3025 966 3105 genesii
989 3045 1048 3087 nou
1072 3033 1120 3087 εει
1142 3025 1233 3086 altior
1255 3023 1367 3102 gradus
1381 3020 1498 3083 zodiaci
1515 3040 1605 3101 qnam
1619 3017 1729 3094 25034,

373 3109 443 3191 qnia
465 3111 559 3173 oritur
582 3106 695 3185 25011.
742 3115 788 3176 At
811 3113 922 3192 gradus
945 3114 989 3176 M
1015 3111 1050 3176 Ο.
1085 3112 1243 3179 (Oardano
1267 3111 1377 3173 dicitur
1400 3129 1460 3171 cor
1483 3111 1578 3180 coeli)
1607 3104 1733 3171 22⁰ae

373 3199 450 3261 satis
473 3217 583 3278 magno
607 3219 679 3261 arou
703 3210 752 3263 εει
774 3201 926 3271 humilior,
959 3221 1048 3282 quam
1071 3199 1181 3274 25034.
1229 3199 1283 3263 Sol
1307 3199 1431 3261 veroin
1460 3195 1562 3274 15⁰5
1585 3197 1614 3259 in
1637 3198 1731 3260 meri-

373 3288 462 3348 diano
487 3288 607 3367 quidem
631 3288 665 3349 lit
688 3288 872 3363 altissimus,
898 3301 932 3351 at
955 3309 992 3351 ne
1015 3289 1093 3351 hano
1117 3290 1236 3370 quidem
1260 3308 1295 3352 eo
1320 3289 1367 3350 die
1392 3287 1566 3368 assequitur
1588 3287 1731 3349 altitudi-

372 3394 451 3448 nem,
477 3393 565 3454 quam
589 3375 684 3437 habet
705 3373 835 3450 22⁰&
860 3378 914 3439 sed
938 3379 1032 3440 multo
1056 3379 1211 3442 minorem.
1258 3379 1365 3459 ltaque
1388 3377 1507 3438 ratione
1521 3376 1600 3439 situs
1615 3370 1734 3439 22⁰ae

373 3463 488 3524 nullam
510 3463 605 3525 habet
626 3464 802 3540 efficaciam,
829 3475 861 3528 ut
884 3467 977 3528 habet
998 3486 1141 3545 maguam
1165 3467 1282 3529 ratione
1306 3474 1416 3528 motus.
1462 3464 1505 3526 Et
1526 3472 1618 3538 εειε,
1642 3470 1677 3525 ut
1698 3483 1733 3525 so

370 3550 465 3613 habet
487 3551 564 3614 situs
588 3553 627 3614 ad
650 3572 777 3633 eorpus,
813 3554 856 3616 sic
885 3574 919 3617 se
947 3556 1040 3617 habet
1063 3564 1175 3629 ructus,
1211 3556 1249 3617 ad
1277 3556 1381 3616 vitam.
1428 3553 1732 3616 inconsideratione

370 3639 463 3720 igitur
487 3641 621 3720 corporis
645 3652 677 3704 et
700 3662 776 3724 quae
800 3644 966 3706 adhaerent
988 3664 1043 3724 pro
1066 3645 1109 3707 Μ.
1136 3643 1172 3708 G.
1198 3644 1409 3724 nonagesimus
1424 3650 1474 3703 est
1491 3641 1730 3705 considerandus

300 3765 315 3772 -
370 3728 482 3807 magis:
507 3739 541 3792 at
564 3731 592 3792 in
617 3732 858 3795 consideratione
881 3734 978 3809 vitae,
1003 3734 1032 3796 h.
1058 3754 1084 3796 e.
1110 3734 1262 3795 actionum
1284 3732 1429 3804 hominis,
1454 3738 1486 3793 et
1509 3750 1586 3811 quae
1610 3731 1729 3794 adhae-

369 3826 451 3892 rent,
476 3828 510 3881 ut
533 3827 564 3880 et
587 3822 617 3882 in
642 3822 874 3895 directionibus,
903 3823 1024 3884 omnino
1047 3822 1216 3903 praepollet
1239 3822 1282 3882 Μ.
1309 3820 1345 3883 O.
1370 3820 1399 3881 in
1425 3820 1600 3882 meridiano.
1647 3819 1730 3882 Dili-

370 3916 479 3988 genter
500 3908 593 3987 igltur
616 3911 866 3973 considerandum
890 3912 979 4002 quale
1002 3912 1046 3974 M.
1072 3911 1108 3976 G.
1134 3909 1240 3992 quovis
1255 3908 1424 3972 Ptolemaei
1448 3910 1513 3971 loco
1537 3909 1727 3981 adhibeatur,

370 4003 403 4056 ot
426 3997 548 4059 sublata
572 3998 629 4060 erit
653 4000 748 4060 omnis
773 3999 946 4062 difficultas.

461 4085 568 4165 Pergit
590 4085 732 4150 Stadios:
766 4089 950 4150 meridianus
975 4088 1013 4150 ab
1036 4087 1192 4149 horizonte
1220 4104 1340 4163 semper
1368 4105 1422 4147 sex
1445 4085 1529 4147 horis
1552 4083 1731 4165 aequalibus

370 4171 477 4244 disat,
500 4183 534 4236 ut
557 4173 648 4236 docet
669 4176 897 4238 Ptolemaeus.“
943 4179 989 4247 Λι
1012 4178 1097 4245 haec,
1121 4195 1139 4238 o
1160 4175 1258 4249 Stsdi,
1283 4172 1462 4253 ἀκυρολογια
1485 4182 1543 4247 εει,
1565 4193 1625 4236 uon
1640 4192 1730 4236 usur·

371 4272 448 4340 puta
470 4281 490 4323 a
513 4262 689 4325 Ptolemaeo
714 4265 770 4325 hoc
794 4266 870 4328 loco.
908 4265 1008 4328 Nullis
1032 4265 1114 4327 horis
1137 4265 1255 4327 distant
1276 4264 1307 4325 lri
1321 4265 1435 4334 circuli,
1460 4263 1515 4324 sed
1538 4262 1626 4325 simul
1649 4268 1730 4326 sunt

369 4349 502 4412 Planata
534 4368 605 4412 vero
639 4370 705 4414 cum
739 4361 788 4414 est
818 4354 849 4415 io
880 4354 1053 4424 horizonte,
1087 4353 1177 4415 abest
1208 4375 1228 4415 a
1257 4352 1423 4415 meridiano
1452 4369 1573 4431 sempor
1604 4347 1731 4415 bhoris

369 4456 428 4498 nou
444 4439 623 4519 aequalibus
637 4460 758 4523 semper
776 4450 808 4503 et
822 4442 959 4505 omnibus
983 4443 1100 4517 diebus,
1124 4443 1179 4503 sed
1202 4441 1420 4522 temporalibus
1443 4439 1654 4521 inaequalibus
1676 4457 1732 4521 per

370 4526 436 4588 dies
459 4527 606 4602 diversos,
632 4549 708 4609 quae
732 4539 835 4592 ιεειεε
858 4540 929 4594 snut
952 4531 1095 4613 aequales
1118 4531 1148 4592 in
1174 4533 1222 4594 dic
1246 4549 1305 4592 nuo
1329 4529 1408 4593 iuter
1430 4550 1464 4592 εε
1488 4529 1585 4610 ipsae.

458 4614 547 4688 Quae
570 4617 599 4678 iu
624 4618 732 4682 Studio
756 4627 938 4700 sequuntur,
975 4639 1033 4682 uon
1062 4620 1198 4701 indigent
1221 4619 1484 4683 commentatione.
1531 4617 1600 4680 Non
1623 4636 1730 4698 repre-

369 4702 467 4765 hendo
494 4705 735 4770 distributionem
758 4708 897 4770 domuum
921 4708 1170 4788 Regiomontani,
1202 4710 1228 4771 si
1252 4727 1310 4770 non
1333 4726 1387 4787 pro
1411 4706 1600 4769 Ptolemaios
1622 4706 1731 4769 vendi-

370 4800 461 4856 tetur.
509 4794 619 4857 Posset
648 4796 775 4876 aliquis,
809 4806 844 4857 ut
871 4815 1013 4876 superum
1043 4798 1295 4881 hemisphaerium
1322 4797 1352 4857 in
1377 4792 1397 4859 6
1421 4804 1580 4876 segmenta
1601 4795 1730 4870 dividat,

371 4881 410 4943 ad
434 4882 663 4948 similitudinem
686 4883 920 4965 Regiomoutani
943 4906 999 4969 per
1020 4887 1172 4950 sectioues
1194 4896 1316 4951 mutuas
1338 4885 1502 4947 horizontis
1524 4893 1558 4946 st
1575 4882 1733 4949 seruantis
