3788 5828
389 412 453 477 tro
903 360 1234 478 afflaammaa

384 580 616 652 doompaoaoc,
651 580 791 634 oorreeta
823 571 911 632 modo
945 570 1106 642 distantia,
1140 571 1313 632 existiment
1345 569 1510 635 astronomi
1544 569 1601 632 sibi
1632 569 1750 632 abunde

388 662 591 726 satisfactum.

476 751 510 813 lu
526 750 603 813 Jove
627 748 700 810 nihil
720 748 789 827 jare
813 748 980 809 desiderari
1002 756 1115 827 potest.
1162 749 1241 810 Nam
1266 749 1405 826 exiguam
1421 747 1514 809 hahet
1537 748 1749 823 differentiam,

390 850 481 923 atque
503 838 648 902 minorem
671 845 812 898 sextante
836 837 959 916 gratim.

475 928 564 1000 Quod
597 934 696 988 autem
729 925 832 991 etiam,
850 925 878 986 in
903 925 1004 988 Marte
1038 924 1173 985 semissis
1201 926 1312 1004 gradus
1345 923 1495 998 abundat,
1528 922 1600 986 nihil
1632 924 1749 1002 mirum,

386 1040 440 1083 nec
464 1038 510 1081 me
535 1025 656 1079 movet:
682 1022 784 1076 movet
808 1015 837 1075 id
860 1014 971 1092 potius,
997 1014 1140 1094 majorem
1165 1033 1221 1075 non
1247 1033 1314 1075 esse
1336 1013 1555 1075 diversitatem.
1604 1014 1750 1077 Testatur

387 1108 464 1170 euim
489 1107 517 1168 ln
541 1105 729 1186 praefatione
753 1103 961 1182 Ephemeridis
985 1103 1024 1164 ad
1048 1121 1157 1164 annum
1185 1100 1267 1166 1577
1291 1103 1490 1164 Maestliuus:
1527 1102 1636 1164 sideris
1661 1103 1749 1183 hujus

385 1216 504 1259 errores
527 1216 546 1257 a
569 1194 685 1257 calculo
708 1193 789 1254 iutra
812 1193 935 1253 duomm
960 1192 1106 1271 graduum
1130 1191 1288 1271 angustias
1313 1190 1380 1271 cogi
1404 1211 1461 1253 non
1485 1210 1587 1272 posse.

473 1285 542 1346 Jam
572 1284 609 1344 ad
638 1280 795 1343 inferiores
820 1281 950 1358 Q'etb
984 1278 1061 1360 quod
1092 1281 1219 1353 attinet,
1252 1281 1310 1342 etsi
1344 1299 1415 1359 prae
1440 1279 1644 1359 superioribus
1668 1299 1748 1342 non·

385 1375 458 1437 nihil
483 1370 706 1436 commoditatis
730 1370 842 1431 habere
865 1371 1021 1444 videntur,
1050 1378 1212 1449 propterea
1236 1370 1314 1451 quod
1339 1389 1377 1431 ex
1400 1369 1592 1449 elongatione
1616 1370 1750 1431 maxima

387 1463 505 1525 facilius
530 1470 594 1535 est,
623 1478 713 1540 quarn
737 1478 775 1519 ex
797 1457 956 1540 ἀκρωνχιᾳ
979 1458 1204 1532 observatione,
1234 1459 1365 1537 ipsorum
1389 1459 1477 1519 orbes
1501 1457 1647 1533 dimetiri,
1681 1457 1750 1538 ipsa

386 1561 487 1614 tamen
513 1548 694 1613 observandi
717 1547 768 1609 via
795 1548 867 1609 mihi
899 1555 1123 1627 suspectaret.
1170 1545 1317 1617 Quamvis
1346 1546 1457 1609 rectius
1486 1547 1668 1608 astronomia
1689 1548 1748 1609 hoo

386 1641 606 1703 aestimandum
629 1637 780 1716 relinquo:
812 1656 917 1716 nempe
941 1643 1040 1697 utrum
1064 1652 1121 1697 noo
1145 1636 1175 1697 in
1199 1637 1246 1697 his
1268 1635 1402 1716 planetis
1426 1652 1570 1714 vapomm
1594 1636 1746 1698 densitate

386 1740 417 1792 et
439 1730 566 1812 physica
588 1725 751 1808 parallaxi,
776 1744 865 1806 quam
888 1742 942 1786 nec
967 1724 1020 1786 Sol
1045 1744 1098 1785 neo
1123 1725 1211 1787 Luna
1234 1724 1354 1800 elluqit,
1379 1725 1527 1785 interdum
1552 1720 1744 1797 lallantnr⁸).

386 1817 479 1883 Certe
511 1816 693 1880 Maestlinus
721 1813 750 1874 in
781 1814 995 1894 Disputatione
1028 1813 1064 1874 de
1097 1812 1286 1893 Eelipsihus‚
1303 1806 1346 1885 ⁶¹)
1369 1812 1447 1874 thesi
1477 1811 1530 1876 58.
1563 1810 1599 1874 de
1624 1814 1745 1876 Venere

385 1909 530 1981 affirmat,
556 1905 634 1987 quod
655 1923 714 1966 non
739 1922 807 1965 raro
831 1902 899 1965 visa
923 1903 1013 1963 luerit
1036 1902 1102 1980 ejus
1126 1922 1144 1963 a
1168 1902 1239 1965 Sole
1270 1921 1362 1982 prope
1387 1902 1574 1967 horizontem
1596 1903 1747 1964 distantia

386 1996 562 2059 notabiliter
584 1993 681 2055 minor
703 2012 786 2054 vera.
834 1990 957 2063 Quanto
972 1991 1069 2069 magis
1094 1991 1123 2052 id
1148 1992 1185 2052 de
1204 1991 1354 2053 Mercurio
1378 1990 1436 2053 dici
1459 1991 1582 2070 poterit,
1608 1992 1657 2073 qui
1682 1993 1745 2053 fere

386 2102 506 2165 semper
529 2083 585 2145 sub
601 2082 682 2145 Solis
705 2081 799 2143 radiis
823 2090 885 2154 est,
911 2091 943 2141 et
966 2080 1102 2160 quamvis
1126 2080 1275 2142 interdum
1296 2087 1442 2159 emergat,
1468 2098 1618 2160 nunquam
1644 2088 1746 2142 tamen

386 2175 442 2237 nisi
466 2192 560 2254 pmpe
583 2173 769 2233 horizontem
796 2190 850 2251 per
875 2170 1065 2248 interjectam
1088 2168 1313 2231 exhalationum
1337 2170 1454 2247 copiam
1484 2177 1588 2230 nostro
1611 2189 1645 2230 se
1668 2170 1746 2230 visul

384 2269 570 2345 praesentat
615 2260 658 2322 Et
680 2261 817 2340 quamvis
844 2258 958 2319 Veneri
983 2256 1166 2337 opitulentur
1189 2258 1266 2319 lixae
1295 2257 1381 2319 simul
1410 2266 1442 2318 et
1473 2276 1566 2337 prope
1591 2276 1743 2336 appareo·

385 2362 454 2428 tes,
478 2351 645 2413 Mercurius
673 2358 777 2410 tamen
805 2345 990 2428 frequentius
1020 2346 1050 2408 iu
1075 2347 1163 2426 culpa
1187 2355 1302 2420 manet,
1339 2347 1387 2428 qui
1414 2346 1479 2425 ipse
1512 2362 1580 2407 raro
1604 2346 1746 2421 cernitur,

387 2449 418 2502 et
448 2441 545 2502 rarius
575 2440 653 2501 fixae
680 2455 774 2517 prope
803 2437 910 2516 ipsum.
957 2433 1092 2514 Cumque
1125 2436 1201 2496 haec
1225 2434 1313 2496 hodie
1338 2435 1495 2509 accidant,
1518 2435 1674 2508 ,credibile
1699 2442 1747 2497 est

388 2536 420 2592 et
443 2528 596 2590 veterstrus
621 2527 856 2608 quantiscunque
885 2524 1049 2586 artificibus
1074 2523 1211 2585 accidere
1244 2524 1388 2603 potuisse.
1436 2524 1520 2585 Nam
1538 2524 1617 2604 quod
1648 2524 1746 2585 leoto-

388 2638 451 2682 rem
476 2614 513 2679 de
538 2635 573 2679 eo
597 2636 653 2678 non
678 2622 809 2690 monent,
834 2614 864 2675 id
888 2614 983 2693 ipsum
1007 2613 1207 2692 suspicionem
1232 2614 1269 2674 de
1293 2613 1395 2675 horum
1413 2612 1604 2693 planetarum
1627 2612 1745 2675 dimen-

388 2707 521 2770 sionibus
543 2705 663 2768 vltiosis
688 2712 788 2783 auget
833 2703 900 2765 Hoc
924 2702 1002 2763 enim
1026 2701 1134 2764 iudicio
1158 2711 1220 2778 est,
1252 2721 1306 2762 nec
1331 2702 1570 2765 animadversum
1595 2701 1669 2782 ipsis
1694 2722 1747 2763 rrae

389 2803 556 2860 correctum
585 2814 668 2868 esse,
703 2793 729 2854 ai
758 2792 828 2872 quid
861 2811 899 2854 ex
923 2811 957 2852 eo
981 2787 1046 2854 'vitii
1079 2791 1207 2854 exstitit.
1260 2788 1363 2861 Quare
1395 2793 1424 2854 iu
1454 2792 1582 2853 lectione
1610 2799 1746 2853 veterum

388 2884 534 2966 imprimis
557 2882 755 2965 spectandum
780 2902 847 2944 esse
870 2889 953 2961 puto,
978 2888 1076 2943 utrum
1101 2881 1284 2960 singularum
1300 2879 1551 2953 observationum,
1577 2900 1653 2960 quae
1669 2880 1747 2942 alle-

387 2983 507 3055 gantur,
530 2973 731 3037 instrumenta
755 2980 787 3033 et
810 2972 890 3033 modi
913 2970 981 3031 huic
1006 2972 1100 3031 errori
1124 2970 1243 3033 obnoxii
1268 2989 1336 3031 esse
1360 2970 1523 3050 potuerint.

475 3063 591 3124 Deinde
616 3081 673 3123 non
697 3060 807 3140 injuria
829 3070 946 3130 metuo,
978 3069 1012 3119 ut
1035 3061 1130 3120 multa
1154 3060 1250 3120 adhue
1274 3059 1303 3120 ln
1327 3059 1444 3120 ratione
1468 3057 1676 3139 hypothesium
1701 3058 1747 3120 his

387 3150 503 3214 duobus
535 3150 667 3231 planetis
698 3150 807 3210 relicta
840 3149 956 3210 incerta
986 3148 1056 3208 sint.
1104 3147 1291 3226 Coperuicus
1323 3149 1372 3220 (ut
1404 3146 1556 3231 eplligitur
1589 3166 1627 3207 es
1657 3147 1746 3208 modo

386 3239 489 3322 posita
511 3238 644 3311 Rhatiai,
667 3247 699 3299 et
721 3238 800 3299 inira
823 3256 859 3296 ex
879 3236 1034 3297 Maestlini
1059 3236 1203 3314 epistola)
1225 3237 1294 3313 plus
1316 3236 1485 3298 Ptolemaei
1508 3235 1632 3316 placita,
1659 3252 1747 3315 quam

388 3329 630 3391 observationum
659 3327 872 3388 necessitatem
902 3334 1022 3385 secutus
1052 3333 1100 3385 est
1130 3325 1159 3384 in
1185 3326 1378 3386 emendandis
1410 3325 1581 3386 inferiorum
1610 3325 1746 3385 theoriis.

388 3416 457 3488 Qua
480 3418 509 3479 in
533 3436 566 3480 re
590 3435 647 3497 quo
671 3416 768 3477 minus
791 3412 969 3491 reprehendi
991 3420 1106 3491 posset,
1131 3412 1279 3474 Rbetious
1302 3412 1331 3474 iu
1357 3434 1412 3474 sua
1436 3414 1606 3475 narratione
1631 3414 1746 3475 effecit:

388 3508 437 3568 ubi
470 3514 585 3579 monet,
620 3503 848 3584 religiosissime
879 3509 1013 3563 veterum
1046 3501 1187 3580 vestigiis
1220 3502 1433 3564 inhaerendum
1466 3522 1520 3564 neo
1554 3501 1642 3562 t'acile
1678 3502 1748 3580 quid

387 3596 575 3668 mutandum,
610 3595 704 3655 donec
734 3590 979 3654 observationum
1011 3599 1147 3652 extrema
1174 3591 1342 3652 necessitas
1370 3603 1488 3670 urgeat.
1536 3588 1624 3660 Quod
1654 3591 1748 3669 igitur

387 3685 464 3746 adeo
488 3683 656 3765 exquisitae
679 3680 908 3743 observationes
932 3678 1034 3740 haberi
1059 3696 1115 3740 non
1139 3689 1279 3760 possent,
1311 3700 1347 3741 ea
1370 3681 1502 3742 fortasse
1535 3678 1610 3741 satis
1635 3698 1748 3758 magua

387 3794 482 3836 causa
509 3772 565 3835 fuit
589 3769 695 3833 artidei
718 3766 967 3848 prudentissimo,
986 3770 1122 3848 'praeter
1150 3769 1458 3830 accommodationem
1487 3770 1524 3830 ad
1549 3789 1604 3830 sua
1633 3768 1748 3847 placita

388 3863 461 3924 nihil
485 3861 609 3922 ulterius
633 3860 663 3921 in
686 3859 826 3940 planetas
850 3857 940 3918 hosce
965 3858 1110 3920 tentandi.

476 3948 564 4020 Quod
593 3949 685 4029 igitur
716 3947 745 4009 iu
774 3947 894 4008 Venere
927 3966 1066 4027 maguam
1089 3948 1175 4008 vides
1199 3965 1320 4007 arcuum
1350 3947 1568 4020 diversitatem,
1603 3944 1669 4024 ejas
1704 3945 1749 4006 rei

387 4040 505 4120 culpam
533 4038 612 4100 inter
640 4045 757 4111 cetera,
790 4055 865 4117 quae
889 4035 917 4096 in
942 4054 1051 4115 genere
1074 4036 1236 4115 praemisi,
1265 4037 1358 4115 (quae
1391 4045 1421 4099 te
1449 4037 1542 4117 probe
1576 4035 1748 4097 meminisse

387 4128 510 4203 velim),
541 4126 632 4189 etiam
656 4127 684 4189 in
713 4126 788 4188 haec
815 4125 903 4187 modo
932 4125 1066 4205 allegata
1094 4124 1274 4186 offendiculi
1302 4126 1418 4200 confer3
1452 4133 1484 4186 et
1511 4123 1749 4203 trragnitudiuem

389 4216 557 4280 discordiae
582 4215 816 4307 aequinomitate
840 4221 909 4287 tua,
941 4214 966 4275 si
991 4216 1066 4276 bene
1091 4213 1210 4292 singula
1233 4214 1434 4294 perpendisti,
1465 4214 1554 4275 facile
1579 4213 1747 4291 superabis.

388 4304 457 4377 Qua
480 4306 509 4368 in
533 4324 566 4367 re
590 4323 699 4384 magno
722 4304 778 4366 tihi
802 4303 912 4366 solatio
937 4304 1008 4377 erit,
1043 4302 1123 4382 quod
1146 4322 1286 4365 uumerus
1312 4301 1538 4383 Copernioanus
1563 4301 1678 4363 medius
1702 4311 1750 4363 est

388 4395 466 4457 inter
489 4414 577 4457 arcus
602 4414 639 4455 ex
662 4392 844 4473 interposita
872 4402 903 4455 et
930 4412 969 4454 ex
992 4392 1104 4454 omissa
1127 4391 1214 4453 Luna
1242 4393 1436 4472 prodeuntes.
1482 4391 1561 4455 Nam
1593 4391 1618 4451 si
1647 4392 1749 4454 orbem

381 4501 528 4562 magnum
552 4490 718 4565 systemate
742 4483 847 4544 Lunae
870 4481 1000 4543 sarcias:
1027 4480 1205 4543 ioosatdron
1222 4481 1373 4543 Venerem
1396 4482 1514 4559 longius
1538 4502 1556 4541 a
1580 4481 1676 4542 Terra
1699 4481 1748 4542 di-

386 4579 489 4634 movet
511 4580 601 4653 atque
626 4569 810 4651 Copemious
834 4570 983 4650 prodidit:
1009 4569 1055 4631 sin
1080 4578 1202 4631 exemto
1217 4571 1303 4632 Luna
1327 4570 1491 4631 tenuiore-m
1513 4569 1629 4630 efficias
1648 4568 1748 4630 orbem

387 4679 544 4740 maguum,
569 4662 664 4739 dgura
687 4660 839 4722 Venerem
862 4659 982 4721 nimium
1005 4677 1097 4738 prope
1122 4659 1269 4732 admittit,
1295 4660 1505 4738 majoremque,
1536 4677 1623 4737 quam
1649 4666 1698 4719 est
1720 4657 1747 4718 in

388 4747 565 4830 Gopemico,
590 4768 658 4812 esse
681 4749 805 4830 patitur.
853 4746 955 4819 Quare
983 4747 1097 4828 aliquid
1120 4748 1218 4809 miuus
1241 4748 1328 4809 Luna
1352 4766 1413 4809 rom
1434 4749 1542 4825 juvare
1565 4748 1692 4826 poterit,
1724 4746 1748 4808 si

373 4840 535 4925 'muendus
560 4835 746 4917 Copernicus
769 4847 827 4900 ost.

475 4929 522 4991 De
544 4926 694 4991 Mercurio
716 4944 788 4988 vero
812 4934 930 4988 tantum
949 4925 1015 5005 jam
1040 4925 1152 4987 dietam
1177 4933 1238 4997 est,
1270 4922 1387 5003 dicique
1412 4923 1541 5005 amplius
1563 4933 1683 5003 potest,
1717 4932 1749 4985 ut
