3786 5808
338 334 398 385 xlv

429 492 527 565 Quum
550 491 676 573 singulis
698 488 822 572 Kepleri
846 489 986 572 operibus
1008 490 1250 573 praemiserimus
1272 489 1488 572 praefationes,
1519 489 1625 573 quibus
1648 508 1698 556 res

339 601 508 664 indicantur
531 606 639 662 notatu
662 598 814 678 digniores
837 616 913 678 quae
937 599 976 659 ad
999 597 1053 661 illa
1075 616 1168 680 opera
1189 596 1358 681 pertinent,
1383 597 1471 661 finem
1499 597 1599 661 facere
1621 615 1697 679 pos-

339 727 442 771 sumus
465 707 534 772 huic
547 704 739 788 praefationi.
786 705 856 768 Una
877 725 928 768 res
961 713 1118 788 superest,
1148 724 1238 786 quarn
1260 722 1319 767 non
1342 704 1540 768 omittendam
1560 723 1628 767 esse
1642 705 1697 785 ju·

340 816 493 891 dicamus,
525 813 786 895 quia,multorum
816 829 977 893 eurumque
1002 812 1082 877 hand
1104 812 1190 893 parvi
1218 811 1424 874 habendomm
1447 811 1618 875 sententiae
1646 830 1696 873 11-
1772 884 1781 891 ,

338 941 521 1004 pugnamus,
555 920 704 983 rationem
728 918 872 995 dicimus,
906 937 966 1000 qua
988 918 1035 982 usi
1059 937 1161 982 sumus
1185 919 1215 981 in
1238 917 1396 981 scribendo
1420 918 1538 981 nomine
1561 917 1695 1000 Kepleri.

338 1028 548 1092 Hanschius
571 1026 603 1089 iu
626 1027 803 1090 collectione
823 1024 1019 1106 epistolarum
1036 1023 1162 1107 Kepleri
1180 1024 1348 1109 simplicip
1367 1043 1438 1087 usus
1458 1033 1507 1088 est
1523 1043 1578 1106 per
1601 1032 1697 1087 totum

338 1137 463 1212 librum,
498 1140 627 1213 excepta
658 1132 846 1213 praefatione
880 1139 912 1194 et
943 1130 1153 1213 inscriptione;
1189 1131 1504 1197 Breitschwertus
1536 1133 1567 1196 iu
1599 1133 1698 1210 „Vita

338 1241 538 1325 Keppleri“
568 1238 679 1319 duplici
701 1260 736 1321 p,
770 1237 955 1319 eandemque
984 1238 1134 1301 scribendi
1165 1239 1312 1302 rationem
1344 1240 1481 1304 defendit
1513 1239 1697 1305 clarissimus

339 1350 374 1411 F.
409 1345 449 1410 G.
479 1347 532 1410 W.
567 1344 702 1409 Struve
735 1346 765 1407 iu
798 1344 1013 1409 Schnmacleeri
1040 1343 1332 1421 „Astmuomischen
1358 1346 1585 1410 Nachrichteu“
1608 1346 1696 1419 (Vol.

338 1453 425 1516 XIX.
448 1453 489 1517 N.
515 1448 607 1527 451),
630 1451 708 1515 hanc
732 1451 861 1514 afferens
884 1451 1042 1528 rationem,
1067 1452 1145 1532 quod
1166 1450 1317 1537 Keplerus
1340 1451 1409 1514 inde
1433 1453 1473 1516 ab
1495 1472 1574 1516 anno
1601 1447 1696 1516 1619

339 1561 368 1623 in
392 1559 477 1622 libris
500 1559 539 1621 ab
563 1558 630 1639 ipso
655 1558 745 1621 editis
769 1558 880 1639 duplici
903 1579 975 1627 usus
997 1558 1040 1620 sit
1057 1578 1093 1641 p,
1118 1564 1148 1618 et
1170 1555 1249 1638 quod
1267 1556 1347 1621 filius
1366 1559 1539 1624 Ludovieus
1557 1560 1587 1622 in
1607 1578 1697 1641 opere

338 1667 434 1747 patris
467 1666 547 1747 quod
579 1664 673 1727 edidit
704 1663 865 1748 posthumo
899 1664 1025 1746 eundem
1057 1663 1217 1726 retinuerit
1239 1663 1389 1729 scribendi
1421 1667 1551 1732 modum.
1607 1664 1697 1739 Quod

338 1772 432 1854 ipsius
468 1770 591 1851 Kepleri
620 1771 789 1850 exemplum
820 1770 963 1840 afferunt,
996 1789 1052 1832 uos
1079 1777 1214 1834 nostrum
1243 1770 1393 1835 scribendi
1426 1775 1545 1836 modum
1576 1780 1697 1836 tuentes

340 1879 569 1959 respondemus:
605 1877 684 1939 inter
707 1873 749 1940 29
779 1894 855 1956 quae
883 1875 970 1938 nobis
993 1884 1116 1954 praesto
1146 1884 1217 1939 suut
1238 1877 1363 1957 Kepleri
1390 1896 1496 1961 opera,
1527 1879 1696 1961 deprehen-

340 1985 437 2046 dimus
464 1980 513 2059 13,
538 2001 662 2064 quorum
690 1981 796 2047 titulus
820 1989 852 2043 et
875 1982 1057 2061 subscriptio
1082 1980 1282 2044 dedicationis
1306 1984 1420 2048 habeut
1447 1986 1630 2066 simplicem,
1657 1985 1693 2048 11

340 2088 488 2169 duplicem
505 2108 546 2171 p,
580 2088 698 2169 reliqua
730 2088 760 2149 in
793 2086 881 2149 titulo
913 2087 1079 2168 duplicem,
1112 2088 1143 2150 iu
1171 2088 1361 2153 dedicatione
1391 2091 1572 2172 simplicem3
1597 2112 1697 2156 eorum

339 2214 477 2277 operum,
501 2214 578 2276 quae
603 2194 641 2256 ab
665 2213 742 2285 auno
765 2190 858 2257 1619.
879 2193 1066 2275 prodierunt,
1091 2191 1261 2272 1111111119,
1288 2203 1375 2258 terna
1392 2196 1504 2261 habent
1524 2200 1697 2281 Keplerum,

340 2310 430 2365 terna
449 2301 635 2385 Kepplerum
666 2308 698 2365 et
720 2309 807 2363 terna
829 2299 858 2361 in
882 2299 1076 2380 inscriptione
1101 2300 1304 2383 Kepplerum,
1336 2302 1364 2365 iu
1394 2302 1583 2368 dedicatione
1606 2306 1694 2389 Kep-

341 2408 445 2470 lerum.
478 2407 582 2489 Opera
599 2398 755 2489 graviora:
782 2401 1041 2489 0111110604),
1065 2406 1223 2489 Dioptrica
1242 2403 1370 2485 (1611),
1394 2410 1592 2474 Astronomia
1609 2412 1699 2475 Nova

341 2510 478 2591 (1609),
508 2514 643 2577 Tabulae
671 2512 881 2594 Rudolphinae
911 2508 1028 2589 (1627)
1054 2513 1360 2595 habeutKeplerum:
1389 2514 1698 2594 Η1111111111(1619)

340 2620 464 2683 exhibet
490 2621 521 2684 iu
550 2621 639 2684 titulo
661 2620 866 2703 Kepplerum,
899 2620 1009 2700 singuli
1041 2638 1112 2682 vero
1136 2619 1204 2683 11611
1227 2619 1363 2701 inscripti
1387 2630 1472 2685 sunt:
1511 2625 1698 2708 „Kepleri;“

338 2728 496 2808 Epitoures
519 2720 641 2811 (1618)
660 2726 770 2807 prioris
788 2725 885 2807 partis
904 2727 1010 2789 titulus
1028 2725 1122 2789 lrabet
1140 2727 1321 2810 Kepplerus,
1345 2726 1512 2792 dedicatio:
1537 2729 1697 2811 Keplerus,

338 2852 410 2914 pars
433 2853 504 2898 vero
528 2834 662 2897 secunda
693 2833 807 2910 (,‚liber
831 2833 979 2914 quartus“
1005 2828 1116 2907 1620.)
1141 2840 1173 2895 11
1195 2832 1287 2896 tertia
1319 2834 1386 2909 (lib.
1411 2834 1559 2899 V-Vll.
1587 2832 1697 2912 1621.)

338 2941 368 3002 in
391 2939 481 3003 titulo
504 2947 537 3003 et
559 2940 749 3004 dedicatione
768 2940 935 3021 simplicem
953 2940 1097 3002 exhibent
1108 2960 1144 3022 p.
1177 2940 1394 3021 Ephemerides
1414 2940 1551 3025 denique,
1575 2960 1723 3025 quarum·

337 3049 419 3129 prior
441 3067 513 3130 pars
535 3048 648 3130 prodiit
671 3066 749 3111 auno
775 3042 870 3123 1617,
894 3066 966 3129 pars
990 3046 1089 3109 altera
1111 3053 1143 3108 et
1167 3046 1258 3110 tertia
1281 3064 1359 3109 anuo
1387 3042 1481 3111 1630.
1507 3055 1554 3110 111
1577 3048 1698 3112 variant
1816 3130 1821 3135 Ι
1881 3120 1882 3129 ,

339 3174 455 3219 nomen.
501 3156 558 3218 His
581 3154 774 3241 manifestum
798 3153 884 3217 uobis
908 3153 1043 3226 videtur,
1067 3152 1231 3232 Keplerum
1254 3152 1353 3234 ipsum
1376 3172 1434 3217 non
1458 3153 1624 3218 intendisse
1648 3154 1697 3218 di-

338 3263 447 3342 gitum,
486 3281 544 3343 qua
580 3261 698 3323 ratione
735 3278 843 3323 nomen
880 3277 967 3321 suum
1003 3260 1148 3339 scriptum
1183 3258 1271 3334 velit,
1305 3269 1338 3323 et
1370 3260 1396 3324 si
1426 3261 1541 3324 numeri
1563 3263 1696 3337 valeant,

339 3375 474 3430 nostrum
505 3367 624 3430 modum
646 3365 877 3449 praeferendum
906 3383 986 3427 1111.
1034 3363 1091 3429 Oui
1122 3366 1234 3429 rationi
1265 3366 1291 3429 11
1324 3366 1423 3431 minus
1454 3368 1587 3445 tribuas,
1610 3367 1697 3450 Kep-

339 3476 420 3538 lerus
452 3472 555 3554 utique
588 3474 668 3537 sicut
699 3470 786 3536 multi
819 3472 988 3554 aequalium
1011 3470 1131 3535 minime
1154 3472 1245 3534 finum
1277 3473 1419 3537 habuisse
1441 3474 1561 3538 videtur
1583 3475 1614 3538 iu
1636 3475 1694 3538 hac

339 3600 371 3644 rs
404 3579 629 3663 fundamentum
660 3587 692 3643 et
724 3578 845 3661 saepius
879 3577 1010 3663 fortasse
1049 3579 1237 3664 typographo
1270 3580 1319 3643 vel
1356 3581 1532 3644 amanuensi
1570 3581 1698 3646 liberum

338 3685 512 3768 permisisse
536 3685 701 3750 arbitrium.
733 3685 837 3749 Nihilo
869 3685 967 3748 minus
999 3694 1034 3749 ut
1056 3695 1226 3752 teneremus
1250 3685 1454 3772 simplicemp
1478 3687 1607 3751 maxims
1630 3708 1698 3752 mo·

340 3800 448 3857 verunt
469 3810 525 3856 uos
547 3792 675 3874 Kepleri
698 3793 866 3874 epistolae,
898 3813 1023 3877 quarum
1055 3813 1166 3876 magna
1196 3792 1283 3856 nobis
1314 3801 1439 3876 praesto
1471 3803 1520 3858 est
1548 3796 1636 3877 copia
1658 3795 1697 3860 ab

339 3902 405 3982 ipso
438 3899 675 3986 conscriptamm
708 3908 740 3963 et
771 3901 1030 3985 subscriptarum,
1064 3900 1094 3964 iu
1128 3900 1234 3982 quibus
1257 3900 1388 3963 occurrit
1410 3918 1532 3982 perraro
1555 3902 1697 3987 „Kapp-

279 4016 282 4023 '
341 4006 497 4082 lerus“,
530 4005 585 4068 sed
618 4025 737 4087 semper
769 4009 832 4071 fers
865 4008 1107 4092 „Keplerus“,
1137 4014 1170 4071 ut
1203 4006 1343 4070 videatur
1376 4025 1483 4071 nornen
1516 4008 1699 4091 gentilitium
1731 4045 1737 4055 ·

339 4113 433 4195 ipsius
457 4113 662 4196 simplicemp
685 4115 846 4196 requirere.

428 4220 514 4283 Haec
528 4227 600 4282 suut
614 4240 691 4302 quae
705 4221 875 4285 collectioni
890 4240 1011 4303 operum
1025 4220 1151 4301 Kepleri
1165 4221 1388 4300 praemittenda
1402 4219 1581 4284 censuimus.
1609 4218 1699 4284 Reli·

341 4347 430 4411 qnum
440 4335 488 4390 est
501 4312 606 4390 utrem
618 4327 733 4390 anobis
743 4329 893 4410 inceptam
908 4347 1003 4411 aequo
1014 4327 1254 4391 commendemus
1268 4330 1414 4393 lectorum
1423 4327 1548 4409 judicio.
1568 4327 1599 4392 A
1612 4328 1699 4392 nobis

339 4435 459 4518 quidem
480 4433 596 4498 sincere
614 4432 787 4516 profitemur
807 4454 923 4500 omnem
934 4435 1101 4499 adhibitam
1115 4453 1184 4497 esse
1200 4453 1302 4500 curam
1315 4442 1349 4498 et
1362 4434 1560 4516 diligentiam,
1580 4444 1614 4499 nt
1624 4455 1699 4519 opus

338 4542 460 4625 dignam
470 4541 546 4604 Viro
561 4560 677 4604 summo
693 4542 820 4607 formam
833 4545 948 4608 referat
957 4536 994 4606 'et
1003 4543 1069 4606 Deo
1085 4543 1204 4607 volente
1220 4543 1260 4607 ad
1274 4542 1394 4606 felicem
1407 4542 1496 4606 uuam
1507 4542 1699 4624 perducatur.

446 4667 651 4746 aasentias
674 4667 704 4730 d.
729 4669 758 4731 6.
781 4668 1058 4747 commutatust.

1250 4764 1348 4837 cir.
1383 4761 1618 4839 11111111.
