3814 5818
676 396 929 451 wimun-
1400 392 1512 461 tlt
1589 380 1634 449 f

153 552 318 620 mosomi
341 553 453 629 offitia,
476 554 605 617 alterum
629 574 699 618 rere
724 558 965 631 astronomicum,
991 556 1174 640 hypostases
1188 559 1408 625 astronomicas
1430 556 1511 619 tales

152 646 351 719 mustitnere,
386 664 426 706 ex
450 642 559 724 quibus
590 654 773 724 apparentes
803 654 903 708 moms
924 655 1103 726 aequarunt,
1137 647 1265 709 alterum
1287 646 1511 725 geometricum,

153 734 337 816 hypotheses
362 733 566 811 geometriane
595 735 796 814 cujuscunque
827 735 940 797 fornme
964 737 1083 809 (umiae
1111 754 1241 815 namque
1262 754 1357 815 saepe
1375 735 1410 796 iu
1435 753 1511 814 geo·

152 822 259 885 metria
282 841 351 882 ease
376 824 518 901 possunt)
547 822 626 883 tales
655 823 853 899 constituere,
886 843 925 885 ex
953 824 1059 905 quibus
1087 823 1271 906 hypotheses
1295 824 1366 887 illae
1395 824 1512 902 prienes

152 910 390 983 omonimo,
417 912 448 972 b.
473 929 500 972 a
520 911 584 973 veri
607 911 797 991 planetarum
814 919 934 988 rums,
966 932 1026 975 nnn
1050 912 1212 977 adulterati
1236 914 1318 976 visus
1342 920 1510 975 commnta-

152 1003 242 1076 tioue,
266 1010 299 1061 et
320 1007 486 1080 sequantur
507 1006 540 1061 et
562 1001 757 1063 calculentur.

240 1090 299 1151 Hic
321 1108 370 1151 me
393 1098 481 1150 tenor
503 1088 568 1169 ipse
590 1089 739 1151 sermonis
762 1089 820 1151 mei
843 1089 964 1162 inritat,
986 1096 1022 1150 nt
1045 1087 1196 1152 Osiandno
1219 1090 1429 1153 Patricium
1453 1090 1512 1150 ad-

148 1181 275 1260 jungam
303 1178 389 1259 eique
418 1185 545 1240 conatos
568 1186 807 1241 astronomorum
834 1197 936 1241 munes
963 1177 1127 1253 cesamo,
1161 1179 1344 1260 hypotheses
1369 1185 1511 1240 mono-

153 1269 247 1330 micus
270 1285 375 1329 omnes
397 1266 545 1346 rejiciens·
567 1266 700 1329 nonnihil
723 1267 932 1346 respondeam.
1228 1267 1231 1273 ’

241 1356 410 1434 Succenset
436 1356 464 1416 is
492 1356 689 1426 astronomis,
724 1356 804 1435 aliod
834 1362 980 1418 conentur
1003 1374 1047 1416 -ex
1072 1354 1166 1419 saia
1189 1354 1315 1419 circulis
1341 1365 1378 1417 et
1405 1354 1511 1417 solidis

152 1445 274 1508 orbibus
295 1444 485 1524 planetarum
507 1453 607 1506 motus
631 1453 811 1525 apparentes
830 1446 962 1515 efficere,
986 1462 1098 1525 eosque
1116 1444 1256 1519 emulos,
1276 1461 1334 1505 ens
1357 1443 1510 1525 hypothe·
1574 1448 1577 1465 ¹

153 1555 217 1610 ses,
243 1533 363 1596 cerebri
390 1533 437 1595 sni
464 1534 621 1612 figmenta,
649 1552 748 1596 rernm
773 1542 900 1595 naturae
929 1532 1087 1612 imputare.
1133 1532 1180 1594 De
1205 1533 1342 1613 maneos
1365 1531 1431 1612 ipse
1455 1532 1512 1595 hm

153 1624 297 1696 affirmat,
329 1623 409 1684 inter
430 1621 507 1683 hxas
530 1622 599 1684 illos
622 1622 651 1683 in
676 1622 794 1702 liquido
811 1623 932 1685 aellnme
955 1622 1109 1695 molere,
1137 1620 1385 1701 quamadmodum
1403 1628 1439 1683 at
1461 1620 1510 1681 ri-

153 1714 295 1786 deantur,
324 1710 435 1773 liberos
460 1712 497 1772 ab
522 1710 638 1772 orbium
660 1711 824 1773 solidorum
851 1709 1059 1790 compedibus,
1093 1709 1142 1791 qui
1167 1710 1243 1775 nulli
1266 1704 1348 1785 aiut,
1380 1726 1511 1787 uereque

153 1799 321 1882 hujusmodi
353 1800 481 1878 spitales
505 1808 536 1861 et
558 1800 641 1860 varie
672 1818 788 1861 mrsum
809 1817 1003 1881 prorsumque
1031 1806 1187 1862 contortos
1214 1799 1329 1871 lineas,
1360 1812 1511 1877 nunqnam

153 1891 210 1953 sibi
234 1889 310 1971 ipsis
331 1907 386 1968 per
408 1887 510 1950 omnia
529 1888 659 1962 similes,
685 1907 779 1969 eaque
796 1896 902 1952 imatus
925 1887 1160 1970 inaequalimte,
1180 1889 1271 1968 plane
1292 1893 1328 1949 nt
1350 1887 1380 1948 in
1404 1886 1508 1948 oculos

155 1986 276 2042 nostros
293 1977 460 2052 bremont,
485 1977 665 2039 describere
710 1978 777 2041 Neo
800 1977 904 2045 Μή
920 1996 982 2039 uas
1004 1976 1115 2039 debere
1129 1978 1311 2039 varietatem
1333 1977 1421 2049 hauc,
1445 1992 1512 2037 cum

154 2069 295 2148 planetae
321 2084 429 2129 ravam
452 2067 514 2129 sint
539 2066 687 2131 εἰκὼ
711 2048 842 2131 rahonis
865 2065 1004 2145 capacia,
1034 2065 1250 2144 comprobante
1274 2064 1304 2126 id
1328 2063 1512 2126 anctoritate

151 2156 363 2238 pldluuoplriae
372 2154 564 2230 bmlmrinsa
585 2156 870 2234 etomuipotentiaa
885 2154 1004 2217 divinae
1018 2173 1076 2215 non
1102 2155 1193 2216 fuerit
1205 2152 1401 2234 impossibile.
1426 2158 1514 2214 tauta

150 2245 306 2327 mlh
324 2255 482 2307 neamras
505 2244 650 2319 condere,
674 2252 709 2305 ut
731 2244 896 2325 imperatos
915 2245 974 2306 bos
997 2251 1096 2305 motus
1120 2244 1159 2304 ad
1182 2244 1270 2305 finem
1293 2260 1387 2322 rusque
1411 2240 1513 2302 mnudi

152 2340 365 2415 exsequuntur.
1126 2360 1129 2367 ⁴
1310 2358 1315 2363 ¹
1377 2346 1379 2361 ’

240 2422 374 2485 Primum
400 2421 458 2482 hoc
485 2419 530 2481 illi
560 2419 647 2482 facile
667 2439 860 2495 conoessero,
895 2420 1007 2483 solidos
1031 2420 1119 2482 orbes
1143 2419 1241 2481 nullos
1269 2437 1349 2480 esse.
1395 2418 1431 2479 lu
1455 2434 1513 2496 quo

154 2522 186 2575 et
208 2511 360 2593 'l'ychoms
384 2508 551 2572 rationibus
575 2509 665 2571 facile
688 2510 844 2573 subscribo
870 2517 903 2570 et
923 2508 1063 2589 privatas
1086 2508 1179 2570 etiam
1204 2507 1314 2569 habeo.
1362 2506 1512 2569 Patricius

125 2620 223 2666 ‚uero
238 2599 373 2683 Tycboui
395 2597 519 2661 ridicule
544 2596 619 2659 faoit
642 2597 790 2678 iujuriam,
811 2616 900 2680 quem
924 2597 969 2659 ait
987 2597 1173 2659 fascinatum
1196 2595 1334 2674 opinione
1349 2595 1514 2657 solidorum

155 2690 271 2753 orbium
303 2707 413 2750 novam
437 2687 615 2748 confinxim
639 2688 740 2748 mnndi
766 2688 909 2760 ferinam
940 2705 1028 2765 qnam
1055 2685 1225 2765 opinionem
1249 2685 1352 2764 Tycha
1375 2683 1514 2745 omuibus

65 2842 70 2846 ,
154 2779 275 2859 sarlplis
303 2786 335 2839 et
363 2778 432 2858 ipsa
454 2775 656 2857 hypotheseos
678 2794 753 2837 suae
776 2775 949 2837 conffitioue
977 2774 1144 2854 impugnat.
1188 2772 1295 2852 Neque
1319 2790 1415 2850 nego,
1442 2771 1512 2849 pla-

154 2878 289 2931 netarum
318 2866 459 2929 circuitus
484 2865 603 2927 mtione
633 2883 750 2926 summa
776 2861 990 2925 administrari.
1038 2860 1100 2924 Sed
1128 2870 1161 2923 et
1190 2862 1246 2922 hoa
1269 2860 1363 2935 dabo,
1396 2859 1423 2920 si
1445 2858 1513 2920 Deo

152 2957 301 3019 conditori
321 2955 503 3035 placuisset,
531 2962 566 3014 nt
588 2953 731 3032 planetae
754 2952 883 3032 spirulas
902 2950 1074 3031 hujusmodi
1097 2959 1129 3012 et
1152 2948 1333 3027 irregulares
1357 2946 1511 3020 chonitus,

154 3046 259 3127 quales
283 3043 500 3124 aspicientibus
523 3042 610 3105 uobis
634 3049 792 3122 apparent,
811 3040 1000 3114 conficerent,
1026 3039 1057 3101 id
1077 3038 1121 3100 illi
1136 3039 1244 3100 effectu
1268 3036 1356 3098 facile
1381 3035 1514 3096 futurum

153 3135 259 3197 fuisse.
307 3134 421 3195 Verum
444 3132 472 3193 iu
497 3131 553 3192 boc
573 3131 640 3210 jam
663 3130 764 3192 differt
777 3127 927 3192 Petrichus
951 3129 990 3190 ab
1005 3126 1188 3190 monearis
1204 3144 1273 3187 vere
1292 3123 1511 3204 philosophan-

153 3224 248 3299 tibus,
283 3241 350 3285 cum
373 3219 541 3302 quaeritur:
575 3219 718 3301 quidnam
740 3220 840 3299 potins
864 3219 930 3280 Deo
953 3216 1114 3297 placuerit,
1139 3234 1183 3277 an
1206 3222 1240 3275 ut
1262 3215 1403 3294 planetes
1426 3230 1512 3273 oom-

153 3312 270 3393 positos
294 3309 464 3391 hujusmodi
483 3319 694 3389 ,perpetuoque
719 3329 738 3370 a
760 3327 794 3370 se
825 3307 898 3388 ipsis
922 3308 1058 3370 divmsos
1085 3305 1118 3367 'at
1146 3303 1327 3383 irregulares
1355 3301 1512 3363 anfractus

152 3400 351 3482 pervolitant,
385 3418 464 3460 anne
492 3405 526 3459 ut
551 3397 729 3460 uniformem
753 3408 785 3460 et
808 3417 898 3478 quam
921 3396 985 3460 lieri
1007 3402 1110 3475 potest
1132 3390 1386 3472 regularissimnm
1413 3389 1512 3451 circu-

153 3492 213 3553 lum
231 3489 418 3562 describant,
442 3487 532 3567 plane
557 3487 707 3549 diuersum
731 3487 769 3549 ab
792 3507 831 3548 ea
853 3494 952 3549 motus
976 3484 1093 3548 confusi
1117 3483 1229 3557 forma,
1254 3500 1330 3561 qnae
1354 3480 1384 3540 in
1409 3478 1513 3540 oculos

153 3588 276 3642 nosnos
297 3577 437 3650 incurrit;
467 3595 577 3639 musae
602 3594 672 3637 vero
701 3576 819 3655 possint
841 3574 981 3649 inueniri,
1016 3574 1122 3653 quibus
1148 3572 1232 3633 visus
1262 3578 1367 3632 noster
1390 3567 1513 3631 delusus

153 3670 244 3732 aliter
275 3667 344 3730 illos
376 3666 531 3745 regulares
559 3673 658 3726 motus
685 3663 854 3738 intueatur,
889 3683 977 3744 quam
1004 3681 1111 3723 revera
1138 3660 1306 3739 comparati
1334 3657 1406 3719 siut.
1454 3655 1512 3719 Hic

141 3762 241 3820 'nemo
264 3764 316 3818 est
336 3775 354 3815 e
376 3753 475 3816 sobrie
498 3752 790 3833 philosophantibus,
816 3752 866 3832 qui
889 3770 948 3813 non
971 3751 1027 3812 hoo
1051 3750 1195 3822 affirmat,
1219 3747 1294 3809 illud
1317 3745 1437 3809 omniuo
1462 3763 1513 3805 rs-

150 3847 241 3928 jiciat
263 3844 379 3924 sibique
402 3843 490 3904 simul
514 3842 695 3905 astronomis
719 3839 921 3920 maximopere
939 3839 1122 3917 gratuletur,
1147 3837 1174 3898 si
1193 3854 1303 3897 causus
1327 3832 1515 3913 deceptionis

153 3935 331 4007 invenerint,
356 3953 375 3994 a
398 3931 478 3993 varis
500 3931 691 4010 planetarum
714 3929 843 3991 motibus
868 3927 1088 4011 accidentarios
1117 3932 1149 3986 et
1170 3926 1210 3986 ei
1231 3922 1396 4003 phantasia
1418 3921 1514 3984 visio-

154 4026 201 4087 nis
224 4029 310 4086 ortoa
332 4021 510 4100 sejunxerit,
534 4030 565 4083 et
588 4019 761 4083 circuitibus
784 4016 1012 4096 simplicitatem
1030 4022 1120 4096 atque
1135 4013 1306 4075 ordinatam
1329 4009 1513 4088 regularita-

153 4125 217 4176 tem
240 4109 416 4174 aeseruerit.
465 4110 612 4173 Patricius
635 4128 706 4171 vero
721 4109 776 4170 ita
798 4104 1040 4187 philosophatur,
1070 4110 1117 4176 nt,
1143 4102 1193 4183 qui
1216 4102 1298 4163 illum
1321 4098 1420 4174 audit,
1454 4117 1513 4158 uon

152 4204 262 4284 pedem
284 4218 404 4262 morare
422 4199 535 4277 possit,
565 4199 636 4279 quin
658 4198 833 4260 miraculum
855 4194 1029 4273 contingere
1053 4193 1195 4254 fateatur.
1243 4188 1403 4268 Spatiatus
1431 4185 1512 4249 enim

154 4310 207 4373 per
231 4307 365 4369 campos,
391 4287 441 4349 obi
464 4307 553 4368 sepes
577 4297 608 4350 et
630 4286 797 4367 propinqua
819 4286 886 4347 viae
910 4282 968 4344 sibi
991 4299 1157 4353 occurrere,
1181 4286 1314 4342 remotos
1330 4296 1401 4339 vero
1424 4293 1512 4338 mon·

153 4391 202 4443 tes
225 4400 259 4443 se
292 4375 430 4440 comitari
457 4377 528 4437 uisu
555 4375 657 4455 judice
685 4374 852 4454 putaverit:
877 4390 941 4434 uon
966 4377 1069 4433 utetur
1089 4369 1200 4450 judicio
1224 4365 1367 4439 rationis,
1398 4364 1452 4425 sed
1477 4381 1514 4423 ne

156 4488 279 4532 mosum
302 4466 421 4548 quidem
443 4483 631 4527 communem
654 4465 808 4526 consulet:
838 4463 907 4543 quin
934 4459 1036 4540 potius
1058 4457 1137 4520 visui
1169 4457 1286 4526 credet,
1314 4461 1432 4516 montes
1455 4469 1515 4513 non

155 4559 255 4623 miuus
282 4576 319 4619 ac
342 4572 376 4616 se
400 4554 501 4636 ipsum
530 4552 670 4634 progredi
698 4552 798 4615 dicet:
828 4552 963 4630 adeoque
993 4549 1019 4611 si
1042 4566 1129 4609 curru
1161 4564 1285 4608 aversus
1308 4543 1516 4622 Argentorato

157 4656 210 4711 aut
232 4646 356 4708 Vienna
378 4644 565 4723 egrediatur,
598 4640 707 4703 Jovem
730 4641 860 4721 lapidem
883 4637 984 4719 jurab'
1049 4634 1187 4704 turrium.
1219 4652 1296 4714 qnae
1323 4632 1371 4692 his
1394 4629 1517 4692 orbibus

156 4736 313 4818 praealtae
338 4742 419 4806 suut,
443 4734 545 4795 ruinas
569 4731 599 4794 iu
624 4750 656 4792 se
679 4748 814 4808 vergere.
861 4726 981 4806 Olimq‘
1034 4744 1083 4787 am
1105 4741 1238 4785 meorum
1260 4716 1518 4783 contubernalium

105 4897 114 4901 ,
156 4845 210 4907 per
232 4824 386 4886 fenestrae
406 4820 515 4884 vitrum
538 4826 699 4901 pascentes
722 4818 752 4879 iu
775 4816 946 4883 suburbano
967 4822 1057 4895 prato
1080 4812 1173 4875 boves
1185 4808 1405 4892 prospiciebat;
1427 4822 1515 4866 oum·

159 4934 215 4995 qne
239 4932 298 4996 pro
321 4912 459 4973 fenestra
485 4911 632 4991 penderet
654 4926 802 4981 araneus,
836 4924 903 4967 eum
926 4904 976 4969 ille
1000 4922 1065 4965 cum
1092 4901 1189 4964 bobus
1216 4905 1342 4979 aspectu
1369 4894 1516 4956 directore
