3872 5836
420 377 486 445 416
724 382 825 432 Literae
842 383 946 448 Kepleri
964 385 996 436 de
1014 383 1163 436 calendario
1180 384 1205 434 lu
1227 398 1321 435 aunum
1340 382 1481 435 isoscix.

420 560 541 623 congruit.
566 559 616 608 sire
631 557 662 620 Θ
682 558 757 620 ipsius
770 556 868 609 dissono
890 574 962 610 cursu
981 566 1005 610 et
1024 559 1085 609 coeli
1098 559 1181 625 aliqua
1197 562 1293 611 ratione
1305 566 1409 619 monto,
1431 561 1482 610 siro
1498 561 1613 610 universo
1623 558 1724 609 Tellure
1738 556 1785 606 ali-
1828 546 1839 565 ⁸

420 630 478 694 qnid
492 643 508 678 a
521 637 606 679 centro
618 645 662 681 suo
677 632 778 693 dimoto,
802 637 831 680 ut
840 631 990 696 deprehendi
1010 637 1037 680 et
1053 632 1079 679 in
1098 631 1153 680 allis
1174 632 1234 682 loeis
1254 633 1375 696 accipio.“
1391 660 1424 671 -
1444 630 1564 696 (Koplt
1583 630 1631 680 llic
1642 629 1785 680 notissime

421 700 506 763 ‘l'yolno
524 702 685 833 resgouderit
708 705 822 771 ampliari
834 703 957 753 interdurn
970 702 1052 752 orbem
1067 698 1099 762 Θ
1112 737 1120 761 ,
1141 703 1186 754 red
1199 717 1248 753 non
1267 704 1364 754 indicat
1375 710 1472 767 tempus
1483 703 1586 767 periodi.
1621 699 1685 751 lllhi
1697 701 1786 764 itaque

420 787 469 821 non
488 772 572 837 liquet

517 843 601 893 Facile
622 847 761 909 admittam,
782 847 863 900 Plinio
876 850 902 894 et
915 844 968 893 eliis
977 845 1056 893 risum
1066 857 1132 900 esse,
1155 845 1261 896 obelisco
1280 860 1330 894 non
1350 845 1453 910 amplios
1466 844 1591 910 designari
1603 850 1720 908 tempora
1730 856 1785 892 sar·

420 913 523 972 dinalia,
537 928 593 963 cum
603 917 655 982 ipse
665 919 768 977 Plinius,
784 915 929 972 Columella.
943 915 1058 964 Eudoxus
1072 921 1098 965 et
1111 914 1232 966 Chaldaei
1244 916 1390 979 perhibeant
1403 915 1545 973 credidisse,
1565 910 1597 975 Θ
1611 915 1634 964 d.
1650 909 1693 962 18.
1706 911 1813 993 llam,

420 985 531 1034 Arietem
545 986 649 1051 ingredi,
663 997 688 1039 et
700 992 725 1039 in
738 1000 830 1041 octava
842 988 933 1039 Arietis
945 992 1016 1050 parte
1036 985 1061 1034 d.
1077 984 1119 1035 25.
1133 986 1209 1037 Mart.
1224 988 1407 1051 aequinoctium
1421 988 1529 1038 elicere.
1566 986 1597 1036 Id
1609 985 1695 1049 procul
1710 984 1787 1034 dubio

420 1056 541 1106 obeliscus
562 1074 612 1108 non
633 1062 750 1118 ostendit,
768 1064 805 1112 oti
822 1073 917 1127 quoque
929 1057 1019 1107 laisum
1032 1071 1086 1107 esse
1099 1073 1148 1107 noo
1162 1059 1254 1118 dubito,
1274 1060 1319 1108 sed
1330 1072 1392 1109 saue
1412 1059 1521 1108 nondum
1533 1059 1686 1122 investigere
1705 1058 1786 1120 potui,

420 1140 542 1192 quaenam
566 1145 644 1181 causa
663 1135 767 1183 moverit
784 1141 889 1184 veteres.
908 1136 937 1178 ut
952 1126 983 1189 Θ
996 1130 1135 1193 ingressum
1152 1130 1177 1178 in
1197 1129 1223 1191 Υ
1244 1129 1268 1179 d.
1288 1129 1326 1180 18.
1339 1128 1414 1180 Mart
1439 1137 1465 1179 et
1483 1131 1509 1178 iu
1526 1136 1618 1180 octova
1637 1131 1693 1192 elus
1712 1134 1787 1192 parte

421 1199 602 1262 aequinoctium
620 1210 767 1261 statuerent,
790 1220 846 1256 cnm
865 1200 1023 1251 Ptolemaeus
1042 1200 1213 1250 Aristarchum
1230 1208 1331 1251 secutus
1354 1201 1537 1266 aequinoctium
1561 1201 1587 1249 in
1609 1201 1693 1263 prima
1713 1206 1787 1263 parte

421 1269 605 1333 “soonstitoat
619 1279 645 1322 et
657 1282 721 1324 teste
734 1275 839 1325 Manilio
861 1273 937 1336 aliqui
949 1273 975 1320 in
986 1271 1085 1321 decima
1097 1278 1169 1334 parte
1181 1271 1206 1321 id
1219 1272 1379 1336 signaverint
1402 1298 1430 1308 -
1453 1268 1573 1336 (Kople
1594 1270 1707 1320 Causam
1721 1269 1785 1320 Sos·

419 1341 482 1404 liger
494 1340 559 1392 hano
572 1345 657 1400 tradit,
669 1348 728 1409 qnia
738 1359 843 1414 τροπαι
862 1346 929 1394 circa
940 1341 965 1390 8.
983 1356 1000 1391 a
1011 1340 1115 1392 solstitio
1135 1343 1200 1392 diem
1212 1343 1334 1406 incipiunt
1353 1343 1523 1393 animadverti.
1561 1341 1628 1392 Nam
1649 1342 1786 1392 solstitium

421 1417 460 1461 est
475 1414 545 1476 quies
558 1415 649 1465 durans
662 1415 696 1464 ll
709 1418 761 1466 dies
774 1424 833 1467 onte
846 1423 920 1470 retro.
942 1426 1031 1481 τροπη
1051 1420 1089 1462 est
1100 1422 1181 1464 motus
1200 1419 1226 1463 et
1240 1413 1361 1464 sensibilia
1372 1421 1461 1465 motos.
1498 1413 1579 1479 Igitur
1591 1414 1624 1464 ed
1637 1413 1787 1478 analogiam

421 1483 578 1534 solstitiorum
597 1489 816 1538 accommodarunt
834 1495 860 1538 et
878 1480 1058 1551 aequinoctia.)
