<?xml version="1.0" encoding="UTF-8"?>
<!DOCTYPE html PUBLIC "-//W3C//DTD XHTML 1.0 Transitional//EN"
    "http://www.w3.org/TR/xhtml1/DTD/xhtml1-transitional.dtd">
<html xmlns="http://www.w3.org/1999/xhtml" xml:lang="en" lang="en">
 <head>
  <title>
</title>
<meta http-equiv="Content-Type" content="text/html;charset=utf-8" />
  <meta name='ocr-system' content='tesseract 3.04.00' />
  <meta name='ocr-capabilities' content='ocr_page ocr_carea ocr_par ocr_line ocrx_word'/>
</head>
<body>
  <div class='ocr_page' id='page_1' title='image "./joanniskepleria27frisgoog_0032.png"; bbox 0 0 3786 5808; ppageno 0'>
   <div class='ocr_carea' id='block_1_1' title="bbox 730 420 1491 487">
    <p class='ocr_par' dir='ltr' id='par_1_1' title="bbox 730 420 1491 487">
     <span class='ocr_line' id='line_1_1' title="bbox 730 420 1491 487; baseline -0.003 -15"><span class='ocrx_word' id='word_1_1' title='bbox 730 420 893 472; x_wconf 68' lang='lat' dir='ltr'>mesum</span> <span class='ocrx_word' id='word_1_2' title='bbox 1469 420 1491 487; x_wconf 81' lang='lat'><strong>3</strong></span> 
     </span>
    </p>
   </div>
   <div class='ocr_carea' id='block_1_2' title="bbox 131 580 1492 1410">
    <p class='ocr_par' dir='ltr' id='par_1_2' title="bbox 131 580 1492 1302">
     <span class='ocr_line' id='line_1_2' title="bbox 131 580 1490 663; baseline 0.002 -20"><span class='ocrx_word' id='word_1_3' title='bbox 131 581 242 643; x_wconf 88' lang='lat' dir='ltr'>mnodo</span> <span class='ocrx_word' id='word_1_4' title='bbox 265 582 461 663; x_wconf 85' lang='lat' dir='ltr'>partibusque</span> <span class='ocrx_word' id='word_1_5' title='bbox 483 582 665 643; x_wconf 87' lang='lat' dir='ltr'>coelestibus</span> <span class='ocrx_word' id='word_1_6' title='bbox 688 581 722 642; x_wconf 88' lang='lat' dir='ltr'>iit</span> <span class='ocrx_word' id='word_1_7' title='bbox 749 580 883 657; x_wconf 88' lang='lat' dir='ltr'>initium,</span> <span class='ocrx_word' id='word_1_8' title='bbox 914 581 968 643; x_wconf 86' lang='lat' dir='ltr'>sed</span> <span class='ocrx_word' id='word_1_9' title='bbox 998 582 1138 644; x_wconf 86' lang='lat' dir='ltr'>brevibus</span> <span class='ocrx_word' id='word_1_10' title='bbox 1166 582 1220 644; x_wconf 88' lang='lat' dir='ltr'>ille</span> <span class='ocrx_word' id='word_1_11' title='bbox 1243 583 1361 662; x_wconf 78' lang='lat' dir='ltr'><strong>paginis</strong></span> <span class='ocrx_word' id='word_1_12' title='bbox 1385 584 1490 646; x_wconf 89' lang='lat' dir='ltr'>absol-</span> 
     </span>
     <span class='ocr_line' id='line_1_3' title="bbox 131 664 1492 771; baseline 0.001 -20"><span class='ocrx_word' id='word_1_13' title='bbox 131 698 258 763; x_wconf 83' lang='lat' dir='ltr'>vantur;</span> <span class='ocrx_word' id='word_1_14' title='bbox 289 689 453 769; x_wconf 87' lang='lat' dir='ltr'>praecipua</span> <span class='ocrx_word' id='word_1_15' title='bbox 480 707 550 750; x_wconf 86' lang='lat' dir='ltr'>vero</span> <span class='ocrx_word' id='word_1_16' title='bbox 579 688 646 750; x_wconf 87' lang='lat' dir='ltr'>libri</span> <span class='ocrx_word' id='word_1_17' title='bbox 675 689 770 751; x_wconf 86' lang='lat' dir='ltr'>moles</span> <span class='ocrx_word' id='word_1_18' title='bbox 800 689 1008 769; x_wconf 82' lang='lat' dir='ltr'>complectitur</span> <span class='ocrx_word' id='word_1_19' title='bbox 1035 688 1254 767; x_wconf 81' lang='lat' dir='ltr'>descriptiones</span> <span class='ocrx_word' id='word_1_20' title='bbox 1282 664 1436 771; x_wconf 69' lang='lat' dir='ltr'>regionarii</span> <span class='ocrx_word' id='word_1_21' title='bbox 1459 684 1492 753; x_wconf 78' lang='lat' dir='ltr'>et</span> 
     </span>
     <span class='ocr_line' id='line_1_4' title="bbox 131 793 1490 877; baseline -0.001 -19"><span class='ocrx_word' id='word_1_22' title='bbox 131 795 261 858; x_wconf 84' lang='lat' dir='ltr'>urbiam.</span> <span class='ocrx_word' id='word_1_23' title='bbox 308 796 415 877; x_wconf 88' lang='lat' dir='ltr'>ltaque</span> <span class='ocrx_word' id='word_1_24' title='bbox 437 795 545 875; x_wconf 85' lang='lat' dir='ltr'>vulgus</span> <span class='ocrx_word' id='word_1_25' title='bbox 568 794 816 875; x_wconf 73' lang='lat' dir='ltr'>cosmographiae</span> <span class='ocrx_word' id='word_1_26' title='bbox 839 812 894 875; x_wconf 92' lang='lat' dir='ltr'>pro</span> <span class='ocrx_word' id='word_1_27' title='bbox 917 795 1120 875; x_wconf 79' lang='lat' dir='ltr'>geographiae</span> <span class='ocrx_word' id='word_1_28' title='bbox 1144 793 1274 857; x_wconf 85' lang='lat' dir='ltr'>dictione</span> <span class='ocrx_word' id='word_1_29' title='bbox 1296 796 1408 859; x_wconf 82' lang='lat' dir='ltr'>utitur:</span> <span class='ocrx_word' id='word_1_30' title='bbox 1432 796 1490 858; x_wconf 89' lang='lat' dir='ltr'>inr-</span> 
     </span>
     <span class='ocr_line' id='line_1_5' title="bbox 131 901 1489 983; baseline 0.001 -20"><span class='ocrx_word' id='word_1_31' title='bbox 131 903 294 983; x_wconf 73' lang='lat' dir='ltr'>posuitque</span> <span class='ocrx_word' id='word_1_32' title='bbox 312 920 373 964; x_wconf 83' lang='lat' dir='ltr'>vox</span> <span class='ocrx_word' id='word_1_33' title='bbox 395 901 465 975; x_wconf 84' lang='lat' dir='ltr'>ista,</span> <span class='ocrx_word' id='word_1_34' title='bbox 490 902 634 963; x_wconf 87' lang='lat' dir='ltr'>amando</span> <span class='ocrx_word' id='word_1_35' title='bbox 653 902 726 964; x_wconf 90' lang='lat' dir='ltr'>licet</span> <span class='ocrx_word' id='word_1_36' title='bbox 743 902 883 976; x_wconf 85' lang='lat' dir='ltr'>deducta,</span> <span class='ocrx_word' id='word_1_37' title='bbox 906 901 1034 964; x_wconf 81' lang='lat' dir='ltr'>officinis</span> <span class='ocrx_word' id='word_1_38' title='bbox 1059 901 1199 978; x_wconf 92' lang='lat' dir='ltr'>librariis,</span> <span class='ocrx_word' id='word_1_39' title='bbox 1223 902 1319 983; x_wconf 90' lang='lat' dir='ltr'>iisque</span> <span class='ocrx_word' id='word_1_40' title='bbox 1334 903 1383 983; x_wconf 92' lang='lat' dir='ltr'>qui</span> <span class='ocrx_word' id='word_1_41' title='bbox 1402 911 1489 966; x_wconf 89' lang='lat' dir='ltr'>cata-</span> 
     </span>
     <span class='ocr_line' id='line_1_6' title="bbox 134 1008 1490 1089; baseline 0.002 -19"><span class='ocrx_word' id='word_1_42' title='bbox 134 1010 221 1087; x_wconf 88' lang='lat' dir='ltr'>logos</span> <span class='ocrx_word' id='word_1_43' title='bbox 244 1008 388 1071; x_wconf 88' lang='lat' dir='ltr'>librcmrn</span> <span class='ocrx_word' id='word_1_44' title='bbox 420 1008 627 1084; x_wconf 86' lang='lat' dir='ltr'>conscribunt,</span> <span class='ocrx_word' id='word_1_45' title='bbox 658 1017 693 1071; x_wconf 90' lang='lat' dir='ltr'>nt</span> <span class='ocrx_word' id='word_1_46' title='bbox 720 1008 852 1070; x_wconf 90' lang='lat' dir='ltr'>libellum</span> <span class='ocrx_word' id='word_1_47' title='bbox 879 1026 976 1070; x_wconf 88' lang='lat' dir='ltr'>meum</span> <span class='ocrx_word' id='word_1_48' title='bbox 1004 1009 1083 1069; x_wconf 89' lang='lat' dir='ltr'>inter</span> <span class='ocrx_word' id='word_1_49' title='bbox 1109 1008 1312 1089; x_wconf 89' lang='lat' dir='ltr'>geographica</span> <span class='ocrx_word' id='word_1_50' title='bbox 1334 1010 1490 1073; x_wconf 81' lang='lat' dir='ltr'>referrent</span> 
     </span>
     <span class='ocr_line' id='line_1_7' title="bbox 133 1114 1490 1197; baseline 0.001 -21"><span class='ocrx_word' id='word_1_51' title='bbox 133 1115 315 1197; x_wconf 81' lang='lat' dir='ltr'>Mysterium</span> <span class='ocrx_word' id='word_1_52' title='bbox 339 1123 440 1177; x_wconf 89' lang='lat' dir='ltr'>autern</span> <span class='ocrx_word' id='word_1_53' title='bbox 461 1134 516 1195; x_wconf 91' lang='lat' dir='ltr'>pro</span> <span class='ocrx_word' id='word_1_54' title='bbox 540 1133 649 1177; x_wconf 84' lang='lat' dir='ltr'>arcarm</span> <span class='ocrx_word' id='word_1_55' title='bbox 673 1116 832 1194; x_wconf 87' lang='lat' dir='ltr'>usurpari,</span> <span class='ocrx_word' id='word_1_56' title='bbox 855 1127 887 1177; x_wconf 88' lang='lat' dir='ltr'>et</span> <span class='ocrx_word' id='word_1_57' title='bbox 908 1132 964 1195; x_wconf 93' lang='lat' dir='ltr'>pro</span> <span class='ocrx_word' id='word_1_58' title='bbox 986 1116 1041 1176; x_wconf 82' lang='lat' dir='ltr'>tali</span> <span class='ocrx_word' id='word_1_59' title='bbox 1064 1114 1218 1176; x_wconf 84' lang='lat' dir='ltr'>venditari</span> <span class='ocrx_word' id='word_1_60' title='bbox 1242 1116 1393 1179; x_wconf 86' lang='lat' dir='ltr'>inventurn</span> <span class='ocrx_word' id='word_1_61' title='bbox 1417 1117 1490 1178; x_wconf 71' lang='lat' dir='ltr'>hocs</span> 
     </span>
     <span class='ocr_line' id='line_1_8' title="bbox 135 1220 1161 1302; baseline -0.002 -19"><span class='ocrx_word' id='word_1_62' title='bbox 135 1221 246 1302; x_wconf 86' lang='lat' dir='ltr'>quippe</span> <span class='ocrx_word' id='word_1_63' title='bbox 269 1222 301 1284; x_wconf 90' lang='lat' dir='ltr'>in</span> <span class='ocrx_word' id='word_1_64' title='bbox 324 1222 434 1284; x_wconf 85' lang='lat' dir='ltr'>nulline</span> <span class='ocrx_word' id='word_1_65' title='bbox 456 1222 626 1302; x_wconf 88' lang='lat' dir='ltr'>pbilosopbi</span> <span class='ocrx_word' id='word_1_66' title='bbox 650 1221 725 1284; x_wconf 90' lang='lat' dir='ltr'>libro</span> <span class='ocrx_word' id='word_1_67' title='bbox 747 1221 824 1283; x_wconf 89' lang='lat' dir='ltr'>talia</span> <span class='ocrx_word' id='word_1_68' title='bbox 846 1237 974 1300; x_wconf 88' lang='lat' dir='ltr'>unquam</span> <span class='ocrx_word' id='word_1_69' title='bbox 998 1220 1161 1300; x_wconf 84' lang='lat' dir='ltr'>legeram.“</span> 
     </span>
    </p>

    <p class='ocr_par' dir='ltr' id='par_1_3' title="bbox 225 1326 1491 1410">
     <span class='ocr_line' id='line_1_9' title="bbox 225 1326 1491 1410; baseline -0.002 -19"><span class='ocrx_word' id='word_1_70' title='bbox 225 1329 261 1391; x_wconf 89' lang='lat' dir='ltr'>In</span> <span class='ocrx_word' id='word_1_71' title='bbox 294 1328 458 1390; x_wconf 87' lang='lat' dir='ltr'>Prodromo</span> <span class='ocrx_word' id='word_1_72' title='bbox 496 1328 562 1410; x_wconf 90' lang='lat' dir='ltr'>ipso</span> <span class='ocrx_word' id='word_1_73' title='bbox 595 1328 670 1390; x_wconf 82' lang='lat' dir='ltr'>salli.</span> <span class='ocrx_word' id='word_1_74' title='bbox 692 1328 840 1402; x_wconf 75' lang='lat' dir='ltr'>diximus,</span> <span class='ocrx_word' id='word_1_75' title='bbox 877 1327 927 1408; x_wconf 85' lang='lat' dir='ltr'>qni</span> <span class='ocrx_word' id='word_1_76' title='bbox 959 1327 1042 1407; x_wconf 90' lang='lat' dir='ltr'>leges</span> <span class='ocrx_word' id='word_1_77' title='bbox 1073 1326 1152 1388; x_wconf 86' lang='lat' dir='ltr'>istas</span> <span class='ocrx_word' id='word_1_78' title='bbox 1186 1335 1353 1407; x_wconf 86' lang='lat' dir='ltr'>quaerant;</span> <span class='ocrx_word' id='word_1_79' title='bbox 1393 1328 1491 1407; x_wconf 87' lang='lat' dir='ltr'>magis</span> 
     </span>
    </p>
   </div>
   <div class='ocr_carea' id='block_1_3' title="bbox 132 1434 1528 1941">
    <p class='ocr_par' dir='ltr' id='par_1_4' title="bbox 132 1434 1528 1941">
     <span class='ocr_line' id='line_1_10' title="bbox 134 1434 1528 1517; baseline -0.001 -21"><span class='ocrx_word' id='word_1_80' title='bbox 134 1443 237 1497; x_wconf 84' lang='lat' dir='ltr'>autern</span> <span class='ocrx_word' id='word_1_81' title='bbox 261 1434 418 1504; x_wconf 81' lang='lat' dir='ltr'>falluntur,</span> <span class='ocrx_word' id='word_1_82' title='bbox 443 1436 469 1497; x_wconf 92' lang='lat' dir='ltr'>si</span> <span class='ocrx_word' id='word_1_83' title='bbox 494 1436 543 1517; x_wconf 92' lang='lat' dir='ltr'>qui</span> <span class='ocrx_word' id='word_1_84' title='bbox 566 1443 680 1497; x_wconf 88' lang='lat' dir='ltr'>certum</span> <span class='ocrx_word' id='word_1_85' title='bbox 703 1435 759 1496; x_wconf 88' lang='lat' dir='ltr'>viri</span> <span class='ocrx_word' id='word_1_86' title='bbox 784 1434 821 1495; x_wconf 92' lang='lat' dir='ltr'>de</span> <span class='ocrx_word' id='word_1_87' title='bbox 844 1435 1009 1514; x_wconf 74' lang='lat' dir='ltr'>astrologia</span> <span class='ocrx_word' id='word_1_88' title='bbox 1033 1434 1174 1515; x_wconf 78' lang='lat' dir='ltr'>judicium</span> <span class='ocrx_word' id='word_1_89' title='bbox 1197 1452 1231 1494; x_wconf 90' lang='lat' dir='ltr'>ee</span> <span class='ocrx_word' id='word_1_90' title='bbox 1254 1434 1491 1515; x_wconf 84' lang='lat' dir='ltr'>deprehensuros</span> <span class='ocrx_word' id='word_1_91' title='bbox 1523 1490 1528 1495; x_wconf 90' lang='lat'>.</span> 
     </span>
     <span class='ocr_line' id='line_1_11' title="bbox 132 1540 1491 1623; baseline -0.001 -21"><span class='ocrx_word' id='word_1_92' title='bbox 132 1548 260 1621; x_wconf 82' lang='lat' dir='ltr'>putant,</span> <span class='ocrx_word' id='word_1_93' title='bbox 287 1540 327 1602; x_wconf 89' lang='lat' dir='ltr'>ab</span> <span class='ocrx_word' id='word_1_94' title='bbox 352 1559 462 1621; x_wconf 87' lang='lat' dir='ltr'>eoque,</span> <span class='ocrx_word' id='word_1_95' title='bbox 492 1541 542 1622; x_wconf 90' lang='lat' dir='ltr'>qni</span> <span class='ocrx_word' id='word_1_96' title='bbox 566 1542 640 1604; x_wconf 88' lang='lat' dir='ltr'>artis</span> <span class='ocrx_word' id='word_1_97' title='bbox 663 1561 720 1604; x_wconf 84' lang='lat' dir='ltr'>sua</span> <span class='ocrx_word' id='word_1_98' title='bbox 742 1543 828 1603; x_wconf 89' lang='lat' dir='ltr'>initia</span> <span class='ocrx_word' id='word_1_99' title='bbox 849 1548 959 1623; x_wconf 89' lang='lat' dir='ltr'>ponat,</span> <span class='ocrx_word' id='word_1_100' title='bbox 988 1548 1086 1602; x_wconf 84' lang='lat' dir='ltr'>totam</span> <span class='ocrx_word' id='word_1_101' title='bbox 1110 1540 1293 1621; x_wconf 77' lang='lat' dir='ltr'>astrologiae</span> <span class='ocrx_word' id='word_1_102' title='bbox 1316 1558 1491 1621; x_wconf 80' lang='lat' dir='ltr'>compagem</span> 
     </span>
     <span class='ocr_line' id='line_1_12' title="bbox 136 1646 1491 1729; baseline -0.001 -20"><span class='ocrx_word' id='word_1_103' title='bbox 136 1648 202 1729; x_wconf 90' lang='lat' dir='ltr'>peti</span> <span class='ocrx_word' id='word_1_104' title='bbox 223 1655 313 1728; x_wconf 87' lang='lat' dir='ltr'>atque</span> <span class='ocrx_word' id='word_1_105' title='bbox 337 1646 504 1727; x_wconf 88' lang='lat' dir='ltr'>impugnari</span> <span class='ocrx_word' id='word_1_106' title='bbox 527 1648 696 1727; x_wconf 89' lang='lat' dir='ltr'>opinantur.</span> <span class='ocrx_word' id='word_1_107' title='bbox 743 1647 862 1725; x_wconf 81' lang='lat' dir='ltr'>Etenim</span> <span class='ocrx_word' id='word_1_108' title='bbox 890 1647 940 1709; x_wconf 83' lang='lat' dir='ltr'>vir</span> <span class='ocrx_word' id='word_1_109' title='bbox 968 1646 1122 1727; x_wconf 88' lang='lat' dir='ltr'>digressus</span> <span class='ocrx_word' id='word_1_110' title='bbox 1147 1667 1166 1708; x_wconf 92' lang='lat' dir='ltr'>a</span> <span class='ocrx_word' id='word_1_111' title='bbox 1191 1655 1405 1729; x_wconf 87' lang='lat' dir='ltr'>praeceptore,</span> <span class='ocrx_word' id='word_1_112' title='bbox 1433 1647 1491 1723; x_wconf 93' lang='lat' dir='ltr'>cui,</span> 
     </span>
     <span class='ocr_line' id='line_1_13' title="bbox 137 1749 1490 1836; baseline -0.001 -19"><span class='ocrx_word' id='word_1_113' title='bbox 137 1755 270 1836; x_wconf 80' lang='lat' dir='ltr'>quamvis</span> <span class='ocrx_word' id='word_1_114' title='bbox 292 1753 390 1815; x_wconf 83' lang='lat' dir='ltr'>invito</span> <span class='ocrx_word' id='word_1_115' title='bbox 405 1749 444 1828; x_wconf 82' lang='lat'>¹),</span> <span class='ocrx_word' id='word_1_116' title='bbox 469 1753 653 1834; x_wconf 83' lang='lat' dir='ltr'>astrologice</span> <span class='ocrx_word' id='word_1_117' title='bbox 677 1762 759 1816; x_wconf 87' lang='lat' dir='ltr'>certe</span> <span class='ocrx_word' id='word_1_118' title='bbox 782 1772 928 1816; x_wconf 88' lang='lat' dir='ltr'>summanr</span> <span class='ocrx_word' id='word_1_119' title='bbox 950 1754 1090 1816; x_wconf 89' lang='lat' dir='ltr'>tradendi</span> <span class='ocrx_word' id='word_1_120' title='bbox 1113 1772 1218 1816; x_wconf 90' lang='lat' dir='ltr'>munus</span> <span class='ocrx_word' id='word_1_121' title='bbox 1241 1762 1325 1816; x_wconf 90' lang='lat' dir='ltr'>esset</span> <span class='ocrx_word' id='word_1_122' title='bbox 1346 1755 1490 1827; x_wconf 86' lang='lat' dir='ltr'>delatum,</span> 
     </span>
     <span class='ocr_line' id='line_1_14' title="bbox 132 1840 1490 1941; baseline -0.002 -17"><span class='ocrx_word' id='word_1_123' title='bbox 132 1880 201 1924; x_wconf 87' lang='lat' dir='ltr'>cnm</span> <span class='ocrx_word' id='word_1_124' title='bbox 224 1872 258 1923; x_wconf 86' lang='lat' dir='ltr'>et</span> <span class='ocrx_word' id='word_1_125' title='bbox 278 1860 345 1941; x_wconf 88' lang='lat' dir='ltr'>ipse</span> <span class='ocrx_word' id='word_1_126' title='bbox 368 1861 495 1922; x_wconf 90' lang='lat' dir='ltr'>eandem</span> <span class='ocrx_word' id='word_1_127' title='bbox 518 1868 614 1921; x_wconf 90' lang='lat' dir='ltr'>artem</span> <span class='ocrx_word' id='word_1_128' title='bbox 635 1840 773 1939; x_wconf 77' lang='lat' dir='ltr'>profiteri</span> <span class='ocrx_word' id='word_1_129' title='bbox 791 1858 909 1938; x_wconf 90' lang='lat' dir='ltr'>publice</span> <span class='ocrx_word' id='word_1_130' title='bbox 932 1876 1026 1939; x_wconf 90' lang='lat' dir='ltr'>nuper</span> <span class='ocrx_word' id='word_1_131' title='bbox 1043 1859 1147 1940; x_wconf 86' lang='lat' dir='ltr'>jussus</span> <span class='ocrx_word' id='word_1_132' title='bbox 1166 1866 1258 1931; x_wconf 90' lang='lat' dir='ltr'>esset,</span> <span class='ocrx_word' id='word_1_133' title='bbox 1281 1858 1308 1920; x_wconf 90' lang='lat' dir='ltr'>ei</span> <span class='ocrx_word' id='word_1_134' title='bbox 1328 1859 1490 1921; x_wconf 84' lang='lat' dir='ltr'>destruen-</span> 
     </span>
    </p>
   </div>
   <div class='ocr_carea' id='block_1_4' title="bbox 130 1965 1492 2580">
    <p class='ocr_par' dir='ltr' id='par_1_5' title="bbox 130 1965 1492 2580">
     <span class='ocr_line' id='line_1_15' title="bbox 131 1965 1490 2048; baseline 0 -20"><span class='ocrx_word' id='word_1_135' title='bbox 131 1969 191 2041; x_wconf 85' lang='lat' dir='ltr'>dis,</span> <span class='ocrx_word' id='word_1_136' title='bbox 215 1986 292 2048; x_wconf 84' lang='lat' dir='ltr'>quae</span> <span class='ocrx_word' id='word_1_137' title='bbox 314 1966 461 2029; x_wconf 62' lang='lat' dir='ltr'>Menas</span> <span class='ocrx_word' id='word_1_138' title='bbox 485 1966 672 2042; x_wconf 85' lang='lat' dir='ltr'>obtinebant,</span> <span class='ocrx_word' id='word_1_139' title='bbox 698 1965 858 2028; x_wconf 84' lang='lat' dir='ltr'>sententiis</span> <span class='ocrx_word' id='word_1_140' title='bbox 882 1967 991 2029; x_wconf 86' lang='lat' dir='ltr'>lamam</span> <span class='ocrx_word' id='word_1_141' title='bbox 1015 1972 1181 2046; x_wconf 86' lang='lat' dir='ltr'>quaereret,</span> <span class='ocrx_word' id='word_1_142' title='bbox 1206 1965 1307 2028; x_wconf 90' lang='lat' dir='ltr'>nimiis</span> <span class='ocrx_word' id='word_1_143' title='bbox 1325 1965 1490 2029; x_wconf 83' lang='lat' dir='ltr'>difficulta-</span> 
     </span>
     <span class='ocr_line' id='line_1_16' title="bbox 131 2072 1489 2158; baseline -0.002 -21"><span class='ocrx_word' id='word_1_144' title='bbox 131 2075 215 2137; x_wconf 86' lang='lat' dir='ltr'>tibus</span> <span class='ocrx_word' id='word_1_145' title='bbox 238 2074 459 2158; x_wconf 80' lang='lat' dir='ltr'>implicabatur.</span> <span class='ocrx_word' id='word_1_146' title='bbox 498 2074 639 2154; x_wconf 88' lang='lat' dir='ltr'>Idemque</span> <span class='ocrx_word' id='word_1_147' title='bbox 659 2073 698 2134; x_wconf 90' lang='lat' dir='ltr'>ad</span> <span class='ocrx_word' id='word_1_148' title='bbox 720 2072 868 2153; x_wconf 88' lang='lat' dir='ltr'>imagines</span> <span class='ocrx_word' id='word_1_149' title='bbox 893 2072 1035 2134; x_wconf 86' lang='lat' dir='ltr'>viridiore</span> <span class='ocrx_word' id='word_1_150' title='bbox 1060 2072 1159 2134; x_wconf 89' lang='lat' dir='ltr'>auimo</span> <span class='ocrx_word' id='word_1_151' title='bbox 1183 2072 1395 2153; x_wconf 89' lang='lat' dir='ltr'>concipiendas</span> <span class='ocrx_word' id='word_1_152' title='bbox 1417 2090 1489 2153; x_wconf 92' lang='lat' dir='ltr'>pro-</span> 
     </span>
     <span class='ocr_line' id='line_1_17' title="bbox 130 2178 1492 2261; baseline -0.001 -18"><span class='ocrx_word' id='word_1_153' title='bbox 130 2181 249 2255; x_wconf 79' lang='lat' dir='ltr'>clivior,</span> <span class='ocrx_word' id='word_1_154' title='bbox 274 2198 333 2242; x_wconf 93' lang='lat' dir='ltr'>non</span> <span class='ocrx_word' id='word_1_155' title='bbox 355 2187 478 2261; x_wconf 90' lang='lat' dir='ltr'>poterat</span> <span class='ocrx_word' id='word_1_156' title='bbox 501 2199 559 2241; x_wconf 91' lang='lat' dir='ltr'>noo</span> <span class='ocrx_word' id='word_1_157' title='bbox 580 2180 707 2261; x_wconf 89' lang='lat' dir='ltr'>probare</span> <span class='ocrx_word' id='word_1_158' title='bbox 726 2179 924 2260; x_wconf 82' lang='lat' dir='ltr'>disciplinam,</span> <span class='ocrx_word' id='word_1_159' title='bbox 949 2199 1025 2260; x_wconf 91' lang='lat' dir='ltr'>qnae</span> <span class='ocrx_word' id='word_1_160' title='bbox 1049 2180 1151 2242; x_wconf 89' lang='lat' dir='ltr'>sidera</span> <span class='ocrx_word' id='word_1_161' title='bbox 1174 2178 1204 2240; x_wconf 85' lang='lat' dir='ltr'>vi</span> <span class='ocrx_word' id='word_1_162' title='bbox 1227 2179 1356 2260; x_wconf 86' lang='lat' dir='ltr'>quadam</span> <span class='ocrx_word' id='word_1_163' title='bbox 1379 2197 1492 2241; x_wconf 85' lang='lat' dir='ltr'>arcana</span> 
     </span>
     <span class='ocr_line' id='line_1_18' title="bbox 131 2285 1492 2379; baseline -0.003 -28"><span class='ocrx_word' id='word_1_164' title='bbox 131 2289 170 2351; x_wconf 81' lang='lat' dir='ltr'>ad</span> <span class='ocrx_word' id='word_1_165' title='bbox 195 2305 246 2349; x_wconf 88' lang='lat' dir='ltr'>res</span> <span class='ocrx_word' id='word_1_166' title='bbox 269 2287 415 2349; x_wconf 88' lang='lat' dir='ltr'>humanas</span> <span class='ocrx_word' id='word_1_167' title='bbox 438 2286 618 2368; x_wconf 87' lang='lat' dir='ltr'>omninoque</span> <span class='ocrx_word' id='word_1_168' title='bbox 643 2295 803 2379; x_wconf 78' lang='lat' dir='ltr'>terrestres</span> <span class='ocrx_word' id='word_1_169' title='bbox 829 2288 931 2351; x_wconf 85' lang='lat' dir='ltr'>valere</span> <span class='ocrx_word' id='word_1_170' title='bbox 960 2295 1126 2363; x_wconf 87' lang='lat' dir='ltr'>statueret,</span> <span class='ocrx_word' id='word_1_171' title='bbox 1157 2285 1252 2348; x_wconf 80' lang='lat' dir='ltr'>etad</span> <span class='ocrx_word' id='word_1_172' title='bbox 1275 2286 1492 2349; x_wconf 86' lang='lat' dir='ltr'>astronomiam</span> 
     </span>
     <span class='ocr_line' id='line_1_19' title="bbox 130 2382 1491 2474; baseline -0.003 -17"><span class='ocrx_word' id='word_1_173' title='bbox 130 2395 241 2457; x_wconf 87' lang='lat' dir='ltr'>melius</span> <span class='ocrx_word' id='word_1_174' title='bbox 261 2393 418 2455; x_wconf 87' lang='lat' dir='ltr'>colendam</span> <span class='ocrx_word' id='word_1_175' title='bbox 435 2402 469 2455; x_wconf 88' lang='lat' dir='ltr'>et</span> <span class='ocrx_word' id='word_1_176' title='bbox 486 2395 654 2474; x_wconf 83' lang='lat' dir='ltr'>aagendam</span> <span class='ocrx_word' id='word_1_177' title='bbox 673 2402 738 2456; x_wconf 87' lang='lat' dir='ltr'>toto</span> <span class='ocrx_word' id='word_1_178' title='bbox 756 2402 879 2474; x_wconf 87' lang='lat' dir='ltr'>pectore</span> <span class='ocrx_word' id='word_1_179' title='bbox 897 2382 1046 2470; x_wconf 88' lang='lat' dir='ltr'>incensus,</span> <span class='ocrx_word' id='word_1_180' title='bbox 1070 2392 1124 2454; x_wconf 91' lang='lat' dir='ltr'>illa</span> <span class='ocrx_word' id='word_1_181' title='bbox 1141 2393 1219 2473; x_wconf 89' lang='lat' dir='ltr'>ipsa,</span> <span class='ocrx_word' id='word_1_182' title='bbox 1244 2410 1333 2473; x_wconf 90' lang='lat' dir='ltr'>quam</span> <span class='ocrx_word' id='word_1_183' title='bbox 1351 2393 1491 2469; x_wconf 81' lang='lat' dir='ltr'>diximus,</span> 
     </span>
     <span class='ocr_line' id='line_1_20' title="bbox 130 2500 1492 2580; baseline -0.001 -17"><span class='ocrx_word' id='word_1_184' title='bbox 130 2510 263 2563; x_wconf 88' lang='lat' dir='ltr'>naturae</span> <span class='ocrx_word' id='word_1_185' title='bbox 285 2500 386 2569; x_wconf 90' lang='lat' dir='ltr'>indole</span> <span class='ocrx_word' id='word_1_186' title='bbox 409 2500 601 2562; x_wconf 80' lang='lat' dir='ltr'>deferebatur</span> <span class='ocrx_word' id='word_1_187' title='bbox 623 2501 662 2563; x_wconf 89' lang='lat' dir='ltr'>ad</span> <span class='ocrx_word' id='word_1_188' title='bbox 686 2501 748 2563; x_wconf 89' lang='lat' dir='ltr'>ieta</span> <span class='ocrx_word' id='word_1_189' title='bbox 770 2519 889 2563; x_wconf 84' lang='lat' dir='ltr'>arcana.</span> <span class='ocrx_word' id='word_1_190' title='bbox 925 2500 972 2563; x_wconf 90' lang='lat' dir='ltr'>De</span> <span class='ocrx_word' id='word_1_191' title='bbox 996 2500 1044 2563; x_wconf 91' lang='lat' dir='ltr'>his</span> <span class='ocrx_word' id='word_1_192' title='bbox 1066 2508 1167 2563; x_wconf 88' lang='lat' dir='ltr'>autem</span> <span class='ocrx_word' id='word_1_193' title='bbox 1190 2501 1220 2561; x_wconf 92' lang='lat' dir='ltr'>in</span> <span class='ocrx_word' id='word_1_194' title='bbox 1239 2500 1404 2562; x_wconf 89' lang='lat' dir='ltr'>Prodrornc</span> <span class='ocrx_word' id='word_1_195' title='bbox 1425 2500 1492 2580; x_wconf 90' lang='lat' dir='ltr'>ipso</span> 
     </span>
    </p>
   </div>
   <div class='ocr_carea' id='block_1_5' title="bbox 130 2605 1617 2687">
    <p class='ocr_par' dir='ltr' id='par_1_6' title="bbox 130 2605 1617 2687">
     <span class='ocr_line' id='line_1_21' title="bbox 130 2605 1617 2687; baseline 0.003 -18"><span class='ocrx_word' id='word_1_196' title='bbox 130 2605 256 2669; x_wconf 88' lang='lat' dir='ltr'>nonnisi</span> <span class='ocrx_word' id='word_1_197' title='bbox 278 2624 377 2687; x_wconf 89' lang='lat' dir='ltr'>panca</span> <span class='ocrx_word' id='word_1_198' title='bbox 399 2605 642 2685; x_wconf 86' lang='lat' dir='ltr'>deprehenderis.</span> <span class='ocrx_word' id='word_1_199' title='bbox 689 2607 804 2669; x_wconf 89' lang='lat' dir='ltr'>Verum</span> <span class='ocrx_word' id='word_1_200' title='bbox 828 2606 912 2669; x_wconf 92' lang='lat' dir='ltr'>libris</span> <span class='ocrx_word' id='word_1_201' title='bbox 933 2607 1062 2687; x_wconf 88' lang='lat' dir='ltr'>posthac</span> <span class='ocrx_word' id='word_1_202' title='bbox 1091 2605 1286 2686; x_wconf 85' lang='lat' dir='ltr'>conscriptis,</span> <span class='ocrx_word' id='word_1_203' title='bbox 1316 2626 1383 2669; x_wconf 91' lang='lat' dir='ltr'>cnm</span> <span class='ocrx_word' id='word_1_204' title='bbox 1412 2606 1491 2682; x_wconf 90' lang='lat' dir='ltr'>aliis,</span> <span class='ocrx_word' id='word_1_205' title='bbox 1616 2670 1617 2673; x_wconf 74' lang='grc'>,</span> 
     </span>
    </p>
   </div>
   <div class='ocr_carea' id='block_1_6' title="bbox 131 2712 1520 3114">
    <p class='ocr_par' dir='ltr' id='par_1_7' title="bbox 131 2712 1491 2794">
     <span class='ocr_line' id='line_1_22' title="bbox 131 2712 1491 2794; baseline 0.001 -19"><span class='ocrx_word' id='word_1_206' title='bbox 131 2723 196 2776; x_wconf 88' lang='lat' dir='ltr'>torn</span> <span class='ocrx_word' id='word_1_207' title='bbox 210 2712 387 2786; x_wconf 84' lang='lat' dir='ltr'>Harmonia,</span> <span class='ocrx_word' id='word_1_208' title='bbox 413 2713 491 2774; x_wconf 89' lang='lat' dir='ltr'>baud</span> <span class='ocrx_word' id='word_1_209' title='bbox 511 2714 604 2775; x_wconf 91' lang='lat' dir='ltr'>semel</span> <span class='ocrx_word' id='word_1_210' title='bbox 625 2713 744 2775; x_wconf 90' lang='lat' dir='ltr'>illarum</span> <span class='ocrx_word' id='word_1_211' title='bbox 767 2732 864 2776; x_wconf 90' lang='lat' dir='ltr'>rernm</span> <span class='ocrx_word' id='word_1_212' title='bbox 888 2714 1000 2776; x_wconf 87' lang='lat' dir='ltr'>mentio</span> <span class='ocrx_word' id='word_1_213' title='bbox 1023 2713 1161 2794; x_wconf 88' lang='lat' dir='ltr'>injicitur,</span> <span class='ocrx_word' id='word_1_214' title='bbox 1187 2730 1273 2794; x_wconf 89' lang='lat' dir='ltr'>quae,</span> <span class='ocrx_word' id='word_1_215' title='bbox 1298 2712 1491 2793; x_wconf 85' lang='lat' dir='ltr'>quotiescun-</span> 
     </span>
    </p>

    <p class='ocr_par' dir='ltr' id='par_1_8' title="bbox 132 2819 1520 3007">
     <span class='ocr_line' id='line_1_23' title="bbox 132 2819 1401 2902; baseline -0.002 -20"><span class='ocrx_word' id='word_1_216' title='bbox 132 2841 190 2902; x_wconf 90' lang='lat' dir='ltr'>que</span> <span class='ocrx_word' id='word_1_217' title='bbox 215 2827 388 2895; x_wconf 86' lang='lat' dir='ltr'>occurrunt,</span> <span class='ocrx_word' id='word_1_218' title='bbox 411 2836 504 2901; x_wconf 87' lang='lat' dir='ltr'>prope</span> <span class='ocrx_word' id='word_1_219' title='bbox 529 2819 684 2899; x_wconf 88' lang='lat' dir='ltr'>attingunt</span> <span class='ocrx_word' id='word_1_220' title='bbox 706 2820 752 2893; x_wconf 90' lang='lat' dir='ltr'>id,</span> <span class='ocrx_word' id='word_1_221' title='bbox 776 2821 854 2901; x_wconf 92' lang='lat' dir='ltr'>qnod</span> <span class='ocrx_word' id='word_1_222' title='bbox 877 2820 926 2881; x_wconf 90' lang='lat' dir='ltr'>bic</span> <span class='ocrx_word' id='word_1_223' title='bbox 947 2820 1068 2887; x_wconf 91' lang='lat' dir='ltr'>libellus</span> <span class='ocrx_word' id='word_1_224' title='bbox 1091 2819 1184 2882; x_wconf 90' lang='lat' dir='ltr'>habet</span> <span class='ocrx_word' id='word_1_225' title='bbox 1206 2821 1401 2902; x_wconf 87' lang='lat' dir='ltr'>propositum.</span> 
     </span>
     <span class='ocr_line' id='line_1_24' title="bbox 223 2924 1520 3007; baseline -0.002 -19"><span class='ocrx_word' id='word_1_226' title='bbox 223 2924 324 2997; x_wconf 87' lang='lat' dir='ltr'>Quam</span> <span class='ocrx_word' id='word_1_227' title='bbox 347 2927 376 2988; x_wconf 92' lang='lat' dir='ltr'>in</span> <span class='ocrx_word' id='word_1_228' title='bbox 401 2925 627 3007; x_wconf 87' lang='lat' dir='ltr'>quaestionibus</span> <span class='ocrx_word' id='word_1_229' title='bbox 650 2924 845 2986; x_wconf 85' lang='lat' dir='ltr'>instituendis</span> <span class='ocrx_word' id='word_1_230' title='bbox 866 2932 988 2986; x_wconf 87' lang='lat' dir='ltr'>secutus</span> <span class='ocrx_word' id='word_1_231' title='bbox 1006 2924 1048 2986; x_wconf 90' lang='lat' dir='ltr'>sit</span> <span class='ocrx_word' id='word_1_232' title='bbox 1066 2924 1154 2999; x_wconf 88' lang='lat' dir='ltr'>riam,</span> <span class='ocrx_word' id='word_1_233' title='bbox 1179 2943 1245 2987; x_wconf 90' lang='lat' dir='ltr'>com</span> <span class='ocrx_word' id='word_1_234' title='bbox 1259 2924 1410 3004; x_wconf 86' lang='lat' dir='ltr'>Keplerns</span> <span class='ocrx_word' id='word_1_235' title='bbox 1428 2924 1493 3004; x_wconf 88' lang='lat' dir='ltr'>ipse</span> <span class='ocrx_word' id='word_1_236' title='bbox 1516 2965 1520 2971; x_wconf 83' lang='lat'><strong>·</strong></span> 
     </span>
    </p>

    <p class='ocr_par' dir='ltr' id='par_1_9' title="bbox 137 3029 1494 3114">
     <span class='ocr_line' id='line_1_25' title="bbox 137 3029 1494 3114; baseline -0.004 -18"><span class='ocrx_word' id='word_1_237' title='bbox 137 3040 168 3096; x_wconf 89' lang='lat' dir='ltr'>et</span> <span class='ocrx_word' id='word_1_238' title='bbox 183 3035 213 3096; x_wconf 91' lang='lat' dir='ltr'>in</span> <span class='ocrx_word' id='word_1_239' title='bbox 234 3033 425 3113; x_wconf 83' lang='lat' dir='ltr'>praelatione</span> <span class='ocrx_word' id='word_1_240' title='bbox 440 3041 472 3095; x_wconf 91' lang='lat' dir='ltr'>et</span> <span class='ocrx_word' id='word_1_241' title='bbox 489 3033 591 3096; x_wconf 93' lang='lat' dir='ltr'>libello</span> <span class='ocrx_word' id='word_1_242' title='bbox 610 3033 687 3114; x_wconf 89' lang='lat' dir='ltr'>ipso,</span> <span class='ocrx_word' id='word_1_243' title='bbox 712 3033 790 3114; x_wconf 91' lang='lat' dir='ltr'>quod</span> <span class='ocrx_word' id='word_1_244' title='bbox 813 3032 891 3094; x_wconf 91' lang='lat' dir='ltr'>idem</span> <span class='ocrx_word' id='word_1_245' title='bbox 910 3032 941 3093; x_wconf 90' lang='lat' dir='ltr'>in</span> <span class='ocrx_word' id='word_1_246' title='bbox 960 3032 1044 3094; x_wconf 90' lang='lat' dir='ltr'>libris</span> <span class='ocrx_word' id='word_1_247' title='bbox 1062 3032 1191 3111; x_wconf 89' lang='lat' dir='ltr'>posthac</span> <span class='ocrx_word' id='word_1_248' title='bbox 1214 3031 1392 3110; x_wconf 88' lang='lat' dir='ltr'>conscriptis</span> <span class='ocrx_word' id='word_1_249' title='bbox 1411 3029 1494 3104; x_wconf 85' lang='lat' dir='ltr'>lecit,</span> 
     </span>
    </p>
   </div>
   <div class='ocr_carea' id='block_1_7' title="bbox 1 3139 1580 3236">
    <p class='ocr_par' dir='ltr' id='par_1_10' title="bbox 1 3139 1580 3236">
     <span class='ocr_line' id='line_1_26' title="bbox 1 3139 1580 3236; baseline -0.001 -31"><span class='ocrx_word' id='word_1_250' title='bbox 1 3199 14 3236; x_wconf 8' lang='grc' dir='ltr'>ἵ.</span> <span class='ocrx_word' id='word_1_251' title='bbox 137 3141 211 3203; x_wconf 87' lang='lat' dir='ltr'>satis</span> <span class='ocrx_word' id='word_1_252' title='bbox 236 3159 293 3202; x_wconf 87' lang='lat' dir='ltr'>nos</span> <span class='ocrx_word' id='word_1_253' title='bbox 321 3139 462 3215; x_wconf 88' lang='lat' dir='ltr'>edoceat,</span> <span class='ocrx_word' id='word_1_254' title='bbox 496 3140 572 3203; x_wconf 91' lang='lat' dir='ltr'>baec</span> <span class='ocrx_word' id='word_1_255' title='bbox 598 3148 718 3202; x_wconf 89' lang='lat' dir='ltr'>tantum</span> <span class='ocrx_word' id='word_1_256' title='bbox 746 3140 970 3220; x_wconf 87' lang='lat' dir='ltr'>praemittenda</span> <span class='ocrx_word' id='word_1_257' title='bbox 999 3148 1079 3203; x_wconf 88' lang='lat' dir='ltr'>sunt.</span> <span class='ocrx_word' id='word_1_258' title='bbox 1125 3140 1169 3203; x_wconf 85' lang='lat' dir='ltr'>Ut</span> <span class='ocrx_word' id='word_1_259' title='bbox 1190 3147 1303 3202; x_wconf 84' lang='lat' dir='ltr'>certam</span> <span class='ocrx_word' id='word_1_260' title='bbox 1331 3140 1493 3222; x_wconf 82' lang='lat' dir='ltr'>quandam,</span> <span class='ocrx_word' id='word_1_261' title='bbox 1574 3162 1580 3183; x_wconf 76' lang='lat'><em>¹</em></span> 
     </span>
    </p>
   </div>
   <div class='ocr_carea' id='block_1_8' title="bbox 132 3246 1495 3543">
    <p class='ocr_par' dir='ltr' id='par_1_11' title="bbox 132 3246 1495 3543">
     <span class='ocr_line' id='line_1_27' title="bbox 136 3246 1493 3330; baseline -0.002 -19"><span class='ocrx_word' id='word_1_262' title='bbox 136 3266 212 3330; x_wconf 84' lang='lat' dir='ltr'>qnae</span> <span class='ocrx_word' id='word_1_263' title='bbox 236 3248 440 3311; x_wconf 87' lang='lat' dir='ltr'>intercederet</span> <span class='ocrx_word' id='word_1_264' title='bbox 462 3248 541 3312; x_wconf 86' lang='lat' dir='ltr'>inter</span> <span class='ocrx_word' id='word_1_265' title='bbox 564 3247 766 3312; x_wconf 86' lang='lat' dir='ltr'>revolutiones</span> <span class='ocrx_word' id='word_1_266' title='bbox 791 3258 822 3310; x_wconf 91' lang='lat' dir='ltr'>et</span> <span class='ocrx_word' id='word_1_267' title='bbox 844 3248 1007 3311; x_wconf 86' lang='lat' dir='ltr'>distantias</span> <span class='ocrx_word' id='word_1_268' title='bbox 1034 3247 1239 3328; x_wconf 87' lang='lat' dir='ltr'>planetarum,</span> <span class='ocrx_word' id='word_1_269' title='bbox 1270 3247 1418 3309; x_wconf 86' lang='lat' dir='ltr'>rationem</span> <span class='ocrx_word' id='word_1_270' title='bbox 1445 3246 1493 3309; x_wconf 91' lang='lat' dir='ltr'>in-</span> 
     </span>
     <span class='ocr_line' id='line_1_28' title="bbox 134 3353 1493 3437; baseline 0.001 -22"><span class='ocrx_word' id='word_1_271' title='bbox 134 3355 264 3430; x_wconf 86' lang='lat' dir='ltr'>veniret,</span> <span class='ocrx_word' id='word_1_272' title='bbox 288 3354 425 3435; x_wconf 89' lang='lat' dir='ltr'>primum,</span> <span class='ocrx_word' id='word_1_273' title='bbox 452 3354 530 3431; x_wconf 76' lang='lat' dir='ltr'>„via</span> <span class='ocrx_word' id='word_1_274' title='bbox 555 3355 658 3417; x_wconf 88' lang='lat' dir='ltr'>mirum</span> <span class='ocrx_word' id='word_1_275' title='bbox 682 3374 771 3437; x_wconf 90' lang='lat' dir='ltr'>qnam</span> <span class='ocrx_word' id='word_1_276' title='bbox 793 3356 932 3430; x_wconf 85' lang='lat' dir='ltr'>aadaci,“</span> <span class='ocrx_word' id='word_1_277' title='bbox 956 3353 1087 3436; x_wconf 87' lang='lat' dir='ltr'>planetis</span> <span class='ocrx_word' id='word_1_278' title='bbox 1101 3354 1172 3416; x_wconf 85' lang='lat' dir='ltr'>Jovi</span> <span class='ocrx_word' id='word_1_279' title='bbox 1190 3361 1223 3416; x_wconf 88' lang='lat' dir='ltr'>et</span> <span class='ocrx_word' id='word_1_280' title='bbox 1235 3353 1338 3429; x_wconf 85' lang='lat' dir='ltr'>Marti,</span> <span class='ocrx_word' id='word_1_281' title='bbox 1362 3353 1493 3435; x_wconf 82' lang='lat' dir='ltr'>pariter-</span> 
     </span>
     <span class='ocr_line' id='line_1_29' title="bbox 132 3460 1495 3543; baseline -0.001 -19"><span class='ocrx_word' id='word_1_282' title='bbox 132 3481 191 3543; x_wconf 90' lang='lat' dir='ltr'>qne</span> <span class='ocrx_word' id='word_1_283' title='bbox 214 3460 331 3523; x_wconf 83' lang='lat' dir='ltr'>Veneri</span> <span class='ocrx_word' id='word_1_284' title='bbox 358 3468 390 3523; x_wconf 90' lang='lat' dir='ltr'>et</span> <span class='ocrx_word' id='word_1_285' title='bbox 416 3461 566 3524; x_wconf 85' lang='lat' dir='ltr'>Mercurio</span> <span class='ocrx_word' id='word_1_286' title='bbox 594 3461 805 3543; x_wconf 86' lang='lat' dir='ltr'>interpositum</span> <span class='ocrx_word' id='word_1_287' title='bbox 833 3462 892 3526; x_wconf 89' lang='lat' dir='ltr'>sibi</span> <span class='ocrx_word' id='word_1_288' title='bbox 919 3461 1053 3543; x_wconf 86' lang='lat' dir='ltr'>tingebat</span> <span class='ocrx_word' id='word_1_289' title='bbox 1079 3478 1189 3524; x_wconf 86' lang='lat' dir='ltr'>novum</span> <span class='ocrx_word' id='word_1_290' title='bbox 1214 3461 1369 3541; x_wconf 84' lang='lat' dir='ltr'>planetam</span> <span class='ocrx_word' id='word_1_291' title='bbox 1401 3479 1495 3542; x_wconf 87' lang='lat' dir='ltr'>,quos</span> 
     </span>
    </p>
   </div>
   <div class='ocr_carea' id='block_1_9' title="bbox 132 3566 1609 3650">
    <p class='ocr_par' dir='ltr' id='par_1_12' title="bbox 132 3566 1609 3650">
     <span class='ocr_line' id='line_1_30' title="bbox 132 3566 1609 3650; baseline -0.002 -19"><span class='ocrx_word' id='word_1_292' title='bbox 132 3570 210 3631; x_wconf 88' lang='lat' dir='ltr'>dnos</span> <span class='ocrx_word' id='word_1_293' title='bbox 240 3568 320 3630; x_wconf 84' lang='lat' dir='ltr'>sorte</span> <span class='ocrx_word' id='word_1_294' title='bbox 351 3567 388 3629; x_wconf 91' lang='lat' dir='ltr'>ob</span> <span class='ocrx_word' id='word_1_295' title='bbox 418 3567 584 3630; x_wconf 80' lang='lat' dir='ltr'>exilitatem</span> <span class='ocrx_word' id='word_1_296' title='bbox 613 3588 670 3630; x_wconf 89' lang='lat' dir='ltr'>noo</span> <span class='ocrx_word' id='word_1_297' title='bbox 699 3568 888 3631; x_wconf 84' lang='lat' dir='ltr'>videamus“.</span> <span class='ocrx_word' id='word_1_298' title='bbox 939 3567 1010 3640; x_wconf 84' lang='lat' dir='ltr'>Qua</span> <span class='ocrx_word' id='word_1_299' title='bbox 1036 3568 1087 3630; x_wconf 89' lang='lat' dir='ltr'>via</span> <span class='ocrx_word' id='word_1_300' title='bbox 1114 3587 1203 3650; x_wconf 90' lang='lat' dir='ltr'>quum</span> <span class='ocrx_word' id='word_1_301' title='bbox 1230 3567 1328 3630; x_wconf 90' lang='lat' dir='ltr'>minus</span> <span class='ocrx_word' id='word_1_302' title='bbox 1357 3566 1387 3629; x_wconf 93' lang='lat' dir='ltr'>id</span> <span class='ocrx_word' id='word_1_303' title='bbox 1416 3567 1495 3647; x_wconf 89' lang='lat' dir='ltr'>qnod</span> <span class='ocrx_word' id='word_1_304' title='bbox 1554 3628 1557 3633; x_wconf 83' lang='grc'>,</span> <span class='ocrx_word' id='word_1_305' title='bbox 1607 3642 1609 3647; x_wconf 24' lang='lat'><strong>⁴</strong></span> 
     </span>
    </p>
   </div>
   <div class='ocr_carea' id='block_1_10' title="bbox 123 3660 1496 4821">
    <p class='ocr_par' dir='ltr' id='par_1_13' title="bbox 123 3660 1496 4821">
     <span class='ocr_line' id='line_1_31' title="bbox 130 3660 1496 3756; baseline 0.002 -23"><span class='ocrx_word' id='word_1_306' title='bbox 130 3673 231 3736; x_wconf 84' lang='lat' dir='ltr'>vellet</span> <span class='ocrx_word' id='word_1_307' title='bbox 253 3680 476 3754; x_wconf 85' lang='lat' dir='ltr'>assequeretur,</span> <span class='ocrx_word' id='word_1_308' title='bbox 500 3692 547 3747; x_wconf 89' lang='lat' dir='ltr'>ea,</span> <span class='ocrx_word' id='word_1_309' title='bbox 572 3692 660 3754; x_wconf 89' lang='lat' dir='ltr'>qnam</span> <span class='ocrx_word' id='word_1_310' title='bbox 682 3660 780 3753; x_wconf 80' lang='lat' dir='ltr'>figura&#39;</span> <span class='ocrx_word' id='word_1_311' title='bbox 800 3673 899 3753; x_wconf 86' lang='lat' dir='ltr'>prima</span> <span class='ocrx_word' id='word_1_312' title='bbox 921 3674 950 3736; x_wconf 90' lang='lat' dir='ltr'>in</span> <span class='ocrx_word' id='word_1_313' title='bbox 969 3674 1156 3755; x_wconf 87' lang='lat' dir='ltr'>praelatione</span> <span class='ocrx_word' id='word_1_314' title='bbox 1174 3673 1299 3756; x_wconf 88' lang='lat' dir='ltr'>Kepleri</span> <span class='ocrx_word' id='word_1_315' title='bbox 1319 3674 1423 3747; x_wconf 88' lang='lat' dir='ltr'>refert,</span> <span class='ocrx_word' id='word_1_316' title='bbox 1445 3673 1496 3736; x_wconf 85' lang='lat' dir='ltr'>via</span> 
     </span>
     <span class='ocr_line' id='line_1_32' title="bbox 131 3778 1495 3862; baseline -0.003 -17"><span class='ocrx_word' id='word_1_317' title='bbox 131 3781 284 3845; x_wconf 89' lang='lat' dir='ltr'>rationem</span> <span class='ocrx_word' id='word_1_318' title='bbox 298 3779 382 3841; x_wconf 91' lang='lat' dir='ltr'>illam</span> <span class='ocrx_word' id='word_1_319' title='bbox 396 3779 620 3859; x_wconf 88' lang='lat' dir='ltr'>deprehendere</span> <span class='ocrx_word' id='word_1_320' title='bbox 635 3780 787 3853; x_wconf 87' lang='lat' dir='ltr'>studebat,</span> <span class='ocrx_word' id='word_1_321' title='bbox 806 3780 1006 3856; x_wconf 85' lang='lat' dir='ltr'>intervallum,</span> <span class='ocrx_word' id='word_1_322' title='bbox 1026 3800 1085 3862; x_wconf 92' lang='lat' dir='ltr'>qno</span> <span class='ocrx_word' id='word_1_323' title='bbox 1098 3782 1224 3862; x_wconf 87' lang='lat' dir='ltr'>planeta</span> <span class='ocrx_word' id='word_1_324' title='bbox 1237 3800 1257 3842; x_wconf 88' lang='lat' dir='ltr'>a</span> <span class='ocrx_word' id='word_1_325' title='bbox 1270 3778 1342 3842; x_wconf 88' lang='lat' dir='ltr'>Sole</span> <span class='ocrx_word' id='word_1_326' title='bbox 1357 3780 1495 3854; x_wconf 85' lang='lat' dir='ltr'>distaret,</span> 
     </span>
     <span class='ocr_line' id='line_1_33' title="bbox 131 3886 1494 3968; baseline -0.002 -17"><span class='ocrx_word' id='word_1_327' title='bbox 131 3897 169 3951; x_wconf 88' lang='lat' dir='ltr'>ut</span> <span class='ocrx_word' id='word_1_328' title='bbox 190 3887 291 3950; x_wconf 85' lang='lat' dir='ltr'>sinam</span> <span class='ocrx_word' id='word_1_329' title='bbox 314 3904 434 3949; x_wconf 83' lang='lat' dir='ltr'>versum</span> <span class='ocrx_word' id='word_1_330' title='bbox 456 3904 589 3967; x_wconf 91' lang='lat' dir='ltr'>ponens,</span> <span class='ocrx_word' id='word_1_331' title='bbox 620 3888 703 3968; x_wconf 87' lang='lat' dir='ltr'>cujus</span> <span class='ocrx_word' id='word_1_332' title='bbox 732 3894 846 3949; x_wconf 87' lang='lat' dir='ltr'>motum</span> <span class='ocrx_word' id='word_1_333' title='bbox 874 3895 1017 3968; x_wconf 88' lang='lat' dir='ltr'>tanquam</span> <span class='ocrx_word' id='word_1_334' title='bbox 1045 3887 1178 3950; x_wconf 87' lang='lat' dir='ltr'>casinum</span> <span class='ocrx_word' id='word_1_335' title='bbox 1205 3906 1326 3950; x_wconf 82' lang='lat' dir='ltr'>versum</span> <span class='ocrx_word' id='word_1_336' title='bbox 1349 3888 1388 3949; x_wconf 87' lang='lat' dir='ltr'>ad</span> <span class='ocrx_word' id='word_1_337' title='bbox 1411 3886 1494 3949; x_wconf 91' lang='lat' dir='ltr'>illum</span> 
     </span>
     <span class='ocr_line' id='line_1_34' title="bbox 132 3992 1494 4075; baseline -0.001 -20"><span class='ocrx_word' id='word_1_338' title='bbox 132 4002 241 4074; x_wconf 84' lang='lat' dir='ltr'>posset</span> <span class='ocrx_word' id='word_1_339' title='bbox 261 3993 385 4056; x_wconf 79' lang='lat' dir='ltr'>referre.</span> <span class='ocrx_word' id='word_1_340' title='bbox 432 3992 520 4065; x_wconf 85' lang='lat' dir='ltr'>Quod</span> <span class='ocrx_word' id='word_1_341' title='bbox 548 4012 615 4056; x_wconf 86' lang='lat' dir='ltr'>cunr</span> <span class='ocrx_word' id='word_1_342' title='bbox 643 3996 827 4075; x_wconf 86' lang='lat' dir='ltr'>improspere</span> <span class='ocrx_word' id='word_1_343' title='bbox 857 3994 1072 4070; x_wconf 87' lang='lat' dir='ltr'>successisset,</span> <span class='ocrx_word' id='word_1_344' title='bbox 1102 3994 1133 4056; x_wconf 92' lang='lat' dir='ltr'>in</span> <span class='ocrx_word' id='word_1_345' title='bbox 1160 3994 1364 4074; x_wconf 88' lang='lat' dir='ltr'>explicandis.</span> <span class='ocrx_word' id='word_1_346' title='bbox 1377 3992 1494 4074; x_wconf 84' lang='lat' dir='ltr'>magnis</span> 
     </span>
     <span class='ocr_line' id='line_1_35' title="bbox 123 4096 1493 4181; baseline -0.001 -19"><span class='ocrx_word' id='word_1_347' title='bbox 123 4100 395 4180; x_wconf 76' lang='lat' dir='ltr'>conjunctionibus</span> <span class='ocrx_word' id='word_1_348' title='bbox 417 4100 606 4180; x_wconf 86' lang='lat' dir='ltr'>planetarum</span> <span class='ocrx_word' id='word_1_349' title='bbox 628 4100 715 4163; x_wconf 83' lang='lat' dir='ltr'>Joris</span> <span class='ocrx_word' id='word_1_350' title='bbox 738 4109 771 4162; x_wconf 89' lang='lat' dir='ltr'>et</span> <span class='ocrx_word' id='word_1_351' title='bbox 794 4098 919 4163; x_wconf 81' lang='lat' dir='ltr'>Saturni</span> <span class='ocrx_word' id='word_1_352' title='bbox 933 4096 1119 4180; x_wconf 72' lang='lat' dir='ltr'>colligebat,</span> <span class='ocrx_word' id='word_1_353' title='bbox 1146 4101 1258 4175; x_wconf 89' lang='lat' dir='ltr'>lineas,</span> <span class='ocrx_word' id='word_1_354' title='bbox 1289 4100 1395 4181; x_wconf 89' lang='lat' dir='ltr'>quibus</span> <span class='ocrx_word' id='word_1_355' title='bbox 1418 4116 1493 4160; x_wconf 90' lang='lat' dir='ltr'>con-</span> 
     </span>
     <span class='ocr_line' id='line_1_36' title="bbox 129 4206 1492 4289; baseline -0.003 -19"><span class='ocrx_word' id='word_1_356' title='bbox 129 4206 304 4287; x_wconf 83' lang='lat' dir='ltr'>junctiones</span> <span class='ocrx_word' id='word_1_357' title='bbox 327 4206 406 4268; x_wconf 89' lang='lat' dir='ltr'>istae</span> <span class='ocrx_word' id='word_1_358' title='bbox 429 4207 671 4289; x_wconf 88' lang='lat' dir='ltr'>depingerentur,</span> <span class='ocrx_word' id='word_1_359' title='bbox 697 4207 742 4269; x_wconf 91' lang='lat' dir='ltr'>ita</span> <span class='ocrx_word' id='word_1_360' title='bbox 764 4227 798 4270; x_wconf 88' lang='lat' dir='ltr'>se</span> <span class='ocrx_word' id='word_1_361' title='bbox 822 4225 941 4283; x_wconf 89' lang='lat' dir='ltr'>secare,</span> <span class='ocrx_word' id='word_1_362' title='bbox 966 4217 1000 4269; x_wconf 90' lang='lat' dir='ltr'>ut</span> <span class='ocrx_word' id='word_1_363' title='bbox 1021 4208 1155 4289; x_wconf 89' lang='lat' dir='ltr'>punctis,</span> <span class='ocrx_word' id='word_1_364' title='bbox 1180 4206 1286 4289; x_wconf 87' lang='lat' dir='ltr'>quibus</span> <span class='ocrx_word' id='word_1_365' title='bbox 1309 4213 1492 4280; x_wconf 86' lang='lat' dir='ltr'>secarentur,</span> 
     </span>
     <span class='ocr_line' id='line_1_37' title="bbox 136 4310 1492 4395; baseline -0.001 -20"><span class='ocrx_word' id='word_1_366' title='bbox 136 4333 230 4376; x_wconf 85' lang='lat' dir='ltr'>noros</span> <span class='ocrx_word' id='word_1_367' title='bbox 253 4314 382 4377; x_wconf 89' lang='lat' dir='ltr'>circulus</span> <span class='ocrx_word' id='word_1_368' title='bbox 406 4314 581 4389; x_wconf 83' lang='lat' dir='ltr'>efficeretur,</span> <span class='ocrx_word' id='word_1_369' title='bbox 606 4315 692 4393; x_wconf 90' lang='lat' dir='ltr'>cnjus</span> <span class='ocrx_word' id='word_1_370' title='bbox 715 4315 817 4377; x_wconf 90' lang='lat' dir='ltr'>radius</span> <span class='ocrx_word' id='word_1_371' title='bbox 840 4314 930 4394; x_wconf 90' lang='lat' dir='ltr'>paulo</span> <span class='ocrx_word' id='word_1_372' title='bbox 949 4314 1045 4394; x_wconf 89' lang='lat' dir='ltr'>major</span> <span class='ocrx_word' id='word_1_373' title='bbox 1063 4322 1155 4385; x_wconf 87' lang='lat' dir='ltr'>esset,</span> <span class='ocrx_word' id='word_1_374' title='bbox 1180 4332 1270 4395; x_wconf 89' lang='lat' dir='ltr'>quarn</span> <span class='ocrx_word' id='word_1_375' title='bbox 1287 4312 1412 4394; x_wconf 87' lang='lat' dir='ltr'>majoris</span> <span class='ocrx_word' id='word_1_376' title='bbox 1431 4310 1492 4374; x_wconf 89' lang='lat' dir='ltr'>cir-</span> 
     </span>
     <span class='ocr_line' id='line_1_38' title="bbox 136 4416 1493 4501; baseline -0.002 -19"><span class='ocrx_word' id='word_1_377' title='bbox 136 4421 195 4483; x_wconf 92' lang='lat' dir='ltr'>cnli</span> <span class='ocrx_word' id='word_1_378' title='bbox 212 4420 317 4484; x_wconf 84' lang='lat' dir='ltr'>radius</span> <span class='ocrx_word' id='word_1_379' title='bbox 335 4420 487 4483; x_wconf 85' lang='lat' dir='ltr'>dimidius.</span> <span class='ocrx_word' id='word_1_380' title='bbox 523 4416 682 4496; x_wconf 56' lang='lat' dir='ltr'>&lt;name</span> <span class='ocrx_word' id='word_1_381' title='bbox 701 4420 729 4484; x_wconf 87' lang='grc'>1.</span> <span class='ocrx_word' id='word_1_382' title='bbox 762 4420 913 4501; x_wconf 82' lang='lat' dir='ltr'>Compara</span> <span class='ocrx_word' id='word_1_383' title='bbox 931 4421 1057 4501; x_wconf 86' lang='lat' dir='ltr'>liguram</span> <span class='ocrx_word' id='word_1_384' title='bbox 1075 4422 1238 4484; x_wconf 86' lang='lat' dir='ltr'>secundam</span> <span class='ocrx_word' id='word_1_385' title='bbox 1256 4420 1286 4482; x_wconf 94' lang='lat' dir='ltr'>in</span> <span class='ocrx_word' id='word_1_386' title='bbox 1305 4418 1493 4500; x_wconf 83' lang='lat' dir='ltr'>praelatione</span> 
     </span>
     <span class='ocr_line' id='line_1_39' title="bbox 131 4512 1493 4609; baseline -0.002 -20"><span class='ocrx_word' id='word_1_387' title='bbox 131 4512 288 4609; x_wconf 66' lang='lat' dir='ltr'>¹lleplsri.)</span> <span class='ocrx_word' id='word_1_388' title='bbox 324 4525 441 4600; x_wconf 84' lang='lat' dir='ltr'>Quodsi</span> <span class='ocrx_word' id='word_1_389' title='bbox 460 4528 557 4590; x_wconf 85' lang='lat' dir='ltr'>lineae</span> <span class='ocrx_word' id='word_1_390' title='bbox 576 4529 695 4608; x_wconf 87' lang='lat' dir='ltr'>trigona</span> <span class='ocrx_word' id='word_1_391' title='bbox 714 4529 900 4609; x_wconf 77' lang='lat' dir='ltr'>aequilatera</span> <span class='ocrx_word' id='word_1_392' title='bbox 919 4528 1082 4597; x_wconf 83' lang='lat' dir='ltr'>efficerent,</span> <span class='ocrx_word' id='word_1_393' title='bbox 1106 4546 1138 4588; x_wconf 88' lang='lat' dir='ltr'>re</span> <span class='ocrx_word' id='word_1_394' title='bbox 1157 4546 1230 4589; x_wconf 88' lang='lat' dir='ltr'>vera</span> <span class='ocrx_word' id='word_1_395' title='bbox 1246 4528 1397 4589; x_wconf 84' lang='lat' dir='ltr'>radiorum</span> <span class='ocrx_word' id='word_1_396' title='bbox 1415 4524 1493 4587; x_wconf 78' lang='lat' dir='ltr'>ratio</span> 
     </span>
     <span class='ocr_line' id='line_1_40' title="bbox 136 4630 1492 4719; baseline -0.003 -23"><span class='ocrx_word' id='word_1_397' title='bbox 136 4643 222 4698; x_wconf 87' lang='lat' dir='ltr'>esset</span> <span class='ocrx_word' id='word_1_398' title='bbox 243 4633 298 4705; x_wconf 85' lang='lat'>0,5</span> <span class='ocrx_word' id='word_1_399' title='bbox 316 4634 371 4698; x_wconf 75' lang='lat' dir='ltr'>ri.</span> <span class='ocrx_word' id='word_1_400' title='bbox 405 4634 477 4719; x_wconf 81' lang='lat' dir='ltr'>Jarn</span> <span class='ocrx_word' id='word_1_401' title='bbox 500 4652 571 4696; x_wconf 88' lang='lat' dir='ltr'>vero</span> <span class='ocrx_word' id='word_1_402' title='bbox 594 4652 662 4695; x_wconf 90' lang='lat' dir='ltr'>curu</span> <span class='ocrx_word' id='word_1_403' title='bbox 685 4634 764 4696; x_wconf 88' lang='lat' dir='ltr'>iuter</span> <span class='ocrx_word' id='word_1_404' title='bbox 786 4635 961 4696; x_wconf 86' lang='lat' dir='ltr'>distantiam</span> <span class='ocrx_word' id='word_1_405' title='bbox 983 4634 1070 4696; x_wconf 79' lang='lat' dir='ltr'>Joris</span> <span class='ocrx_word' id='word_1_406' title='bbox 1093 4642 1125 4695; x_wconf 90' lang='lat' dir='ltr'>et</span> <span class='ocrx_word' id='word_1_407' title='bbox 1148 4632 1271 4696; x_wconf 88' lang='lat' dir='ltr'>Setumi</span> <span class='ocrx_word' id='word_1_408' title='bbox 1295 4630 1373 4694; x_wconf 86' lang='lat' dir='ltr'>ratio</span> <span class='ocrx_word' id='word_1_409' title='bbox 1394 4632 1492 4693; x_wconf 91' lang='lat' dir='ltr'>inter·</span> 
     </span>
     <span class='ocr_line' id='line_1_41' title="bbox 137 4722 1491 4821; baseline -0.006 -16"><span class='ocrx_word' id='word_1_410' title='bbox 137 4742 226 4805; x_wconf 72' lang='lat' dir='ltr'>cedat</span> <span class='ocrx_word' id='word_1_411' title='bbox 248 4744 312 4804; x_wconf 82' lang='lat' dir='ltr'>iere</span> <span class='ocrx_word' id='word_1_412' title='bbox 339 4738 431 4815; x_wconf 74' lang='lat' dir='ltr'>lt&#39;l,</span> <span class='ocrx_word' id='word_1_413' title='bbox 463 4722 533 4815; x_wconf 60' lang='grc' dir='ltr'>(52Δ</span> <span class='ocrx_word' id='word_1_414' title='bbox 549 4761 557 4802; x_wconf 89' lang='lat'><strong>:</strong></span> <span class='ocrx_word' id='word_1_415' title='bbox 573 4737 643 4814; x_wconf 68' lang='lat' dir='ltr'>ab)</span> <span class='ocrx_word' id='word_1_416' title='bbox 672 4741 852 4820; x_wconf 88' lang='lat' dir='ltr'>trigonum</span> <span class='ocrx_word' id='word_1_417' title='bbox 876 4749 948 4821; x_wconf 89' lang='lat' dir='ltr'>apta</span> <span class='ocrx_word' id='word_1_418' title='bbox 971 4740 1018 4803; x_wconf 89' lang='lat' dir='ltr'>his</span> <span class='ocrx_word' id='word_1_419' title='bbox 1040 4741 1172 4821; x_wconf 91' lang='lat' dir='ltr'>planetis</span> <span class='ocrx_word' id='word_1_420' title='bbox 1195 4741 1291 4821; x_wconf 88' lang='lat' dir='ltr'>ligura</span> <span class='ocrx_word' id='word_1_421' title='bbox 1313 4756 1381 4799; x_wconf 89' lang='lat' dir='ltr'>esse</span> <span class='ocrx_word' id='word_1_422' title='bbox 1404 4736 1491 4797; x_wconf 86' lang='lat' dir='ltr'>vide-</span> 
     </span>
    </p>
   </div>
   <div class='ocr_carea' id='block_1_11' title="bbox 135 4842 1491 5000">
    <p class='ocr_par' dir='ltr' id='par_1_14' title="bbox 135 4842 1491 5000">
     <span class='ocr_line' id='line_1_42' title="bbox 135 4842 1491 4928; baseline -0.006 -18"><span class='ocrx_word' id='word_1_423' title='bbox 135 4848 234 4913; x_wconf 84' lang='lat' dir='ltr'>batur.</span> <span class='ocrx_word' id='word_1_424' title='bbox 279 4846 372 4911; x_wconf 83' lang='lat' dir='ltr'>Hand</span> <span class='ocrx_word' id='word_1_425' title='bbox 395 4846 485 4909; x_wconf 87' lang='lat' dir='ltr'>aliter</span> <span class='ocrx_word' id='word_1_426' title='bbox 507 4847 546 4909; x_wconf 88' lang='lat' dir='ltr'>ad</span> <span class='ocrx_word' id='word_1_427' title='bbox 570 4858 688 4913; x_wconf 85' lang='lat' dir='ltr'>ceteros</span> <span class='ocrx_word' id='word_1_428' title='bbox 710 4847 850 4928; x_wconf 88' lang='lat' dir='ltr'>planetas</span> <span class='ocrx_word' id='word_1_429' title='bbox 874 4848 1004 4928; x_wconf 87' lang='lat' dir='ltr'>reliquas</span> <span class='ocrx_word' id='word_1_430' title='bbox 1028 4848 1138 4927; x_wconf 77' lang='lat' dir='ltr'>figurae</span> <span class='ocrx_word' id='word_1_431' title='bbox 1161 4849 1325 4927; x_wconf 87' lang='lat' dir='ltr'>regulares,</span> <span class='ocrx_word' id='word_1_432' title='bbox 1350 4864 1375 4905; x_wconf 89' lang='lat' dir='ltr'>e.</span> <span class='ocrx_word' id='word_1_433' title='bbox 1401 4862 1428 4904; x_wconf 85' lang='lat' dir='ltr'>c.</span> <span class='ocrx_word' id='word_1_434' title='bbox 1452 4842 1491 4903; x_wconf 91' lang='lat' dir='ltr'>ad</span> 
     </span>
     <span class='ocr_line' id='line_1_43' title="bbox 1236 4951 1277 5000; baseline 0 -19"><span class='ocrx_word' id='word_1_435' title='bbox 1236 4951 1247 5000; x_wconf 71' lang='lat'>1</span> <span class='ocrx_word' id='word_1_436' title='bbox 1260 4952 1277 4981; x_wconf 62' lang='lat' dir='ltr'>a</span> 
     </span>
    </p>
   </div>
   <div class='ocr_carea' id='block_1_12' title="bbox 0 0 1898 5808">
    <p class='ocr_par' dir='ltr' id='par_1_15' title="bbox 0 0 1898 5808">
     <span class='ocr_line' id='line_1_44' title="bbox 0 0 1898 5808; baseline 0 1"><span class='ocrx_word' id='word_1_437' title='bbox 0 0 1898 5808; x_wconf 95' lang='lat' dir='ltr'> </span> 
     </span>
    </p>
   </div>
  </div>
 </body>
</html>
