3838 5824
789 398 872 463 ⁰uu
889 401 910 451 1·
1357 422 1361 429 ·
1465 409 1528 477 rra
1650 360 1655 372 ’

167 552 335 630 respondeo
351 553 496 632 primum,
521 552 662 634 antiquas
681 555 864 636 hypotheses
878 557 1105 638 praecipuorum
1125 562 1240 642 aliquot
1261 565 1395 645 capitum
1415 569 1529 633 nullam

167 640 256 718 plane
280 640 431 704 rationem
454 642 590 703 reddere.
639 640 817 722 Cujusmodi
840 654 898 718 est,
924 648 1001 726 quod
1025 647 1166 728 ignorant
1189 653 1314 722 numeri,
1339 656 1528 734 quantitatis,

168 727 372 809 temporisque
400 730 692 810 retrogradationum
720 751 848 794 cauam:
883 742 915 795 et
944 754 1035 815 quare
1064 735 1134 797 illae
1162 739 1202 799 ad
1225 741 1369 803 amussim
1391 742 1437 805 ita
1460 764 1528 808 cum

168 816 234 878 luco
260 825 293 880 et
313 826 398 881 motu
421 817 503 881 Solis
531 819 630 881 medio
658 820 848 884 conveniant
865 825 891 896 e)
938 820 1055 893 Quibus
1087 825 1224 888 omnibns
1256 827 1286 889 in
1319 829 1427 906 rebus,
1461 852 1529 894 cnm

166 905 246 985 apud
270 904 470 987 Ooperuicum
493 908 565 969 ordo
589 908 807 988 pulcherrimus
830 920 993 990 appareat,
1017 931 1140 975 causam
1164 914 1257 976 etiam
1278 916 1379 979 inesse
1402 938 1527 982 necesse

166 1002 225 1057 est.
256 994 375 1057 Deinde
398 1015 501 1058 aarum
517 997 610 1060 etium
624 997 844 1078 hypothesium,
869 1018 948 1079 quae
969 1008 1161 1064 constantem
1184 1005 1429 1082 apparentiamm
1453 1028 1529 1069 cau·

167 1102 233 1145 sam
256 1084 395 1159 reddunt,
420 1095 542 1147 etcum
565 1086 632 1148 visu
655 1087 856 1163 consentiunt,
880 1087 954 1149 nihil
973 1099 1071 1169 negat
1086 1088 1279 1170 Copemicus,
1303 1093 1404 1172 potius
1428 1095 1529 1158 omnia
1615 1162 1619 1177 ,

168 1170 260 1234 sumit
282 1180 314 1234 et
337 1173 481 1253 explicat.
515 1175 595 1237 Nam
619 1177 705 1255 quod
721 1176 817 1238 multa
839 1176 869 1237 iu
892 1177 1109 1259 hypothesibus
1132 1179 1254 1241 usitatis
1276 1181 1454 1244 immutasse
1476 1184 1527 1244 vi-

167 1261 263 1334 detur,
286 1259 318 1322 id
342 1281 449 1324 revera
471 1281 530 1324 nou
553 1264 598 1325 ita
622 1283 654 1324 se
679 1263 782 1326 habet.
820 1265 899 1326 Fieri
923 1285 1050 1346 namque
1073 1275 1185 1346 potest,
1210 1276 1245 1328 ut
1265 1268 1346 1330 idem
1369 1270 1528 1351 contingat

167 1348 282 1411 duobus
296 1351 396 1428 specie
413 1350 618 1414 differentibus
633 1353 883 1432 praesuppositis,
907 1361 1071 1433 propterea
1086 1357 1164 1434 quod
1183 1355 1237 1417 illa
1261 1357 1318 1418 duo
1342 1358 1397 1421 sub
1422 1360 1528 1421 ecdem

166 1456 277 1518 genere
305 1448 389 1514 sunt,
418 1440 503 1518 cujus
532 1441 633 1519 gratia
656 1441 775 1520 generis
803 1441 899 1520 primo
927 1442 958 1503 id
987 1442 1148 1523 contingit,
1177 1445 1214 1505 de
1239 1462 1295 1523 qno
1319 1445 1428 1524 agitur.
1474 1447 1527 1510 Sic

167 1525 359 1589 Ptolemaeus
383 1528 540 1590 stellarum
564 1537 649 1591 ortm
673 1537 705 1590 et
727 1528 827 1590 obitus
851 1530 1083 1605 demonstravit,
1115 1551 1172 1592 non
1197 1532 1253 1594 hoc
1276 1533 1374 1597 medio
1398 1536 1527 1598 termino

166 1614 302 1694 proximo
325 1622 358 1677 et
380 1627 558 1696 coaequato,
583 1618 653 1697 quia
676 1618 771 1679 Terra
794 1617 836 1679 rit
858 1617 888 1680 iu
911 1618 1009 1680 medio
1032 1619 1202 1683 immobilis.
1245 1621 1350 1701 Neque
1375 1621 1525 1703 Coporni-

166 1722 219 1765 cus
241 1703 321 1765 idem
343 1704 401 1767 hoc
423 1706 522 1766 medic
546 1708 744 1779 demonstrat,
769 1706 840 1787 quia
855 1707 949 1768 Terra
965 1709 1096 1771 amedio
1115 1708 1233 1771 distans
1258 1711 1404 1772 volvatur.
1438 1711 1525 1775 Utri-

167 1810 223 1870 que
248 1792 326 1854 enim
350 1794 467 1855 suffecit
491 1793 589 1855 dicere
614 1795 708 1875 (quod
731 1803 763 1856 et
792 1803 916 1875 uterque
944 1794 1035 1871 dixit)
1068 1798 1135 1859 ideo
1164 1798 1239 1858 haec
1265 1797 1311 1858 ita
1341 1798 1424 1873 fleri,
1457 1799 1528 1880 quia

165 1880 245 1941 iuter
269 1880 385 1943 coelum
408 1890 442 1944 et
463 1882 588 1945 Terram
611 1883 782 1946 intercedat
804 1883 905 1964 aliqua
930 1893 1064 1947 motuum
1092 1885 1261 1965 separatio,
1291 1893 1323 1947 et
1351 1886 1421 1966 quia
1443 1888 1527 1950 nulla

166 1968 245 2031 inter
267 1968 343 2031 hxas
367 1971 516 2033 sentiatur
539 1971 668 2034 Telluris
693 1991 713 2033 a
734 1971 832 2034 medio
857 1971 1011 2035 distantia
1050 1973 1145 2054 Igitur
1167 1974 1362 2036 Ptolemaeus
1386 1994 1446 2037 nou
1469 1975 1525 2037 de·

166 2058 348 2120 monstravit
371 2060 449 2123 salso
466 2067 498 2121 et
512 2059 715 2123 accidentario
730 2059 838 2136 medio,
863 2060 888 2121 si
912 2080 988 2141 quae
1013 2061 1232 2125 demonstravit
1255 2084 1425 2141 carropera.
1459 2063 1526 2125 Huc

166 2155 286 2209 tantum
299 2147 330 2209 in
344 2147 517 2230 legem'aoer'
533 2148 607 2212 adro
621 2149 770 2230 peccavit,
795 2150 873 2230 quod
888 2148 1082 2226 existimavit,
1108 2152 1183 2214 haec
1196 2151 1242 2213 ita
1254 2161 1380 2233 propter
1394 2151 1527 2233 speeiem

166 2235 296 2311 euenire,
321 2255 397 2317 quae
411 2246 536 2319 propter
554 2256 649 2319 genus
668 2237 818 2300 eveniunt.
852 2238 938 2301 Unde
954 2248 1092 2320 apparet,
1113 2260 1150 2303 ex
1169 2259 1214 2315 eo,
1239 2241 1318 2321 quod
1331 2241 1527 2303 Ptolemaeus

166 2344 205 2386 ex
228 2325 308 2387 salsa
329 2327 432 2388 muudi
455 2326 652 2407 dispositione
675 2346 749 2389 vera
771 2336 872 2390 tamen
903 2336 936 2389 et
963 2328 1047 2391 coelo
1078 2329 1249 2410 nostrisque
1277 2330 1371 2392 oculis
1394 2348 1528 2392 consona

167 2413 401 2488 demonstrarit,
412 2433 450 2476 ex
464 2435 510 2491 eo,
527 2416 656 2496 inquam,
669 2416 782 2479 nnllam
796 2436 864 2478 esse
879 2435 1011 2491 cansam,
1028 2417 1123 2481 simile
1139 2419 1209 2499 qnid
1223 2418 1315 2480 etiam
1330 2418 1367 2481 de
1376 2416 1526 2499 Coperni·

166 2500 251 2563 canis
274 2501 492 2586 hypothesibus
516 2503 699 2584 suspicandi.
746 2503 826 2576 Quin
849 2505 951 2585 potins
974 2517 1086 2582 manet,
1111 2507 1190 2588 quod
1212 2506 1297 2570 initio
1321 2507 1524 2569 dictumest:

166 2608 226 2651 non
248 2610 339 2671 posse
355 2592 435 2655 falsa
449 2611 517 2654 esse
533 2591 692 2673 Copernici
706 2592 862 2673 principia,
887 2613 926 2655 ex
949 2594 1056 2674 quibus
1075 2604 1143 2669 tam
1166 2603 1309 2657 constans
1333 2595 1528 2674 plurimorum

167 2681 469 2757 procumbentia,
499 2682 606 2761 ignota
627 2682 799 2757 veteribus,
829 2683 991 2759 reddatur,
1021 2692 1169 2764 quatenus
1193 2703 1231 2745 ex
1254 2682 1314 2744 illis
1337 2684 1483 2746 redditur.
1497 2680 1527 2757 ⁴¹)

167 2766 256 2829 Vidit
278 2770 334 2831 hcc
358 2769 549 2833 felicissimus
571 2770 623 2833 ille
638 2770 740 2852 Tycho
755 2771 865 2845 Brahe,
890 2779 1080 2833 astronomus
1100 2773 1179 2833 omui
1194 2771 1396 2836 celebratione
1419 2771 1524 2852 major,
1577 2798 1584 2803 ·

168 2856 218 2937 qui
241 2857 377 2938 quamvis
401 2858 520 2920 omniuo
545 2859 582 2920 de
606 2860 672 2921 loco
696 2860 808 2920 Terrae
833 2879 852 2920 a
875 2857 1042 2940 Cupernico
1071 2859 1265 2934 dissentiret,
1298 2868 1401 2921 tamen
1429 2879 1468 2920 ex
1490 2878 1526 2921 eo

166 2944 292 3008 retinuit
313 2946 354 3023 id,
379 2948 464 3026 cujus
488 2948 588 3028 gratia
605 2967 705 3011 rerum
719 2948 866 3009 hacteuus
879 2946 1098 3028 incognitarum
1112 2968 1220 3010 causas
1234 2947 1398 3010 habemus:
1423 2945 1527 3008 Solem

167 3052 275 3113 nempe
298 3053 366 3097 esse
381 3044 518 3099 centmm
532 3036 661 3117 quinque
674 3035 875 3115 planetarum.
908 3036 988 3099 Nam
1012 3044 1044 3097 et
1067 3036 1123 3098 hoc
1146 3037 1304 3116 angustius
1327 3043 1376 3097 est
1397 3033 1528 3097 medium

167 3122 206 3184 ad
230 3123 482 3187 demonstrandas
505 3125 738 3204 repedationes:
769 3147 804 3187 so
827 3123 881 3187 Sol
906 3124 935 3186 in
959 3135 1063 3186 centro
1087 3124 1258 3187 immobilis.
1303 3121 1424 3186 Sufficit
1446 3122 1527 3184 euim

167 3212 309 3290 generale
332 3211 423 3276 illud:
448 3213 503 3277 Sol
526 3213 556 3276 in
580 3222 683 3275 centm
707 3214 897 3293 planetarum
920 3212 1057 3294 quinque,
1107 3212 1169 3276 Cur
1193 3221 1294 3275 autem
1317 3211 1449 3293 speciem
1472 3229 1527 3290 pro

166 3318 278 3379 genere
302 3311 435 3365 sumeret
449 3300 643 3384 Coperuicus,
669 3310 702 3364 et
715 3301 820 3365 Solem
842 3301 965 3383 iusuper
987 3300 1017 3363 in
1041 3310 1144 3364 centro
1163 3300 1273 3376 mundi,
1299 3302 1424 3363 Terram
1447 3299 1527 3362 cirea

168 3408 237 3450 eum
259 3389 399 3453 mobilem
425 3391 548 3466 laceret,
572 3391 651 3453 aliae
675 3410 786 3453 causae
810 3392 938 3454 fuerunt.
976 3391 1058 3454 Nam
1080 3398 1114 3453 ut
1138 3411 1177 3452 ex
1194 3389 1380 3453 astronomia
1394 3389 1433 3451 ad
1450 3388 1530 3471 phy·
1570 3448 1576 3471 ,

168 3477 262 3539 sicam
291 3478 354 3540 sive
382 3481 645 3560 cosmographiam
673 3478 845 3556 deveniam,
877 3481 934 3543 hae
959 3478 1120 3560 Copernici
1143 3480 1330 3562 hypotheses
1353 3497 1413 3540 non
1436 3478 1532 3540 solum
1571 3474 1575 3487 '

167 3564 197 3626 iu
221 3574 360 3629 naturam
383 3588 482 3630 rerum
504 3588 562 3631 non
586 3577 728 3648 peccant,
761 3570 816 3631 sed
844 3568 927 3632 illam
955 3570 1049 3631 multu
1073 3568 1171 3649 magis
1195 3569 1313 3650 juvant.
1360 3568 1457 3629 Amat
1479 3565 1534 3627 illa
1570 3616 1573 3619 ,

168 3654 404 3735 simplicitatem,
428 3664 513 3720 amat
526 3657 682 3719 unitatem.
715 3658 876 3737 Nunquam
900 3657 929 3718 in
952 3657 1020 3737 ipsa
1035 3657 1193 3738 quicquam
1206 3657 1336 3718 otiosum
1351 3664 1403 3717 ant
1424 3673 1532 3734 super·
1568 3706 1575 3723 ,

169 3743 261 3806 fluum
284 3744 406 3809 extitit:
431 3753 466 3808 at
488 3746 609 3825 saepius
632 3765 693 3808 uua
714 3764 764 3808 res
788 3745 892 3808 multis
916 3746 955 3807 ab
978 3745 1031 3807 illa
1051 3744 1220 3808 destinatur
1235 3744 1401 3807 effectibus.
1437 3741 1533 3823 Atqui

169 3851 263 3910 penes
286 3833 418 3897 usitatas
440 3835 626 3917 hypotheses
650 3833 765 3896 orbium
788 3833 994 3913 fingendorum
1016 3833 1083 3895 finis
1098 3835 1198 3896 nullus
1212 3842 1279 3895 est:
1304 3852 1399 3911 penes
1414 3830 1532 3911 Cuper-

169 3920 269 3983 nicum
292 3923 412 4002 plurimi
435 3931 535 3985 motus
559 3942 598 3983 ex
621 3922 813 4002 paucissimis
836 3929 1000 4001 sequuntur
1028 3921 1167 3995 orbibus,
1200 3929 1235 3983 ut
1264 3919 1386 3982 interim
1414 3928 1534 3981 taceam

171 4011 415 4088 penetrationem
429 4012 547 4075 orbium
561 4010 693 4074 Veneris
708 4020 741 4073 et
754 4009 905 4084 Mercurii,
931 4017 963 4071 et
985 4009 1055 4084 alia,
1081 4009 1187 4089 quibus
1205 4009 1330 4089 antiqua
1348 4007 1534 4071 astronomia

168 4096 200 4158 in
228 4105 319 4162 tauta
350 4100 467 4162 orbium
499 4100 705 4180 fingendorum
738 4098 879 4162 libertate
910 4097 1072 4160 etiamnum
1104 4098 1234 4161 laborat.
1281 4099 1384 4177 Atque
1417 4097 1460 4159 sic
1488 4095 1535 4158 vir

169 4186 230 4248 iste
253 4207 312 4250 non
335 4197 455 4251 tantum
470 4196 610 4252 naturam
624 4207 753 4250 onerosa
776 4187 829 4250 illu
852 4195 884 4248 et
905 4186 1004 4249 inutili
1022 4186 1230 4265 suppellectile
1253 4193 1301 4247 tot
1323 4185 1536 4248 immensorum

84 4322 90 4328 .
171 4274 287 4339 orbium
316 4277 477 4341 liberavit:
511 4279 566 4340 sed
593 4276 717 4357 insuper
744 4277 836 4338 etiam
863 4276 1075 4339 inexhaustum
1102 4275 1188 4336 uobis
1217 4275 1392 4337 thesaurum
1416 4272 1536 4353 aperuit

171 4363 426 4429 divinissimomm
445 4365 669 4429 ratiociniorum
693 4366 729 4426 de
756 4365 850 4426 totius
876 4363 977 4427 muudi
1000 4362 1188 4443 omniumque
1212 4382 1369 4443 corporum
1392 4362 1552 4451 pulcher·=

172 4452 249 4514 rima
272 4455 451 4535 aptitudine.
496 4455 604 4536 Neque
628 4452 730 4515 dubito
760 4454 925 4529 affirmare,
955 4451 1093 4534 quicquid
1123 4450 1324 4530 aposteriori
1349 4449 1535 4531 Cuperuicua

172 4542 297 4622 collegit
320 4552 352 4606 et
373 4543 441 4606 visu
463 4541 704 4617 demonstravit,
736 4540 939 4604 mediantibus
961 4539 1153 4621 geometricis
1178 4539 1356 4615 axiomatis,
1389 4539 1420 4601 id
1449 4557 1537 4601 omne

172 4630 222 4692 vel
244 4630 311 4711 ipso
325 4631 494 4695 Aristotele
509 4639 600 4708 teste,
625 4630 651 4692 si
672 4628 790 4692 viveret
813 4631 907 4712 (quod
921 4630 1093 4710 frequenter
1107 4636 1195 4708 optat
1209 4628 1380 4703 Rheticns),
1405 4647 1425 4689 a
1444 4624 1537 4708 priori

173 4717 264 4793 nullis
287 4720 467 4801 ambagibus
490 4718 691 4783 demonstrari
714 4737 815 4798 posse.
861 4718 977 4780 Verum
1000 4718 1037 4779 de
1065 4715 1113 4779 his
1141 4715 1277 4779 omnibus
1308 4716 1403 4777 fusius
1427 4724 1459 4777 et
1481 4733 1537 4795 pro

175 4805 324 4887 dignitate
347 4809 465 4890 pridem
487 4809 551 4891 egit
563 4806 687 4893 Rhetici
700 4806 845 4882 narratio,
871 4815 903 4869 et
917 4805 1103 4885 Copornicus
1122 4804 1210 4885 ipse:
1233 4812 1265 4865 et
1288 4803 1314 4864 si
1338 4804 1408 4884 quid
1431 4802 1536 4881 copio-

174 4892 239 4959 sius
261 4898 408 4978 explicari
429 4906 542 4980 potest,
565 4898 644 4963 alius
665 4895 697 4959 id
719 4895 778 4959 loci
802 4903 834 4958 et
855 4893 1001 4977 temporis
1025 4893 1092 4968 erit,
1107 4897 1135 4970 ⁶)
1159 4912 1237 4955 nuno
1255 4892 1397 4972 attigisse
1413 4890 1537 4952 sufficit:

246 5000 335 5053 ΜΝ
349 5002 450 5054 ⁰rm1·
1308 4995 1325 5049 8
