3814 5818
434 330 536 382 mes..
554 330 659 397 nepes
681 333 838 398 enomere
852 342 960 397 meuse
982 338 1014 391 ee
1030 338 1104 395 een
1121 338 1284 407 moleges.
1470 340 1538 411 295

168 487 273 567 elegit
298 487 435 553 modom:
469 487 496 553 ei
519 487 574 553 Sol
602 489 651 553 die
680 492 852 555 nativitatis
884 494 1040 574 enjusdam
1071 496 1201 561 bominis
1227 505 1347 567 certem
1375 499 1474 563 locum
1505 501 1537 565 in

169 575 304 640 zodiaco
329 576 458 639 obtinuit
486 584 518 637 et
541 578 665 657 planeta
688 579 798 659 aliquis
826 584 1019 660 postmodum
1046 584 1109 647 elio
1132 586 1262 665 quodum
1283 587 1437 650 invenitor
1459 589 1535 663 loco,

172 664 342 726 secundnm
364 665 590 744 astrologorum
611 668 794 729 sententiam
817 671 919 747 gravi,
943 681 1098 751 computet
1122 683 1195 754 quot
1217 675 1322 739 diebus
1346 695 1365 735 a
1388 660 1538 741 satirica

173 752 220 815 tis
244 751 293 811 die
316 748 372 813 Sol
395 752 434 813 ad
458 753 585 815 eundem
606 755 779 832 pervenerit
800 756 913 831 locnm;
942 778 1080 821 numerus
1110 761 1214 823 horum
1245 762 1358 823 dierum
1386 763 1538 841 signifieat

174 839 442 988 tofidemdbm'
466 843 574 919 quibus
598 843 711 921 elapsis
734 843 803 909 inde
826 864 846 904 a
869 846 1040 911 nativitatis
1064 847 1114 909 die
1138 848 1186 909 vis
1212 850 1299 927 hujus
1319 851 1558 925 constellatio„

174 928 227 991 nie
250 945 304 1006 pro
328 927 336 987 i
359 927 392 988 it.

269 1015 466 1093 Praecipuam
488 1016 549 1077 vim
577 1016 689 1077 habent
719 1018 883 1083 secundum
909 1020 1082 1100 astrologos
1104 1023 1264 1085 duodecim
1293 1023 1409 1086 zodiaci
1436 1024 1536 1104 signa,

177 1103 407 1183 dispositamm
420 1104 501 1178 bina,
526 1112 589 1165 tum
603 1104 683 1165 trina
701 1106 756 1168 hc.
802 1106 876 1167 Alis
898 1116 970 1169 eunt
992 1109 1120 1183 aestiva,
1145 1110 1208 1172 alie.
1230 1112 1371 1185 hiberna;
1396 1112 1457 1177 alie
1479 1131 1537 1175 ca-

178 1191 253 1265 lida,
276 1191 428 1270 aquatica,
453 1200 555 1253 terrea
569 1191 642 1264 hc,
666 1193 834 1254 masculine
849 1202 881 1254 et
895 1195 1045 1270 feminine,
1070 1197 1199 1259 humane
1213 1206 1245 1261 et
1259 1199 1347 1261 brute
1361 1200 1415 1263 irc.
1462 1198 1535 1261 sie.

178 1281 268 1359 galae
300 1278 411 1341 Terrae
443 1280 581 1359 regiones
610 1280 671 1341 illis
698 1281 837 1359 subjecte
868 1290 955 1356 sunt,
992 1292 1024 1345 et
1055 1285 1102 1349 sic
1129 1304 1227 1363 porro.
1249 1285 1344 1351 -Si
1377 1286 1443 1366 quie
1470 1306 1537 1351 rem

178 1366 297 1449 plenius
316 1385 497 1446 cognoscere
521 1367 604 1439 velit,
629 1386 695 1429 eum
719 1369 896 1447 ablegamus
919 1370 959 1430 ad
973 1372 1181 1435 Ptolomaei
1206 1374 1275 1446 „De
1293 1372 1416 1452 judiciis
1431 1382 1534 1443 estro-

179 1458 267 1518 mm“
291 1454 400 1517 Libros
423 1456 480 1531 IV,
505 1456 551 1517 vei
576 1456 615 1517 ed
639 1454 808 1518 Oardani
833 1456 1088 1521 commentarium
1111 1461 1150 1521 ad
1173 1461 1231 1523 hoc
1254 1480 1337 1539 opus,
1361 1461 1410 1522 vel
1433 1462 1534 1540 potis·

179 1545 289 1606 simum
312 1543 352 1603 ad
375 1541 532 1622 Origani
555 1542 772 1623 Ephemerides
797 1544 952 1615 (Francos.
980 1543 1096 1621 1609),
1126 1549 1176 1627 qni
1199 1548 1356 1627 praemisit
1377 1549 1425 1610 his
1447 1550 1532 1611 inte-

180 1651 267 1713 grum
295 1631 448 1706 volumen,
480 1632 510 1691 in
541 1649 598 1709 qino
631 1630 668 1693 de
691 1632 858 1711 astrologia
885 1633 1034 1712 exquisite
1062 1643 1095 1695 et
1123 1645 1264 1699 accurate
1292 1636 1427 1715 (paginis
1451 1633 1534 1709 790)

181 1722 327 1798 disputet.

250 1876 297 1926 Hir
315 1874 456 1940 praeneste
473 1874 606 1923 mmsimus
625 1875 658 1923 ed
677 1890 721 1932 sa,
747 1890 811 1939 quae
830 1875 952 1939 Keplerus
972 1878 1024 1941 egit
1050 1892 1106 1927 cum
1125 1878 1212 1928 amicis
1230 1878 1261 1928 de
1279 1878 1352 1929 rebus
1371 1879 1534 1947 astrologicis,

179 1949 322 2012 libellosque
340 1946 421 2008 ipsos,
449 1959 509 2008 quoe
528 1946 559 1995 de
578 1945 713 2012 astrologia
730 1946 820 2009 publici
835 1948 896 2009 luris
924 1947 997 2003 iecit,
1022 1950 1077 2012 qul,
1102 1954 1132 1997 ut
1154 1948 1272 2006 diximus.
1304 1950 1378 2012 penei
1396 1957 1468 2007 sunt,
1494 1965 1534 2000 re·

181 2032 307 2070 mu
325 2015 453 2066 eddeudos
469 2016 550 2067 lieret·
566 2017 685 2080 puncta·

232 2087 479 2143 ,calendarium
496 2088 556 2137 anui
576 2082 645 2137 lete
664 2086 804 2150 'l'ubingsau
821 2087 888 2137 misit
907 2087 1040 2151 Keplerus,
1059 2087 1246 2138 Massiliae
1264 2089 1304 2138 die
1323 2085 1366 2137 29.
1380 2087 1436 2139 Oet
1456 2085 1537 2151 1594,

181 2162 212 2211 de
233 2166 317 2219 „statu
335 2172 415 2207 rerum
433 2158 549 2206 suarum*
569 2158 731 2222 perscribens,
751 2157 784 2206 ab
797 2171 874 2220 eoque
886 2164 982 2222 petens,
1000 2164 1031 2206 ut
1049 2159 1218 2221 „exemplaria
1236 2157 1379 2211 Celenderii
1398 2171 1414 2207 a
1431 2173 1459 2208 se
1477 2160 1539 2209 editi

181 2232 221 2287 ius,
251 2230 338 2293 quibus
356 2228 475 2290 iuscripta
493 2232 590 2284 eraut,“
612 2227 776 2276 distribueret.
814 2227 916 2277 Literae
934 2229 993 2288 hee,
1013 2229 1100 2292 quibus
1116 2228 1239 2292 Keplerm
1259 2228 1357 2277 initium
1375 2228 1436 2277 iecit
1453 2228 1537 2278 litera·

181 2316 235 2352 mm
259 2299 397 2349 laeuum
422 2298 666 2361 recipiendumque
685 2310 742 2346 cum
763 2295 906 2355 Maesone,
940 2300 966 2346 in
994 2298 1139 2348 collectione
1167 2300 1390 2361 muuuseuptorum
1411 2297 1537 2363 stuttgar-

180 2372 255 2423 flend
272 2368 363 2432 (comp.
380 2383 405 2432 p.
426 2366 465 2427 7.)
484 2369 581 2418 demut.
618 2367 814 2431 Responsioneru
836 2382 893 2417 vero
918 2368 1087 2418 Musstllui
1113 2369 1212 2418 exhibet
1234 2369 1377 2421 Henschiue
1399 2383 1423 2430 p.
1444 2366 1469 2417 1.
1494 2358 1536 2419 de·

181 2448 289 2492 emtum
309 2455 323 2489 e
341 2438 396 2487 Vol.
411 2438 473 2487 hias.
492 2438 608 2487 Viennae
631 2444 775 2489 eontentio
799 2436 867 2498 (ride
885 2453 960 2501 supra
983 2454 1008 2501 p.
1027 2437 1043 2487 'i
1062 2445 1089 2488 et
1107 2436 1172 2498 59.)
1209 2438 1367 2503 Exemplarie
1387 2437 1538 2497 extendero,

181 2513 266 2563 scribit
292 2509 450 2565 Maecilium,
478 2523 495 2558 u
512 2515 537 2557 te
557 2508 617 2557 editi
644 2508 756 2557 distribui
782 2509 825 2563 iia.
853 2510 940 2572 quibus
967 2509 1085 2573 inscripta
1113 2515 1191 2561 eraut.
1230 2508 1269 2558 Ea
1299 2509 1371 2574 longe
1397 2510 1540 2572 gretiseima
1597 2502 1605 2515 ¹

181 2584 295 2636 memet,
316 2581 365 2629 uisi
383 2579 448 2643 quod
465 2594 555 2629 uorum
579 2578 670 2638 stilum,
697 2578 763 2640 apud
781 2593 826 2626 nos
848 2579 1008 2636 inusitatum,
1032 2593 1088 2628 cum
1110 2579 1188 2629 reteri
1205 2584 1289 2635 nosue
1312 2580 1472 2638 coniunctum
1489 2592 1539 2627 nou

179 2654 283 2704 habea
320 2650 419 2700 &elias
438 2664 490 2699 nna
506 2663 604 2698 mecum
623 2655 702 2713 agunt
720 2648 841 2697 maximae
859 2654 933 2712 teque
951 2650 977 2696 iu
995 2650 1103 2698 uiaticum
1120 2648 1166 2697 ilia
1182 2653 1228 2696 tue
1245 2662 1349 2711 pergere
1364 2647 1466 2709 jubent.
1491 2660 1539 2696 nee

180 2724 282 2774 dubium
300 2727 354 2778 est.
372 2721 433 2784 quin
450 2734 496 2783 epe
515 2720 598 2768 delus
616 2717 735 2782 Sparten
750 2724 821 2767 tuam
839 2719 939 2783 egregie
957 2719 990 2766 sia
1008 2726 1178 2768 exornatum.
1198 2749 1250 2765 ...
1274 2717 1371 2766 Thema
1389 2717 1471 2767 aiflois
1489 2717 1539 2766 urei

180 2794 206 2846 J.
219 2793 247 2844 C.
260 2789 415 2843 Bnekhardi
432 2790 540 2843 nendum
559 2791 658 2841 omniuo
670 2788 771 2852 perlegi,
791 2787 929 2838 neeadhuo
942 2802 1027 2838 socero
1039 2803 1095 2838 rueo
1108 2786 1214 2837 exhibui.
1250 2786 1275 2835 le
1287 2786 1329 2837 ubi
1342 2800 1408 2835 none
1429 2793 1541 2835 versetur

183 2865 266 2914 nescio
286 2861 330 2912 hc.

250 2922 326 2997 x(irrue
352 2932 385 2982 ad
408 2931 456 2981 has
472 2928 599 2981 Haeserat
626 2928 711 2979 literae
734 2927 861 2990 mspoudit
877 2926 1014 2990 Kepierua,
1044 2926 1160 2992 leguntur
1183 2938 1260 2988 cupre
1282 2940 1307 2988 p.
1326 2921 1356 2981 t.
1380 2925 1406 2973 in
1428 2938 1479 2989 pue
1496 2937 1539 2974 re·

181 3006 312 3070 sponsione
339 3001 476 3066 Keplermu
497 2998 702 3063 deprehendimus
726 2997 916 3047 dimnadouihus
942 2998 993 3045 suia
1019 2996 1050 3047 de
1080 3001 1231 3057 tempestete
1257 2996 1317 3044 anui
1343 2992 1411 3042 1⁶95
1437 3000 1539 3045 couteu·

183 3081 253 3132 tum,
276 3072 436 3125 scribentem:
461 3073 543 3134 ipsum
560 3069 658 3133 quidem
677 3066 855 3121 valenterium
871 3067 953 3117 edhnc
971 3064 1027 3127 (18.
1044 3062 1118 3128 lan.)
1137 3072 1234 3115 ceram
1252 3070 1299 3115 est.
1335 3064 1423 3129 Frigus
1439 3062 1538 3117 need·

186 3154 240 3197 mro
257 3145 284 3195 in
300 3142 339 3191 hie
357 3157 384 3191 re
402 3142 496 3193 'onibus
515 3138 560 3191 cc.

257 3213 349 3265 Iisdem
378 3158 410 3265 fd
433 3210 594 3260 Maecilium
621 3208 686 3258 detis
713 3206 790 3257 literis
819 3206 932 3269 adjunxit
957 3204 1080 3271 Keplerm
1108 3204 1194 3254 literas
1220 3204 1252 3254 ed
1276 3203 1338 3253 alios
1365 3203 1423 3253 olim
1452 3196 1539 3266 {prae-

187 3283 314 3351 ceptoree⁸⁸
352 3297 425 3339 suos,
459 3280 661 3331 Matthaeum
697 3277 963 3329 Heieureiieruru
1011 3274 1074 3337 („1).
1105 3274 1138 3324 D.
1174 3273 1328 3324 Heiersffero
1361 3273 1441 3324 scribo
1478 3272 1538 3325 hac·

188 3364 274 3412 teum,
302 3358 328 3403 et
350 3357 405 3417 jam
428 3353 559 3414 sephmnm
586 3351 705 3414 paginam
729 3349 838 3399 absolri‘·
865 3341 1135 3405 nunciatliaeetlino)
1160 3352 1186 3395 et
1204 3343 1402 3407 Stephanum
1430 3341 1539 3395 Getie-

186 3426 288 3477 ehium
305 3421 458 3488 (theologiae
470 3421 632 3485 proiectorem
645 3419 751 3483 Tubiug.
769 3414 888 3479 flete).
924 3416 1026 3467 Literns
1045 3417 1077 3466 ud
1089 3414 1288 3465 Heienrefferum
1299 3414 1375 3463 dates
1387 3414 1491 3469 desunt3
1510 3426 1542 3463 ex

185 3499 308 3561 itaquae
325 3494 452 3559 rsepondit
469 3493 524 3546 ille.
543 3491 606 3543 haec
625 3491 782 3553 opponimus:
801 3490 894 3552 Accepi
912 3503 1001 3537 munau
1024 3494 1094 3535 tunm
1108 3485 1305 3549 chronologicum
1324 3490 1350 3533 et
1365 3483 1428 3548 legi,
1447 3482 1541 3535 duobus

186 3568 245 3617 mihi
263 3566 401 3615 nominibus
420 3563 599 3628 gratissimum,
625 3565 651 3608 et
669 3559 733 3621 quod
752 3558 829 3613 dono.
858 3564 884 3607 et
901 3558 1022 3611 maxime.
1053 3555 1118 3620 quod
1136 3569 1153 3603 a
1170 3562 1201 3604 te
1218 3556 1294 3603 renlt.
1333 3551 1404 3615 Quod
1420 3553 1542 3615 judicium

186 3652 269 3688 meum
286 3636 394 3699 expetis,
420 3634 481 3682 illud
499 3646 560 3681 saue
582 3630 753 3680 lubentissime
779 3629 824 3677 tibi
842 3641 1001 3689 exponerem:
1030 3626 1074 3674 sed
1090 3624 1231 3674 huiusmodi
1249 3624 1336 3673 modiis
1355 3623 1474 3673 delectari
1493 3635 1540 3688 ego

186 3709 266 3773 magis
284 3720 359 3770 quam
376 3704 485 3755 exerceri
503 3703 579 3759 soleo,
597 3698 781 3748 mathematicis
801 3712 857 3747 cum
875 3698 970 3759 primisc
991 3695 1140 3758 astrologica
1157 3706 1214 3743 vero
1233 3707 1251 3742 a
1262 3693 1345 3741 multis
1359 3693 1432 3740 auuls
1451 3697 1478 3741 et
1496 3692 1539 3740 de·

183 3779 283 3844 puceu
300 3783 327 3827 et
343 3776 450 3826 deserui
486 3773 584 3838 Legum
600 3776 686 3819 tenen
705 3774 732 3817 et
758 3769 835 3817 alita
851 3766 966 3823 volueris,
990 3766 1112 3827 judicium
1130 3777 1214 3811 ursum
1231 3762 1276 3811 tibi
1295 3761 1419 3823 aperiam,
1438 3763 1459 3808 si
1471 3761 1539 3824 cogi·

186 3850 295 3898 meuse
320 3852 378 3897 tuse
395 3846 478 3894 videro
503 3843 534 3893 de
553 3840 640 3890 studiis
664 3838 817 3902 astrologicis
835 3837 911 3885 literis
930 3835 1134 3898 comprehensae.
1162 3833 1199 3880 uti
1220 3833 1274 3892 jem
1298 3829 1421 3892 pollicitus
1439 3843 1474 3878 es.
1511 3828 1542 3879 lu

185 3918 284 3983 reliquis
302 3915 450 3967 Maestlinue
467 3920 552 3962 nomer
568 3909 653 3974 procul
672 3908 746 3957 dubio
763 3919 890 3971 uunquam
906 3906 952 3954 tihi
971 3905 1056 3954 deerit.
1093 3901 1121 3951 Si
1137 3916 1215 3949 unum
1231 3900 1309 3949 liceat
1325 3900 1466 3962 mingere,
1496 3912 1540 3961 op·

186 3995 280 4039 uem
298 4000 355 4053 ego,
379 3987 429 4036 cute
454 3980 650 4047 ephemeridibus
675 3985 702 4028 et
719 3977 843 4028 caleulum
860 3982 887 4025 et
913 3989 1007 4025 auum
1024 3972 1151 4023 Juiieumn
1170 3970 1323 4035 Gregorius
1347 3968 1460 4018 additum
1477 3980 1541 4017 esee.

187 4059 313 4109 fliceuln
334 4048 787 4120 nelommuruetluerurnupud
809 4046 1031 4101 noehebuisseut3
1054 4043 1099 4093 sed
1121 4036 1402 4091 tuinsenieierote.
1439 4037 1541 4087 culm

187 4128 230 4179 tt.
249 4125 318 4191 (21.)
336 4127 399 4179 Nor.
419 4123 497 4175 teet.
534 4119 620 4182 (Quod
647 4134 707 4183 opus
727 4115 957 4182 „chronologicum“
986 4115 1033 4164 uisi
1055 4115 1136 4176 ipsum
1161 4112 1223 4162 illud
1241 4109 1417 4160 calendarium
1441 4112 1541 4171 spectu·

187 4201 251 4251 veuit
261 4196 459 4253 lieiearefferu,
477 4194 609 4244 nominas
646 4189 720 4240 Certe
733 4188 857 4251 Keplerus
874 4187 915 4235 illc
933 4192 1046 4248 tempere
1056 4197 1143 4248 parum
1154 4182 1269 4232 addicens
1280 4181 1328 4229 luit
1339 4179 1427 4229 meliis
1439 4176 1543 4229 chrm

187 4270 281 4336 iogicis,
301 4282 365 4337 quee
383 4267 416 4316 eb
434 4280 500 4317 anno
518 4264 617 4312 demum
637 4256 705 4308 teet
722 4263 821 4324 propius
840 4253 923 4317 alite.)

261 4427 361 4478 Literae
378 4437 441 4491 quas
459 4420 528 4472 dedit
544 4418 667 4485 lieplerus
686 4416 719 4466 ad
737 4414 958 4467 Gerlsehlum.
988 4424 1002 4461 s
1020 4406 1172 4460 hlbllotlreee.
1189 4404 1307 4456 (lodium
1325 4403 1470 4460 demae,
1492 4399 1544 4451 hee

188 4502 259 4555 mue:

278 4618 348 4683 Etsi
372 4617 449 4688 scio,
480 4609 645 4675 reverende
670 4616 702 4669 et
724 4605 891 4668 clarissime
912 4603 954 4663 D.
978 4600 1112 4669 Doctor,
1146 4594 1332 4672 Praeceptor
1358 4588 1542 4661 honorande,

78 4720 83 4727 '
191 4705 408 4773 Reverentiam
430 4702 525 4763 Tuam
555 4700 644 4777 longe
672 4690 860 4775 gravioribus
886 4686 994 4751 studiis
1019 4681 1173 4761 occupari,
1207 4698 1295 4759 qnam
1328 4676 1428 4739 ut‘illi
1462 4673 1544 4735 edsit

193 4797 287 4863 otium
319 4789 523 4873 inspiciendae
546 4778 756 4868 Ephemcridis
787 4785 819 4841 et
852 4771 1052 4857 cognoscendi
1076 4770 1200 4833 frivolas
1224 4764 1542 4859 astrologorumlcon-
