3816 5834
394 382 461 454 sss
917 382 1225 449 hoamen

394 546 530 603 manibus.
569 545 1062 614 Egodemeetoniutesddm,
1090 540 1752 616 nasuta-numentinum

394 624 816 698 pertinerenrbitrstusinero.
859 625 999 688 anedm
1026 632 1092 678 sunt
1120 623 1244 693 majora,
1272 639 1354 695 qnam
1381 621 1753 692 utprsvidentispossist

394 707 501 761 avertis
530 712 561 758 et
585 704 633 756 ubi
660 704 901 774 deprecationibus
930 706 1021 777 magis
1046 706 1193 776 speum
1233 705 1305 758 Nam
1335 705 1359 758 si
1389 702 1496 756 coelum
1524 708 1605 773 rust,
1634 701 1695 771 quis
1722 700 1753 753 in

393 786 487 841 Terris
508 792 669 837 tutoresne
689 784 812 853 poterit?
846 788 885 837 Δι
905 784 928 837 si
948 786 1020 839 haec
1039 784 1124 847 rotis,
1150 784 1178 837 in
1206 800 1262 854 qus
1291 800 1353 837 cum
1380 781 1474 851 aliqua
1503 798 1586 835 mann
1611 781 1750 834 hominm

395 865 515 935 navigo,
546 879 676 933 superum
701 864 745 916 ira
768 872 927 935 mergatur:
949 864 1010 934 jsm
1031 865 1064 918 de
1084 863 1245 928 natatione,
1276 862 1382 917 tabulis
1412 868 1444 915 et
1462 870 1545 930 portu
1564 861 1752 932 ooffl'randnm.

394 944 573 1000 Nate-tionem
589 943 650 1012 jum
671 943 755 997 semel
776 944 964 998 difficillimum
983 961 1044 998 sum
1063 950 1212 1012 expertum
1242 944 1359 998 abulae
1386 941 1454 996 mim
1473 950 1505 995 et
1527 941 1609 1005 reni,
1635 941 1692 994 isos
1709 948 1755 993 est

395 1023 568 1087 numantia,
595 1024 643 1075 dos
673 1032 704 1077 et
726 1023 887 1077 haereditas
915 1023 1010 1079 uxoris
1036 1022 1124 1077 omnis
1144 1040 1215 1091 pene
1234 1024 1328 1078 adhuc
1345 1029 1392 1077 est
1409 1023 1440 1076 in
1457 1020 1564 1089 styria
1604 1021 1650 1075 De
1669 1025 1754 1089 pm

396 1100 1752 1173 memmsimmmulturumquisstnosmnecmnmifioerudireaex·

396 1181 491 1253 pedire
511 1182 578 1237 meis
598 1181 714 1246 studiis,
744 1190 778 1237 ut
801 1199 884 1254 quan
910 1182 1173 1239 amimalium
1194 1177 1755 1252 mundationumosdlisirr‘ntm'n

398 1270 814 1333 quemmesumreooptmus.
854 1263 910 1317 Sed
938 1261 1142 1317 deillisnseis
1168 1262 1267 1325 muris,
1296 1257 1757 1329 hocestdedileetspsm'n

395 1344 483 1396 dicam
498 1342 587 1410 plura
616 1342 741 1395 Mortuus
756 1352 800 1396 est
814 1350 881 1397 aute
898 1343 1036 1397 biennium
1049 1358 1128 1396 socer
1147 1358 1232 1405 meus,
1253 1342 1359 1397 relictis
1380 1340 1459 1395 bonis
1478 1339 1664 1394 immobilium
1683 1351 1753 1391 nas

396 1439 451 1476 uon
471 1421 675 1475 contemnendis
700 1439 755 1475 uno
779 1422 891 1476 milliari
912 1422 986 1478 infra
1006 1421 1159 1476 Grsetium.
1190 1420 1260 1476 Nam
1282 1421 1363 1476 uxori
1384 1436 1464 1475 mese
1483 1436 1536 1489 pro
1555 1418 1656 1489 quinta
1674 1421 1757 1486 pute

396 1517 502 1555 summa
522 1500 603 1554 trium
623 1501 738 1555 millium
758 1519 795 1555 ex
817 1501 1010 1556 aestimatione
1031 1503 1181 1556 haeredum
1201 1502 1327 1555 debetur.
1359 1502 1440 1554 Bous
1459 1498 1543 1557 divid
1561 1514 1618 1553 noa
1637 1501 1757 1567 possut

396 1600 446 1636 scu
466 1580 620 1635 conditione
642 1598 694 1634 sua
714 1598 764 1635 seu
784 1582 940 1651 pertinacia
954 1598 1076 1637 meorum
1089 1580 1221 1636 affinium
1246 1581 1277 1635 Si
1297 1582 1461 1643 renduntur,
1483 1578 1603 1649 pretium
1623 1577 1680 1630 sile
1702 1575 1756 1629 erit

397 1662 424 1714 in
446 1668 529 1714 tauto
547 1660 665 1728 penuria
685 1670 819 1717 emiorum
839 1662 893 1717 hoc
913 1672 1046 1732 tempore.
1090 1660 1220 1723 Quamvis
1239 1661 1299 1717 huc
1314 1678 1369 1732 ego
1389 1659 1533 1722 inclinem.
1561 1658 1586 1711 si
1605 1655 1757 1728 mgistro-

397 1748 456 1795 tun
476 1740 609 1794 haberem
628 1740 767 1795 {aventem
790 1743 825 1795 ad
846 1742 1046 1812 impetrandum
1067 1739 1237 1795 divisionem.
1268 1741 1340 1796 Nam
1361 1738 1511 1795 communio
1526 1735 1686 1807 perniciosa
1697 1742 1758 1788 est:

398 1827 463 1873 sunt
483 1820 555 1873 enim
575 1820 739 1875 molendina.
781 1822 907 1883 Qucum
925 1821 1014 1892 igitur
1032 1827 1117 1892 paeto
1139 1821 1214 1874 bons
1233 1821 1306 1884 ista,
1328 1835 1411 1891 quam
1430 1817 1489 1874 fieti
1509 1824 1622 1888 pom,
1647 1814 1758 1870 ¹5²5!

398 1902 497 1954 damno
519 1899 546 1952 in
568 1915 656 1953 meam
676 1908 847 1969 potestntem
866 1902 1009 1973 redigam,
1039 1900 1086 1955 diu
1101 1896 1163 1969 jum
1192 1901 1240 1953 sed
1267 1900 1374 1954 frustra
1399 1897 1533 1953 delibero.
1574 1896 1661 1949 Video
1692 1892 1761 1949 nffi

400 1980 559 2049 adjumento
587 1980 709 2035 futuram
737 1981 810 2035 hanc
835 1998 926 2036 meum
945 1979 1127 2035 conditionem
1152 1979 1272 2034 audiam
1292 1988 1323 2033 et
1341 1978 1365 2032 si
1385 1980 1450 2049 qnid
1469 1976 1659 2046 inceptarem,
1685 1989 1758 2027 σοι·

399 2058 589 2113 mendstiones
609 2059 689 2113 inde:
720 2063 768 2113 sed
789 2060 932 2114 eonsilium
952 2060 1012 2128 ipse
1033 2061 1152 2113 iormsre
1172 2066 1203 2113 et
1222 2058 1386 2128 principium
1406 2057 1510 2130 nendi
1533 2053 1658 2110 invenire
1677 2054 1708 2107 in
1726 2069 1758 2106 re

400 2148 458 2191 tarn
478 2138 617 2207 perplexo
637 2155 691 2191 uon
711 2154 831 2206 possum.
857 2140 945 2193 Nulla
963 2138 1071 2208 quidem
1091 2138 1205 2207 privato
1223 2137 1327 2192 insidis
1345 2155 1450 2209 grsror
1469 2137 1498 2191 in
1518 2136 1588 2190 suls
1606 2131 1758 2191 urseoeni

399 2226 430 2271 ot
450 2233 540 2286 spero,
562 2217 586 2270 si
607 2233 690 2272 unum
710 2218 830 2288 aliquem
850 2236 887 2273 ex
908 2217 1065 2288 praecipuis
1086 2217 1250 2287 praesertim
1271 2236 1309 2272 ex
1328 2217 1470 2290 regiminis
1490 2216 1622 2271 nahem
1640 2229 1694 2284 per
1712 2228 1758 2266 on·

400 2299 551 2367 juscunque
572 2297 626 2351 mei
645 2298 763 2352 soutoris
784 2299 920 2369 priratam
941 2297 1210 2360 commendationem,
1231 2313 1250 2351 a
1269 2297 1336 2352 meis
1353 2296 1480 2368 pertibus
1498 2294 1685 2350 utronomias
1702 2307 1759 2345 uns

402 2378 557 2430 faventem:
586 2394 669 2446 posse
690 2379 833 2448 negotium
853 2377 962 2441 confici,
992 2393 1043 2446 pro
1071 2393 1124 2447 quo
1152 2394 1206 2448 ego
1227 2395 1281 2431 uon
1302 2393 1392 2432 essem
1412 2377 1550 2448 ingratus.
1589 2374 1673 2427 Alter
1692 2387 1758 2425 rere

401 2455 489 2525 mnjor
509 2472 552 2509 me
572 2456 718 2526 scrupulus
738 2466 831 2529 urget.
872 2457 1007 2528 Privigna
1034 2457 1101 2510 mihi
1127 2464 1173 2509 est
1200 2455 1246 2509 hic
1277 2457 1385 2527 quidem
1405 2458 1518 2527 Progne
1546 2454 1623 2524 spud
1642 2458 1760 2506 mahen

402 2552 481 2589 suam
501 2532 588 2605 (quod
608 2535 636 2589 in
658 2536 782 2590 beneficii
802 2546 884 2607 parte
906 2553 1029 2608 agnosco
1050 2537 1092 2590 ito
1109 2535 1271 2605 permissum
1291 2532 1380 2601 esse),
1406 2535 1497 2604 cuius·
1512 2535 1587 2588 bons
1615 2532 1645 2586 in
1663 2529 1761 2601 styrie

401 2616 454 2669 suh
475 2615 613 2669 tutoribus
635 2622 700 2670 sunt
719 2633 774 2670 nou
795 2616 906 2672 minoris
926 2615 1075 2671 aestimata
1095 2615 1188 2669 decem
1208 2615 1323 2669 millium
1343 2617 1377 2668 de
1398 2613 1499 2686 potiori
1519 2620 1601 2683 perte
1626 2626 1758 2681 praesen·

402 2695 438 2748 tis
458 2694 604 2764 pecuniae.
641 2696 760 2766 Propter
781 2695 913 2752 alimenta
933 2696 994 2766 ejus
1016 2694 1163 2766 privignae
1184 2696 1320 2749 debentur
1339 2694 1405 2749 mihi
1426 2691 1573 2766 quotannis
1593 2693 1630 2746 ad
1652 2690 1690 2744 70
1710 2689 1758 2743 do·

400 2790 481 2828 renos
503 2774 660 2844 proesentis
681 2776 831 2846 pecuniae,
858 2784 888 2832 et
912 2784 1064 2848 prseterea
1089 2790 1155 2828 usus
1183 2774 1289 2829 fructnrs
1315 2774 1413 2829 vineae
1438 2780 1469 2828 et
1497 2772 1606 2827 aedium
1630 2770 1660 2824 in
1680 2769 1758 2824 urire.

401 2854 454 2909 Hic
473 2870 528 2908 non
549 2860 658 2909 tentum
678 2872 750 2910 uxor
769 2871 832 2912 mea
852 2857 971 2911 sollicite
992 2856 1093 2919 instat,
1119 2859 1152 2908 ut
1172 2854 1217 2907 rel
1237 2854 1338 2909 saltem
1359 2853 1481 2925 uliqusm
1500 2851 1656 2923 portionem
1677 2856 1760 2903 extro

399 2933 501 2988 limites
521 2932 634 3006 styriae
654 2942 762 2991 tutores
783 2938 925 3007 deponant
944 2941 1059 3007 propter
1079 2933 1272 2989 securitstem:
1304 2950 1422 3005 aequm
1442 2932 1515 2987 enim
1534 2947 1615 2995 esso,
1646 2935 1679 2983 ιιι
1698 2929 1761 2998 ipss

401 3030 509 3083 quoque
530 3013 557 3067 in
578 3020 659 3084 purte
681 3016 789 3071 tutelae
810 3018 863 3081 sit,
893 3032 983 3086 neque
1003 3017 1104 3070 absens
1129 3020 1160 3066 et
1184 3013 1293 3067 omnino
1314 3030 1333 3068 a
1352 3012 1522 3067 conscientia
1540 3009 1625 3081 hnjns
1646 3007 1759 3063 admini-

401 3093 544 3151 strationis
564 3099 679 3159 remots,
701 3095 767 3150 olim
787 3097 936 3168 neglectae
956 3100 1101 3149 meternae
1119 3092 1310 3162 providentiae
1331 3093 1456 3147 accusari
1469 3091 1573 3162 possit;
1595 3085 1760 3159 praesertim

402 3190 463 3227 cum
484 3179 601 3238 constet,
623 3174 741 3229 altorum
763 3183 884 3247 tutorum
906 3175 1014 3245 aliquot
1033 3172 1122 3227 millis
1140 3170 1226 3241 hujus
1246 3172 1403 3243 proesentis
1423 3172 1557 3243 pecuniae
1570 3176 1667 3223 mutuo
1688 3182 1760 3221 snm·

402 3254 471 3307 sisse
491 3260 522 3306 et
541 3253 658 3323 praedia
677 3271 728 3323 pro
749 3272 779 3310 se
800 3256 898 3310 emisse
920 3272 974 3308 non
1004 3254 1148 3308 admodum
1178 3258 1256 3314 tuta;
1287 3253 1335 3305 sed
1364 3250 1449 3306 etiam
1468 3251 1528 3323 ipse
1547 3266 1602 3322 ego
1621 3248 1680 3302 tale
1695 3246 1760 3319 quid

401 3332 532 3403 percupio
553 3334 628 3396 fleri,
652 3340 684 3387 ut
703 3334 726 3387 si
748 3352 801 3405 quo
822 3334 934 3405 longius
955 3349 974 3386 a
993 3332 1089 3403 Styria
1110 3329 1218 3396 abeam,
1240 3324 1441 3402 expeditiorem
1460 3331 1581 3385 hobenn
1600 3326 1762 3399 pensionem
1867 3330 1868 3347 ¹

401 3412 498 3474 illam,
519 3412 552 3464 de
574 3428 629 3483 qua
649 3414 728 3466 modo
748 3412 815 3467 dixi.
857 3414 928 3468 Nam
948 3412 1001 3466 hoc
1022 3411 1129 3482 quidem
1150 3418 1274 3480 tempore
1296 3410 1482 3483 cogimuonss
1502 3425 1581 3464 meae
1601 3407 1760 3462 intrahun-

401 3499 455 3554 tur,
477 3499 509 3544 ut
529 3489 571 3544 ita
590 3490 713 3545 intentus
734 3508 796 3546 esse
817 3493 851 3547 ad
872 3490 967 3547 studio
986 3508 1041 3546 non
1060 3488 1172 3562 possim,
1189 3489 1252 3560 jum
1272 3507 1322 3561 pro
1341 3492 1404 3547 dote
1423 3490 1517 3545 uxoris
1536 3486 1683 3551 sollicitus,
1700 3485 1761 3555 jam

401 3586 496 3662 curem
516 3585 605 3641 meus
625 3570 733 3626 mdium
753 3571 909 3644 privignae,
927 3571 988 3643 jam
1005 3571 1104 3626 vineae
1123 3569 1260 3625 culturam
1278 3576 1412 3637 tractum,
1429 3571 1491 3641 ism
1509 3568 1643 3623 alimenta
1656 3564 1760 3621 crebris

401 3652 674 3785 lmmllrgerooiffia
688 3730 804 3803 negotia
816 3730 1083 3807 multiplicabuntur,
1104 3729 1172 3783 fient
1186 3729 1277 3783 omnia
1290 3728 1444 3784 difficiliora
1461 3727 1604 3799 expeditu,
1626 3726 1649 3781 si
1661 3725 1761 3798 Prsgt

403 3810 566 3864 discessero.
598 3809 729 3865 Miserum
750 3827 801 3875 me,
824 3809 867 3865 cui
887 3811 958 3866 hoec
978 3811 1042 3864 olim
1063 3808 1132 3863 satis
1153 3809 1299 3879 splendida
1314 3808 1376 3879 jam
1396 3807 1466 3863 nulli
1491 3813 1557 3863 sunt
1577 3806 1656 3873 usui,
1678 3820 1759 3879 quam

402 3896 435 3944 ut
455 3888 635 3982 difficiliorem
656 3892 773 3945 reddant
794 3889 980 3946 oeconomiam
1006 3896 1093 3962 utque
1118 3905 1233 3944 uxorem
1261 3896 1291 3943 et
1320 3887 1476 3962 privignam
1495 3888 1577 3943 lauta
1595 3885 1662 3942 olim
1682 3885 1711 3941 in
1731 3900 1762 3938 re

403 3970 695 4121 smtliifflcifflue,
717 4056 749 4104 ιιι
768 4049 847 4106 initio
868 4050 934 4115 dixi,
956 4051 990 4105 nd
1011 4049 1182 4104 formandum
1203 4047 1344 4104 consilium
1362 4047 1503 4118 pertinere
1521 4063 1580 4102 sum
1596 4043 1761 4100 arbitr-stus.

403 4130 536 4258 '¹f2empus,
547 4131 656 4268 ¹&Qud
681 4129 866 4200 pulcherrima
890 4135 986 4185 nostro
1010 4128 1103 4184 studia
1129 4144 1282 4184 sermonem
1302 4128 1477 4184 transieram.
1527 4131 1579 4197 (Er
1595 4131 1672 4184 literis
1690 4128 1715 4180 d
1732 4129 1760 4179 d.

440 4242 446 4255 .
482 4219 523 4256 an.
627 4243 633 4257 .

492 4291 567 4343 Breri
584 4299 640 4359 post
659 4290 733 4357 (Mai.
755 4290 835 4355 160³)
854 4294 958 4346 nunciat
975 4293 1098 4359 Keplerns
1116 4292 1262 4353 Herrsrto,
1280 4309 1382 4346 uxorem
1398 4306 1470 4344 msm
1487 4292 1515 4343 in
1533 4288 1641 4357 styriam
1660 4290 1760 4347 abibe.
1865 4286 1866 4321 i

404 4368 432 4415 ut
449 4377 488 4414 res
506 4377 565 4415 suas
583 4364 639 4429 lpss
657 4371 762 4415 curaret
799 4364 982 4416 Hermastus
1002 4362 1038 4428 (d.
1059 4361 1101 4414 17.
1120 4363 1178 4415 Jun.
1199 4354 1282 4427 stoi)
1300 4365 1364 4416 hsec
1382 4362 1520 4429 respondit:

493 4451 567 4503 Edler
585 4451 734 4503 Ehrnvester
751 4451 802 4502 und
819 4452 1022 4520 Hochgelohrter.
1058 4451 1129 4505 auch
1155 4452 1226 4504 seind
1253 4454 1336 4507 moino
1358 4451 1537 4518 manumittet
1562 4449 1653 4505 uisus
1678 4448 1762 4509 δικ,

403 4522 505 4576 sonders
522 4522 599 4574 lieber
617 4522 681 4573 Herr
698 4521 750 4573 und
767 4528 839 4590 guter
856 4525 963 4576 Freund.

494 4611 537 4661 ioh
563 4610 613 4664 hab
640 4612 686 4661 mit
711 4611 767 4661 dem
792 4610 873 4663 Herm
896 4610 972 4663 Peter
997 4611 1085 4672 ceu,
1112 4612 1182 4664 Rath
1204 4611 1255 4663 und
1282 4608 1439 4663 &mutarim
1465 4608 1489 4660 J.
1509 4609 1537 4660 F.
1556 4608 1590 4660 1).
1618 4606 1761 4659 Pedianus!
1864 4614 1865 4617 ’

405 4696 451 4732 ron
471 4681 614 4740 oestrum,
639 4696 727 4749 regen
745 4681 789 4733 dos
807 4681 888 4734 Herm
906 4683 1210 4750 Erushsstshsndlungen
1227 4682 1339 4750 gersdot.
1373 4680 1408 4732 Er
1431 4681 1479 4731 hst
1500 4679 1554 4732 sich
1572 4679 1700 4738 emm.
1718 4678 1760 4729 ts

405 4752 572 4804 deustchen
590 4754 644 4805 sein
661 4753 752 4805 Bestss
769 4766 800 4803 su
818 4753 888 4805 tisun.
925 4754 970 4804 Als
991 4755 1052 4805 vird
1078 4752 1203 4807 derflsrr
1228 4756 1282 4805 sein
1299 4751 1474 4810 Hsmtrsssn,
1501 4751 1547 4802 sui
1570 4750 1621 4802 dnn
1642 4748 1697 4800 rou
1723 4749 1762 4799 sis

405 4823 627 4882 usshsnGretr,
655 4823 1078 4881 eunomiumne
1101 4826 1138 4876 sis
1160 4825 1214 4876 sith
1237 4821 1680 4888 bsiihmmsidsuimndfln
1715 4818 1762 4871 ish

405 4889 1762 4960 stustmdsmlimnttrsrhdtsndmsrmkissondmvmsnnmsdmuffl
