3814 5818
389 350 457 425 itt
941 357 1064 424 Ardea·
1081 356 1206 422 mnu

391 520 505 583 haheat
536 518 575 580 ad
607 518 659 580 Π
689 526 807 599 partem
839 518 998 592 minorem,
1032 537 1120 598 quam
1157 518 1251 580 hahet
1280 516 1430 580 velodtar
1461 515 1621 579 eccantrlci
1654 533 1694 578 ex
1721 514 1752 579 E

389 605 493 689 perQ
523 607 552 668 in
580 607 611 669 N
641 607 679 668 ad
711 608 903 670 velocitatem
935 608 1045 669 atellae
1078 627 1116 668 er
1143 607 1170 668 B
1202 616 1235 669 et
1265 607 1469 679 demonstrat,
1508 605 1627 685 quaudo
1659 605 1752 666 atella

389 698 419 759 ln
443 698 470 758 Τ
495 704 639 775 punctum
661 697 783 776 propina
802 697 916 759 Terrae
938 698 964 758 F
985 696 1104 769 incidit,
1138 704 1222 759 stare
1249 695 1355 756 videri.
1401 694 1504 774 Atque
1532 695 1609 755 haec
1635 712 1753 755 summa

390 793 439 848 est
461 793 493 846 et
515 784 690 846 intentionis
713 792 748 845 et
768 784 881 847 laboris
899 784 1051 869 Apollonii
1075 784 1176 857 lllius;
1207 792 1329 862 praeter
1352 801 1428 862 quae
1451 781 1524 843 nihil
1546 782 1646 862 plane,
1672 782 1750 862 quod

389 875 419 936 in
453 873 638 935 astronomia
666 873 837 953 scripserit,
869 892 996 953 usquam
1028 874 1169 953 comperi.
1214 871 1303 944 Quae
1335 873 1400 951 ejus
1433 872 1642 933 demonstrata
1673 889 1751 950 quo·

389 963 478 1024 modo
512 960 697 1041 Copemicus
735 962 773 1023 ad
808 982 879 1024 snas
912 962 1105 1024 transtulerit
1131 962 1330 1044 hypotheses,
1369 959 1399 1021 in
1432 960 1497 1039 ipso
1530 959 1598 1021 vide
1631 958 1751 1038 Uoper·

389 1050 478 1124 nicop
496 1050 571 1112 locis
599 1051 637 1112 ab
660 1051 740 1113 Urso
764 1050 867 1113 citatis
891 1052 947 1124 (V.
972 1049 1040 1123 35).
1091 1050 1174 1113 Nihil
1204 1051 1284 1112 enim
1307 1048 1388 1111 aliud
1419 1048 1497 1110 dixit
1521 1048 1560 1110 de
1588 1048 1750 1128 Apollonio

389 1137 574 1218 Coperuicus
603 1156 690 1219 quam
718 1139 923 1213 Ptolemaeus,
959 1159 996 1201 ex
1020 1158 1077 1220 quo
1109 1140 1161 1201 ille
1193 1140 1268 1201 haec
1300 1138 1329 1199 in
1363 1156 1448 1199 sunm
1477 1155 1550 1221 epm
1583 1137 1750 1199 transtulit

389 1225 536 1299 Quamvis
564 1246 601 1289 ne
623 1228 699 1289 haec
727 1228 846 1308 quidem
873 1247 928 1308 pro
956 1247 1024 1290 sese
1046 1228 1291 1307 ingeniosissima
1317 1226 1450 1289 inventio
1479 1227 1639 1288 admodum
1666 1226 1751 1287 utilis

390 1317 482 1378 inerit
509 1316 685 1391 artificibus,
719 1324 879 1395 propterea
912 1318 989 1396 qnod
1018 1317 1210 1396 Apollonius,
1244 1324 1280 1377 nt
1305 1316 1419 1377 exitum
1451 1315 1481 1376 in
1513 1314 1750 1376 demomtrando

388 1404 543 1484 reperiret,
569 1404 816 1483 inaequalitatem
840 1408 968 1467 alteram
990 1406 1020 1467 in
1045 1406 1201 1469 stellarum
1225 1404 1369 1479 motibus,
1403 1422 1481 1483 quae
1504 1404 1543 1464 ad
1566 1411 1672 1482 partes
1694 1420 1749 1463 no-

389 1493 467 1555 diaci
490 1492 669 1568 restituitur,
694 1493 829 1556 exclusit.
879 1495 986 1574 ltaque
1010 1513 1048 1556 ea
1069 1493 1325 1556 demonstratione
1357 1492 1415 1554 nisi
1445 1492 1482 1552 ad
1506 1492 1641 1571 singulos
1660 1509 1750 1553 casua

388 1579 616 1660 inaequalitatis
650 1582 775 1643 alterius
803 1583 933 1647 variata,
955 1583 999 1644 uti
1027 1583 1221 1644 Ptolemaeus
1244 1590 1276 1643 et
1305 1579 1491 1659 Uoporuicus
1521 1599 1584 1642 non
1613 1588 1748 1658 potuere,

388 1669 497 1731 Adhuc
522 1688 594 1748 ergo
617 1670 716 1732 nullas
740 1671 884 1733 habemus
898 1671 1052 1750 Apollonii
1077 1671 1263 1753 hypotheses
1285 1669 1514 1740 astronomicas,
1537 1678 1614 1749 quae
1629 1668 1750 1748 quidem

387 1757 431 1819 sic
456 1756 514 1818 dici
543 1768 573 1819 et
606 1758 686 1820 inter
708 1767 827 1822 ceteras
860 1761 973 1822 formas
997 1760 1148 1821 recenseri
1167 1767 1329 1822 merentur.
1375 1755 1464 1827 Quae
1487 1758 1567 1819 eninr
1599 1758 1650 1819 ille
1674 1775 1749 1836 sup·

387 1845 473 1926 ponit
505 1845 535 1907 in
560 1846 817 1909 demonstratione
840 1867 909 1920 sna,
942 1866 999 1909 non
1033 1849 1078 1910 ita
1110 1848 1266 1931 supponit,
1302 1854 1446 1927 tanquam
1475 1865 1581 1909 revera
1612 1846 1658 1907 ita
1679 1864 1749 1906 sose

387 1934 499 1996 hahere
523 1942 643 1996 statuat
665 1936 760 2014 (qnod
783 1936 884 1998 soient
906 1936 1067 2009 artifices),
1093 1937 1147 1997 sed
1170 1937 1224 2009 ita,
1249 1943 1284 1998 ut
1304 1942 1456 2015 patescat,
1482 1934 1551 2014 qnid
1575 1935 1657 1997 circa
1679 1941 1748 1996 sta·

387 2021 486 2083 tiones
510 2022 641 2083 tutorum
666 2031 765 2097 esset,
793 2024 819 2084 si
843 2024 897 2086 illa
927 2025 972 2086 ita
994 2024 1151 2086 haberent.
1197 2025 1364 2103 Propterea
1390 2023 1512 2104 gemina
1534 2021 1629 2087 utitur
1650 2023 1751 2085 forma

386 2108 598 2190 principiorum
626 2109 894 2174 demonstrationis
923 2132 1012 2183 snae,
1046 2114 1118 2193 qnia
1149 2132 1192 2174 ac.
1222 2113 1296 2175 nihil
1328 2112 1465 2175 decernit
1497 2119 1531 2175 ut
1557 2121 1749 2174 astronomus

388 2196 511 2271 artifex,
534 2199 588 2259 sed
613 2218 726 2283 merum
750 2201 815 2278 agit
836 2209 1021 2281 geometram
1044 2202 1073 2263 in
1098 2210 1232 2265 motuum
1255 2219 1374 2280 genere.

474 2285 547 2347 Jam
575 2286 657 2361 vide,
695 2305 785 2368 qoam
820 2290 956 2352 suaviter
983 2289 1080 2353 Ursus
1113 2291 1150 2353 de
1182 2291 1239 2355 hoc
1267 2288 1423 2369 Apollonii
1455 2288 1577 2351 invento
1610 2295 1748 2368 nugetur.

387 2374 489 2437 Primo
513 2374 567 2444 nit,
592 2374 630 2436 ab
653 2377 720 2455 ipso
743 2385 892 2440 mutatam
915 2397 983 2461 esse
1007 2380 1179 2443 universam
1202 2380 1329 2441 formam
1345 2377 1651 2447 Aristarchianarum,
1674 2394 1746 2455 per-

389 2463 459 2525 inde
475 2482 519 2524 ac
537 2462 564 2523 si
586 2464 773 2543 professione
798 2467 907 2528 fuisset
929 2474 1127 2539 astronomus,
1153 2475 1187 2530 at
1200 2467 1399 2531 Aristarchus
1418 2474 1450 2527 et
1464 2467 1525 2528 alii.
1570 2465 1747 2527 Mathema-

387 2551 478 2613 tionm
497 2551 691 2614 Ptolemaeus
715 2554 859 2635 appellat,
884 2566 917 2616 at
940 2566 1021 2618 certe
1045 2557 1184 2636 nuspiam
1202 2556 1230 2617 ei
1245 2555 1409 2619 astronomi
1429 2555 1536 2617 titulus
1551 2553 1742 2615 adscribitur.

386 2639 504 2701 Deinde
527 2658 593 2702 cum
617 2641 830 2704 obversaretur
852 2643 880 2704 ei
903 2645 1047 2707 memoria
1070 2645 1197 2724 duplicis
1222 2645 1335 2706 formae
1359 2643 1624 2705 demonstrationis
1646 2643 1746 2722 Apol-

387 2727 535 2801 lonianae,
560 2730 613 2790 sed
638 2731 780 2794 memoria
804 2732 920 2807 tenuis,
955 2742 1099 2814 tanquam
1123 2734 1166 2795 rei
1194 2752 1249 2813 per
1280 2751 1414 2794 somnum
1440 2732 1524 2793 visae
1548 2735 1632 2803 (nam
1655 2748 1749 2808 snpra

386 2816 573 2895 conjectatus
598 2838 673 2894 sum,
698 2837 755 2880 non
780 2820 878 2900 ipsum
902 2821 1013 2884 Ursum
1038 2823 1149 2901 legisse
1173 2822 1247 2883 haec
1272 2822 1300 2883 in
1326 2821 1510 2895 Ptolemaeo,
1536 2822 1589 2882 aed
1614 2820 1653 2882 ah
1676 2818 1746 2890 alio,

386 2903 436 2985 qui
459 2905 534 2967 haec
559 2907 690 2969 fortasse
715 2908 830 2988 legerit,
856 2909 1070 2982 admonitum),
1094 2910 1159 2990 ipse
1183 2929 1299 2990 quoque
1324 2909 1472 2988 geminam
1495 2909 1744 2973 Aristarchiana-

385 3012 450 3055 rum
481 2993 721 3058 immutationem
756 2998 919 3077 Apollonio
953 2999 1080 3079 altingit.
1136 2999 1269 3062 Primum
1299 2999 1357 3070 ait,
1390 2998 1561 3061 institutam
1594 2998 1676 3071 ideo,
1714 3004 1749 3059 ut

386 3081 493 3161 ingens
516 3081 571 3143 illa
592 3085 725 3146 vastitas
748 3086 882 3159 lixamm,
908 3106 997 3168 quam
1020 3088 1218 3151 Aristarchus
1241 3087 1322 3166 apud
1335 3087 1546 3149 Archimedem
1570 3085 1747 3154 introduxit

386 3169 556 3235 tolleretur.
603 3172 735 3253 ideoque
768 3173 812 3235 sic
845 3194 912 3237 esse
939 3175 1110 3239 institutam
1141 3177 1224 3239 iliam
1257 3175 1510 3247 immutationem,
1544 3184 1579 3236 ut
1611 3181 1746 3235 centrum

388 3258 513 3321 fixarum
536 3258 596 3320 uui
618 3279 684 3323 curn
699 3261 794 3323 Terra
816 3264 1098 3326 circumvolveretur
1117 3283 1214 3326 annuo
1237 3272 1331 3326 motu.
1377 3266 1423 3326 At
1442 3265 1498 3326 hoc
1522 3272 1619 3326 totum
1633 3280 1746 3324 merum

384 3363 453 3405 esse
477 3345 653 3424 figmentum
676 3356 708 3409 et
731 3350 896 3430 sphyngem
920 3371 958 3412 ex
981 3352 1051 3414 Ursi
1075 3353 1197 3414 cerebro
1223 3361 1341 3427 natam,
1373 3353 1461 3415 lacilc
1484 3354 1581 3426 videt,
1607 3351 1656 3432 qni
1679 3370 1745 3412 cum

384 3432 442 3494 hac
465 3431 536 3495 Ursi
566 3433 815 3513 interpretatione
838 3438 1007 3500 Ptolemaei
1034 3440 1129 3502 verba
1159 3460 1252 3521 supra
1274 3442 1410 3520 allegata
1438 3443 1475 3502 da
1502 3442 1595 3519 priori
1618 3441 1745 3501 demon-

385 3519 541 3582 strationis
555 3521 777 3601 Apollonianae
806 3525 903 3587 torma
925 3530 1060 3590 conferre
1083 3530 1222 3592 voluerit.
1269 3531 1369 3610 Major
1391 3530 1529 3610 equidem
1552 3539 1603 3591 est
1625 3527 1744 3590 candidi

385 3615 416 3669 et
440 3607 499 3668 atri
522 3609 631 3672 coloris
655 3613 811 3691 coguatio,
847 3634 936 3694 qnam
958 3616 1030 3679 Ursi
1054 3625 1086 3679 et
1111 3617 1275 3700 Apollonii.
1322 3621 1369 3681 Ac
1403 3618 1518 3699 siquis
1546 3618 1586 3680 ad
1609 3639 1646 3679 ro
1667 3615 1746 3695 ptine

384 3696 623 3775 suppositionum
645 3701 799 3780 Apollonii
823 3705 981 3783 respiciat,
1011 3706 1054 3768 iili
1077 3725 1136 3768 non
1160 3714 1264 3786 potest
1286 3709 1346 3769 ulio
1370 3707 1458 3770 modo
1481 3706 1642 3769 verisimile
1665 3724 1743 3780 esse,

385 3792 503 3847 tantm
525 3788 687 3866 Apollonio
710 3808 811 3853 curam
836 3792 928 3855 luisse
948 3795 985 3855 de
1009 3794 1061 3857 illo
1091 3795 1176 3858 hiatu
1204 3796 1315 3875 illaque
1339 3797 1486 3859 vastitate
1510 3797 1645 3858 lixarum.
1682 3794 1743 3855 Al-

385 3881 482 3939 teram
510 3874 748 3942 immutationem
776 3880 871 3943 Ursus
903 3884 997 3947 talem
1028 3884 1065 3946 ab
1089 3884 1252 3964 Apollonio
1285 3886 1371 3966 iirrgit
1399 3885 1584 3959 institutam,
1619 3891 1653 3945 ut
1677 3900 1744 3943 cum

384 3970 475 4024 antea
498 3964 593 4027 Terra
616 3968 766 4040 (centrum
788 3966 929 4052 lixarum)
953 3972 1125 4035 volveretur
1148 3992 1246 4037 annuo
1269 3982 1352 4037 motu
1376 3976 1457 4036 circa
1472 3973 1583 4048 Solem,
1607 3982 1743 4034 centrum

383 4051 582 4131 planetarum,
607 4056 828 4135 quiescentem:
848 4059 914 4139 jam
938 4061 1020 4124 circa
1034 4062 1158 4123 Terram
1182 4071 1214 4124 et
1236 4070 1370 4124 centrum
1395 4063 1529 4132 fixarum,
1544 4060 1741 4141 quiescentia,

384 4138 438 4202 Sol
462 4148 494 4203 et
515 4149 650 4205 centrum
673 4145 862 4224 planetarum
886 4150 991 4212 endem
1014 4168 1113 4211 annuo
1140 4158 1275 4230 tempore
1299 4151 1494 4224 circumierit,
1524 4168 1600 4230 quae
1624 4149 1744 4229 quidem

290 4234 293 4243 ’
384 4227 595 4309 hypothesium
625 4233 721 4295 torma
747 4255 767 4296 a
789 4236 930 4316 Tychono
954 4238 1054 4300 Brahe
1083 4239 1182 4318 (cujus
1213 4239 1388 4320 exagitandi
1415 4241 1516 4320 matio
1544 4239 1640 4303 Ursus
1667 4238 1743 4300 haec

385 4316 542 4418 cquilnxit)
567 4329 690 4400 propter
712 4342 821 4384 causas
845 4326 883 4387 ab
906 4327 973 4404 ipso
996 4335 1120 4388 auctore
1144 4328 1257 4407 passim
1289 4328 1458 4392 inculcatus
1488 4338 1581 4390 etex
1603 4326 1741 4387 occasio-

385 4404 472 4466 nibus
500 4424 559 4467 noo
591 4411 816 4473 contemnendis
840 4424 996 4494 suscepta,
1028 4415 1153 4478 inventa
1184 4423 1215 4477 et
1243 4418 1411 4480 constituta
1438 4426 1496 4478 est.
1543 4416 1644 4477 Habet
1666 4414 1743 4476 haec

386 4490 506 4572 quidem
529 4497 660 4559 assertio
683 4500 972 4564 verisimilitudinem
995 4503 1143 4584 aliquam,
1168 4506 1194 4567 si
1219 4506 1285 4586 quis
1309 4525 1376 4567 eam
1399 4524 1467 4567 cum
1491 4503 1645 4584 Apollonii
1667 4521 1742 4582 aup-

385 4579 534 4657 positione
559 4586 705 4649 conterat.
752 4587 802 4650 Sit
825 4589 901 4652 enim
927 4591 1019 4672 juxta
1047 4601 1176 4654 mentem
1200 4595 1354 4676 Apollonii
1380 4602 1413 4656 et
1434 4594 1464 4655 iu
1485 4591 1516 4657 5.
1541 4593 1743 4655 schemateF

386 4667 489 4771 Terra,
521 4670 603 4734 circa
632 4694 699 4737 eam
722 4676 780 4739 ΝΕ
808 4677 951 4751 circulus,
979 4699 1067 4761 quem
1095 4691 1231 4746 centrum
1258 4682 1419 4746 eccentrici
1450 4701 1546 4745 annuo
1575 4689 1657 4743 motu
1685 4681 1741 4741 de·

384 4756 505 4833 scribit,
530 4758 575 4821 ita
593 4770 627 4824 ut
651 4763 730 4826 linea
752 4784 790 4826 ox
804 4766 830 4828 F
845 4768 940 4831 Terra
961 4788 1016 4849 per
1028 4771 1067 4844 N,
1092 4769 1119 4831 Ε
1142 4780 1279 4835 centrum
1302 4770 1461 4835 eccentrici
1476 4771 1594 4851 ejecta,
1622 4787 1741 4849 semper

384 4844 489 4909 eadem
512 4847 554 4910 sit
576 4868 644 4915 cum
666 4872 720 4927 ea,
755 4873 832 4936 quae
861 4873 901 4918 ex
922 4857 949 4920 F
971 4856 1066 4921 Terra
1093 4877 1146 4940 per
1171 4860 1288 4937 Solem,
1321 4860 1387 4923 sive
1411 4860 1438 4923 is
1462 4860 1527 4940 jam
1550 4859 1579 4923 in
1604 4857 1741 4939 ampliori
