3814 5818
391 344 457 413 254
938 346 1062 413 Apologia
1079 346 1211 410 untur

392 504 495 568 Solem
517 502 652 584 proxime
666 521 756 583 super
770 504 888 566 Lunam
901 504 1032 567 intimam
1047 506 1213 582 collocarit,
1228 504 1318 585 idque
1333 505 1372 569 ab
1386 523 1422 566 eo
1436 511 1471 568 ut
1483 504 1754 581 eetemhuistote-

392 595 437 656 les
460 592 605 655 hauserit.
652 592 719 653 Hoc
732 599 824 673 pacto
848 593 1012 657 sisohema
1031 594 1167 675 superius
1187 595 1240 657 flat
1263 594 1381 659 theuris
1395 593 1487 668 Solis,
1510 592 1647 661 manebit
1668 594 1756 675 primi

392 683 495 745 circuli
518 680 592 742 ILK
615 682 692 742 situs
716 691 749 742 et
771 690 879 757 mutus,
905 683 1053 746 secundus
1067 681 1159 755 NOQ
1177 692 1260 746 motu
1281 684 1398 749 carebit
1420 684 1493 749 lere.
1539 672 1663 747 Tertius
1674 682 1757 747 RST

392 770 495 834 Solem
518 770 665 832 vehebat
687 788 786 832 sunuo
809 771 909 850 spatio
934 772 973 833 ad
995 772 1075 835 idem
1095 772 1183 852 primi
1210 773 1262 835 vel
1279 770 1395 835 zodiaci
1409 780 1553 852 punctum
1567 772 1755 837 restituetur.

481 857 627 930 Quamvis
660 878 719 920 non
747 859 921 938 negaverim
952 861 1016 923 lieri
1038 861 1188 942 potuisse,
1221 870 1255 923 ut
1281 881 1348 923 cum
1370 862 1515 925 Eudoxus
1543 861 1575 923 iu
1601 858 1674 927 Sole
1701 861 1755 923 de-

393 949 522 1012 linearet
549 949 683 1011 colurum
711 949 927 1025 solstitiorum,
956 950 986 1013 in
1011 969 1068 1031 quo
1097 952 1322 1012 demonstraret
1348 951 1511 1019 maximum
1533 949 1597 1029 ejus
1620 949 1756 1012 declina-

391 1040 514 1113 tionem,
544 1036 730 1099 Aristoteles
754 1055 821 1099 eum
845 1040 978 1101 colurum
996 1057 1051 1120 pro
1075 1039 1206 1119 sphaera
1219 1039 1322 1103 mobili
1342 1046 1490 1105 censeret.
1538 1036 1601 1107 Seu
1615 1057 1672 1101 uec
1691 1057 1759 1113 eum

392 1128 595 1207 conjecturam
619 1125 790 1204 rejicerem,
820 1145 908 1207 quam
931 1128 1120 1191 Fruoastorii
1145 1128 1239 1189 verba
1262 1129 1472 1210 suppeditant,
1494 1145 1561 1191 cnm
1584 1126 1645 1188 ait:
1679 1126 1758 1202 „Sol

394 1236 465 1279 vcro
488 1216 519 1278 in
542 1215 676 1278 maxima
700 1234 757 1277 sua
780 1216 980 1279 declinatione
1004 1217 1163 1279 videbatur
1177 1237 1254 1279 nunc
1267 1219 1366 1298 magia
1391 1217 1429 1280 ab
1445 1224 1608 1297 aequatore
1632 1216 1758 1293 distare,

393 1324 470 1367 nunc
492 1304 623 1368 minus.“
667 1303 812 1367 Eudoxus
840 1306 944 1386 itaque
967 1326 1021 1367 seu
1044 1305 1289 1370 observationum
1312 1296 1520 1373 solstitialium
1546 1304 1621 1367 vitiu
1645 1312 1678 1367 et
1700 1324 1758 1373 vua

393 1394 514 1469 rietate,
539 1412 592 1455 sen
616 1401 752 1455 veterum
775 1394 812 1457 de
837 1393 1015 1476 obliquitate
1038 1395 1153 1457 zodiaci
1176 1395 1390 1459 traditionibus
1415 1398 1518 1470 (erant
1532 1395 1611 1455 enim
1626 1392 1757 1475 diligen-

393 1492 441 1546 tes
473 1484 504 1545 in
537 1483 594 1544 hoo
626 1480 801 1562 inquirendo
830 1491 955 1563 propter
985 1482 1201 1566 Olympiadem
1232 1484 1335 1562 initia)
1366 1503 1432 1548 oum
1461 1502 1517 1547 sua
1545 1482 1759 1547 observatione

394 1571 527 1647 collatis,
561 1589 614 1632 seu
638 1571 786 1650 suspicari
818 1591 871 1634 seu
900 1592 972 1635 vere
1000 1572 1223 1652 deprehendere
1255 1574 1355 1654 putuit
1383 1572 1591 1637 diversitatem
1626 1571 1759 1652 aliquem

369 1660 375 1677 '
395 1660 605 1723 declinationis
629 1660 817 1735 solstitialis,
847 1661 894 1723 cui
919 1662 1094 1723 efficiendae
1115 1659 1218 1724 Solem
1247 1663 1277 1725 iu
1308 1660 1477 1725 latitudiuis
1505 1659 1618 1723 circulo
1642 1658 1759 1723 eonsti-

393 1751 510 1812 tuebat.
557 1747 605 1809 De
628 1748 755 1827 Iphito
779 1749 900 1829 quidem
923 1750 1089 1813 communis
1113 1756 1162 1812 eet
1190 1753 1294 1828 fama,
1320 1771 1446 1815 oausam
1470 1748 1514 1812 illi
1538 1748 1632 1820 fuisse
1655 1756 1759 1811 astro-

393 1839 542 1921 nomicam
566 1836 817 1900 instituendarum
840 1836 1063 1920 olympiadum.
1083 1834 1124 1913 ¹¹)
1171 1841 1213 1902 Et
1227 1840 1296 1921 ipsa
1310 1842 1407 1903 forma
1424 1838 1494 1901 anui
1509 1836 1589 1899 illius
1610 1836 1759 1911 clamitat,

394 1936 498 1989 notam
531 1925 624 1987 fuisse
648 1925 748 2005 iphito
771 1926 921 1989 rationem
944 1928 1068 1990 solstitii
1098 1927 1232 2010 adeoque
1256 1928 1469 1992 declinationis
1492 1924 1642 1993 maximoe
1666 1924 1759 2001 Solis,

394 2023 429 2077 ut
452 2016 502 2099 qui
525 2032 636 2077 aunum
659 2014 697 2075 ab
722 2033 757 2076 eo
780 2015 944 2095 plenilunio
967 2016 1141 2095 incipiebat,
1168 2018 1247 2098 quod
1261 2019 1396 2098 proxime
1419 2014 1583 2079 solstitium
1608 2014 1759 2097 sequeba-
1874 2070 1875 2073 ,

394 2112 454 2165 tur.
501 2103 551 2165 Ab
579 2121 615 2163 eo
639 2121 709 2164 vero
734 2103 773 2165 ad
795 2104 955 2167 Eudoxum
977 2111 1049 2166 sunt
1071 2104 1141 2166 anni
1163 2103 1239 2170 400.
1287 2107 1367 2169 Vide
1391 2105 1485 2169 etiam
1507 2122 1584 2183 quae
1607 2122 1701 2184 supra
1724 2103 1761 2164 de

396 2191 534 2266 Thalete,
559 2190 608 2271 qui
632 2191 748 2253 medius
772 2192 829 2254 fuit
851 2193 931 2255 inter
953 2193 1086 2273 Iphitum
1109 2201 1141 2256 et
1163 2195 1335 2272 Eudoxum,
1360 2196 1435 2259 item
1458 2195 1496 2257 de
1510 2192 1587 2254 Lino
1610 2192 1762 2273 antiquis-

396 2280 473 2344 simo
496 2299 535 2343 ex
557 2279 682 2342 Laertio
705 2280 874 2345 retulimus.
1493 2335 1499 2343 .

484 2370 702 2446 „Planetsrum
725 2388 796 2433 vero
820 2371 947 2436 aliorum
969 2370 1112 2451 cujusque
1135 2368 1203 2440 int
1221 2372 1369 2452 sphaeris,
1394 2387 1520 2453 quarum
1533 2367 1631 2448 prima
1653 2375 1686 2429 et
1708 2387 1760 2432 se·

396 2459 496 2521 cunda
518 2457 624 2521 eadem
647 2464 711 2528 est,
739 2478 816 2540 quae
839 2468 872 2521 et
894 2460 1048 2533 inerrans,
1080 2460 1180 2523 ferens
1203 2480 1324 2536 omues,
1355 2469 1388 2525 et
1410 2476 1488 2541 quae
1515 2457 1570 2519 sub
1595 2477 1633 2519 ea
1660 2456 1764 2538 positu

396 2555 447 2610 est
478 2566 554 2629 quae
588 2563 642 2626 per
665 2547 796 2611 medium
818 2548 934 2612 zodiaci
958 2555 1072 2611 motum
1095 2549 1203 2625 habet,
1233 2569 1419 2615 communem
1442 2545 1619 2621 omnibns,“
1648 2544 1764 2609 habere
1874 2572 1875 2579 ¹

396 2654 498 2699 omues
521 2635 662 2714 planetas
685 2656 777 2701 uuum
800 2637 912 2713 orbem,
937 2637 987 2718 qui
1010 2637 1172 2718 sphaeram
1194 2638 1392 2705 inerrantium
1416 2638 1448 2703 in
1462 2642 1546 2707 motu
1568 2642 1601 2696 θῖ
1619 2635 1682 2697 Situ
1705 2634 1761 2698 ⁰b·

396 2734 517 2790 servet:
546 2724 639 2787 ndum
669 2725 758 2803 item,
789 2726 839 2807 qui
869 2727 924 2790 suh
953 2726 1078 2790 zodiaco
1101 2736 1240 2792 movetur
1272 2730 1302 2795 iu
1326 2724 1510 2792 conmariuuu
1537 2721 1635 2803 primo
1663 2730 1696 2785 et
1724 2742 1761 2789 ex

1872 2674 1875 2787 l

397 2814 529 2896 obliquo.
576 2813 608 2877 Is
628 2813 687 2877 luit
709 2835 802 2896 supra
820 2813 919 2892 NOQ,
945 2835 1035 2899 super
1058 2817 1136 2897 polis
1158 2816 1203 2892 N,
1229 2816 1257 2881 0
1279 2819 1433 2889 incedens.
1480 2811 1543 2885 Seu,
1565 2811 1614 2887 hic
1632 2812 1695 2885 aliu
1713 2812 1762 2893 ip·
1874 2798 1875 2831 ³
