3788 5828
383 345 446 415 181
894 345 1006 410 Myster'd
1025 347 1226 415 Gesmoffrsphiei

377 511 467 585 posui,
482 510 535 567 imo
549 512 657 566 clarem
670 508 859 565 astronomiae
872 509 970 565 merito
985 510 1143 581 appellari:
1169 512 1241 582 quod
1255 529 1292 565 ex
1306 510 1374 582 ipsis
1389 511 1508 567 motibus
1523 506 1623 568 marus
1636 507 1741 585 liquido

378 591 572 656 demonstrari,
596 607 646 645 seu
668 590 741 645 Solis
763 607 812 644 seu
832 592 936 645 Terrae
958 599 1061 646 motum
1086 608 1206 646 annuum
1228 591 1353 662 regulari
1376 592 1450 647 cirea
1473 593 1595 648 alienum
1617 600 1741 651 oentnrm

379 672 526 745 aequantia
548 671 664 742 ejusque
686 670 923 726 eocentrioitatem
945 672 1054 726 orbitae
1077 672 1214 726 dimidium
1238 672 1326 726 solum
1348 673 1690 741 habere,eoeentricitstis
1705 678 1742 730 ab

380 753 540 810 auctoribus
561 751 693 805 creditae.
814 798 818 811 ,

458 834 543 888 Vides
557 831 663 903 itaque,
684 833 774 886 lector
787 829 920 895 studiose,
939 831 1035 885 libello
1050 832 1103 887 hoc
1121 831 1227 887 semina
1241 848 1341 902 sparsa
1354 846 1416 886 esse
1432 832 1549 888 omnium
1573 841 1603 889 et
1617 834 1741 908 singulo·

379 931 449 978 rum,
465 906 544 985 puae
559 930 596 967 ex
610 930 643 966 eo
657 917 781 983 tempore
801 910 829 964 iu
844 912 1013 966 astronomia
1026 929 1099 966 nora
1112 919 1143 966 et
1160 913 1247 984 vulgo
1262 913 1382 975 absurda
1406 931 1442 967 ex
1467 914 1625 970 certissimis
1639 916 1742 970 Brahei

379 992 619 1049 observationibus
645 1009 719 1047 ame
741 992 894 1045 constituta
917 998 947 1045 et
961 994 1151 1047 demonstrata
1173 997 1255 1046 sunt:
1279 992 1375 1064 itaque
1399 1010 1480 1063 spero
1506 1000 1534 1048 te
1545 995 1640 1067 jocum
1654 1013 1743 1052 meum

379 1074 429 1130 lib.
444 1075 491 1128 IV.
512 1068 589 1144 (cap.
605 1068 646 1137 7.)
660 1074 755 1127 Herm.
781 1074 814 1125 de
838 1072 904 1126 meis
928 1072 1095 1143 imaginibus
1116 1090 1152 1127 ex
1167 1072 1257 1126 Procli
1276 1073 1518 1145 paradigmatibus
1542 1076 1665 1148 delapsis
1690 1095 1743 1132 non

380 1154 476 1228 iniqua
489 1169 607 1210 oensurs
619 1153 838 1225 flagellaturum.

967 1336 1161 1349 -κι-..ι

917 1496 1037 1598 Caput
1063 1496 1209 1571 XXIII.

565 1657 623 1720 De
639 1654 732 1718 initio
751 1663 781 1719 et
791 1656 859 1737 fine
875 1655 988 1719 mundi
1005 1656 1214 1720 marmoreo
1233 1664 1262 1719 et
1280 1676 1364 1721 oneo
1382 1654 1563 1722 Pletonioo.

471 1798 550 1862 Post
572 1798 687 1878 epulas,
712 1807 783 1878 post
806 1798 962 1860 fastidium
985 1819 1023 1860 ex
1045 1797 1217 1869 saturitate,
1241 1798 1397 1862 veniamus
1421 1801 1460 1861 ed
1479 1800 1620 1864 bellaria.
1667 1803 1749 1865 Pro·
1870 1838 1871 1841 =

385 1888 519 1952 blemata
542 1887 692 1967 duopono
707 1886 829 1950 nobilia.
863 1888 996 1950 Primum
1020 1895 1068 1950 eet
1091 1886 1128 1950 de
1152 1889 1297 1969 principio
1321 1894 1439 1964 motus;
1464 1891 1592 1953 alterum
1616 1890 1652 1951 de
1676 1892 1743 1955 fine.

386 1976 479 2040 Certe
502 1993 560 2038 non
585 1983 697 2037 temere
720 1976 805 2039 Deus
828 1976 963 2038 instituit
984 1984 1095 2051 motus,
1121 1978 1173 2039 sed
1199 1977 1237 2039 ab
1260 1996 1318 2039 uno
1343 1979 1471 2058 quodam
1495 1987 1577 2041 certo
1601 1978 1746 2067 principio

387 2074 419 2130 et
440 2064 552 2128 illustri
576 2064 732 2127 stellarum
756 2065 980 2144 conjunctione,
1005 2074 1036 2128 et
1059 2066 1088 2127 in
1113 2065 1199 2128 initio
1223 2065 1351 2142 zodiaci,
1377 2068 1455 2148 quod
1480 2077 1598 2129 creator
1620 2089 1675 2149 per
1697 2069 1746 2132 in-

386 2153 579 2217 clinationem
594 2152 722 2215 Telluris
746 2153 888 2217 domicilii
911 2155 1007 2217 nostri
1030 2155 1157 2231 effinxit,
1182 2154 1252 2235 quia
1275 2155 1375 2218 omnia
1396 2164 1520 2238 propter
1543 2156 1703 2223 hominem.
1719 2161 1746 2234 ⁸)

386 2242 494 2307 Annus
516 2241 608 2322 igitur
632 2239 749 2305 Christi
777 2239 859 2306 1595
884 2243 911 2304 si
934 2244 1084 2309 referatur
1107 2244 1137 2305 in
1162 2240 1250 2307 5572
1281 2244 1381 2308 mundi
1406 2246 1471 2326 (qui
1495 2247 1693 2313 communiter
1716 2258 1748 2310 et

387 2353 406 2394 a
428 2330 651 2413 probatissimis
680 2328 766 2395 5557
791 2335 960 2409 censetur),
995 2333 1098 2395 veniet
1120 2334 1234 2396 creatio
1257 2332 1288 2395 in
1311 2334 1461 2397 illustrem
1489 2335 1748 2401 constellationem

386 2420 415 2483 in
438 2419 584 2501 principio
601 2417 689 2497 ΥΒ).
722 2423 801 2485 Nem
826 2441 904 2484 anno
927 2421 1023 2503 primo
1047 2421 1175 2485 assumti
1197 2422 1320 2498 numeri,
1347 2424 1393 2485 die
1417 2422 1532 2503 Aprilis
1556 2421 1609 2488 27.
1624 2425 1746 2488 Juliano

386 2518 467 2572 retro
482 2516 665 2590 computato,
692 2510 767 2575 feria
780 2510 888 2592 prima,
913 2511 963 2592 qui
986 2511 1050 2573 dies
1074 2511 1236 2574 creationis
1255 2511 1386 2577 omnium
1410 2522 1468 2586 est,
1491 2512 1567 2576 hora
1590 2514 1749 2579 undecima

386 2597 521 2661 meridiei
540 2599 713 2675 Borussiae,
738 2620 814 2681 quae
838 2607 888 2663 est
910 2610 1000 2663 sexta
1023 2601 1197 2681 vespertina
1219 2600 1249 2662 in
1272 2600 1370 2675 ludia,
1394 2602 1465 2664 telis
1489 2602 1648 2675 exhibetur
1672 2603 1746 2667 coeli

387 2687 481 2751 laoies
505 2707 524 2750 a
545 2686 706 2752 Prutenico
730 2689 856 2752 calculo.

921 2773 962 2854 Θ
1054 2771 1099 2840 3ο
1173 2775 1210 2853 Υ

927 2867 954 2938 5
1053 2863 1073 2928 3

931 2950 952 3033 li
1033 2953 1073 3017 15

930 3128 1072 3202 <524

924 2952 1208 3120 inl

928 3136 1207 3296 eol

924 3303 1209 3483 till

474 3533 579 3596 Motus
602 3541 642 3606 0¹,
677 3532 702 3605 Ω
727 3540 760 3594 et
780 3539 813 3604 ,st
837 3534 990 3616 paulisper
1013 3556 1130 3600 morare
1159 3545 1212 3601 ant
1239 3556 1395 3618 promove,
1430 3545 1462 3598 et
1484 3537 1607 3599 venient
1630 3537 1659 3598 in
1684 3538 1751 3601 loca

386 3631 526 3704 cognata,
552 3630 584 3684 et
607 3614 685 3684 forte
708 3627 741 3693 Ω
764 3621 795 3684 in
819 3622 840 3687 0
864 3633 911 3688 ὲ
936 3625 975 3686 ad
997 3627 1037 3698 p.
1085 3624 1223 3708 Scaliger
1246 3627 1324 3690 male
1346 3626 1530 3689 novilunium
1553 3626 1628 3690 vult.
1669 3627 1751 3691 Nam

387 3712 475 3775 Luna
503 3711 533 3773 in
556 3716 742 3792 potestatem
771 3713 870 3776 noctis
897 3714 1020 3778 condita
1047 3723 1135 3778 nocte
1158 3716 1260 3798 utique
1274 3716 1381 3796 ¹prima
1404 3715 1498 3778 fulsit
1545 3715 1749 3779 Verisimilius

386 3799 505 3863 initium
528 3799 661 3863 calculus
686 3800 788 3863 multia
810 3809 893 3865 retro
916 3822 1063 3886 porroque
1083 3791 1169 3868 annis
1185 3824 1243 3869 non
1258 3804 1444 3886 suppeditat.
1479 3803 1540 3867 Sed
1565 3804 1590 3866 si
1614 3805 1750 3867 rationes

387 3908 565 3970 sequamur,
593 3894 715 3968 oportet
736 3889 794 3953 hoo
816 3891 951 3966 initium,
983 3891 1022 3971 Θ
1048 3894 1077 3957 in
1101 3905 1148 3961 ἑ
1172 3904 1333 3968 versante,
1363 3913 1527 3975 quaerere,
1557 3912 1663 3975 nempe
1692 3895 1751 3957 hac

387 3977 463 4041 coeli
487 3977 576 4041 facie.

474 4063 510 4156 'I’
534 4066 578 4143 ns
603 4073 639 4141 dr
663 4070 711 4138 &3
734 4063 856 4145 0.γῖ
879 4071 924 4144 y
949 4066 1072 4149 00155
1096 4078 1142 4147 (Ω)
1169 4071 1209 4147 Ω)
1234 4073 1270 4149 §a
1297 4068 1354 4148 ΘῘ
1379 4066 1426 4133 0⁰
1449 4079 1511 4135 ξ’·

436 4177 443 4181 ·
476 4155 554 4219 Vult
576 4156 632 4217 hoc
654 4164 789 4219 veterum
815 4159 999 4236 auctoritas,
1033 4162 1173 4224 mundum
1201 4161 1231 4223 iu
1256 4167 1398 4223 autumno
1422 4166 1576 4235 creatum,
1611 4165 1643 4220 et
1670 4159 1749 4222 ratio

386 4244 455 4326 ipsa
478 4264 516 4307 ex
531 4244 707 4326 Copemico,
732 4254 766 4309 nt
789 4247 891 4311 Tellus
915 4249 970 4311 sub
994 4251 1101 4312 eudem
1123 4249 1209 4312 initio
1233 4258 1306 4319 stet,
1330 4268 1387 4329 qno
1410 4248 1528 4329 reliqui.
1545 4252 1571 4322 ⁰)
1604 4248 1749 4330 Appare-

386 4334 462 4396 bnnt
483 4333 576 4414 igitur
597 4335 767 4413 superiores
792 4337 820 4398 iu
835 4336 880 4414 Υ,
904 4337 1062 4401 inferiores
1085 4347 1117 4401 et
1136 4336 1176 4416 Θ
1200 4338 1229 4401 in
1249 4350 1311 4413 ὲ,
1336 4338 1424 4403 Luna
1442 4356 1507 4400 cum
1530 4336 1611 4399 circa
1625 4337 1748 4400 Terram

387 4420 437 4495 sit,
461 4442 556 4504 neque
579 4423 609 4485 in
632 4421 669 4500 Υ
693 4444 788 4506 neque
812 4425 840 4487 in
862 4437 909 4492 ἡ
929 4428 1083 4507 competit,
1108 4448 1145 4490 ne
1170 4428 1271 4491 turbet
1293 4446 1446 4490 numerum
1470 4427 1634 4491 temarinm
1658 4446 1747 4507 supe-

385 4510 495 4574 riemm
518 4520 550 4573 et
571 4511 754 4588 inferiorum,
779 4522 811 4577 et
824 4513 896 4577 Sole
916 4515 1072 4579 occidente
1097 4518 1155 4590 (sie
1179 4519 1257 4580 enon
1276 4517 1415 4580 conditus
1431 4517 1558 4579 mundus
1577 4521 1641 4589 est)
1668 4514 1748 4579 nocti

386 4600 491 4663 nullibi
513 4600 625 4665 rectius
656 4601 843 4678 dominatur,
876 4623 967 4683 quam
994 4624 1033 4668 ex
1060 4606 1157 4669 medie
1185 4606 1281 4680 coeli,
1313 4605 1393 4687 quod
1417 4605 1465 4669 eit
1488 4603 1519 4669 0.
1544 4611 1588 4682 ᾗ.
1637 4604 1747 4686 Sieque

386 4689 499 4767 poterit
521 4689 550 4750 iu
574 4689 698 4771 epieycli
723 4710 840 4754 summa
863 4694 968 4755 abside
992 4695 1168 4758 consistere.
1206 4695 1249 4758 Et
1271 4695 1342 4776 quia
1364 4694 1450 4756 orbis·
1470 4694 1535 4773 ejus
1559 4694 1748 4757 moeotidas

386 4787 442 4854 est,
467 4779 612 4842 sortiatur
634 4787 668 4840 et
689 4781 758 4860 ipsa
780 4780 979 4845 adventitium
1003 4791 1036 4844 et.
1057 4785 1240 4864 peculiarem
1263 4784 1354 4846 situm
1376 4783 1523 4863 principii.
1561 4783 1747 4845 Lunationes

386 4868 479 4931 etiam
501 4866 567 4949 ejus
591 4866 735 4931 nobilitas
758 4877 790 4931 et
817 4871 899 4932 fama
926 4871 1004 4935 inter
1031 4872 1180 4953 homines,
1215 4873 1457 4953 lunationumque
1483 4871 1646 4955 potissima
1669 4890 1745 4956 qua·
