3786 5808
1435 348 1439 361 '
1471 376 1533 429 xm

174 554 237 600 rum
258 532 388 617 Kepleri
409 552 501 599 uranu
523 533 704 616 scriptorum
726 533 922 607 collectione,
956 554 1048 617 quae,
1077 554 1166 618 quoru
1189 542 1282 601 antea
1302 534 1459 619 Petropoli
1482 537 1531 601 la-‘

173 642 274 721 tuerit,
298 663 377 708 nunc
399 643 552 708 Pulcovae
576 649 726 707 servatur.
1505 638 1514 651 ⁸
1551 623 1557 629 ’

221 789 224 793 ›
258 749 380 815 Editori
404 751 524 833 quidem
547 768 723 831 persuasum
755 754 822 824 est,
857 767 910 813 eos
943 767 1011 812 esse
1041 747 1166 829 Kepleri
1197 749 1311 828 libros,
1341 752 1447 833 quibus
1471 770 1529 815 nou

172 862 367 921 astronomus
390 864 509 921 tautum
528 857 674 939 capiatur,
695 856 749 919 sed
767 862 892 937 propter
908 856 1090 918 varietatem
1110 859 1289 937 argumenti,
1312 858 1392 939 quod
1411 858 1450 920 ad
1469 858 1531 921 alia

171 981 288 1045 quoque
311 964 467 1028 literamm
491 982 604 1046 genera
625 964 773 1044 pertinet,
798 963 890 1025 etiam
913 962 1126 1045 philosophus,
1149 962 1326 1035 historicus.
1349 964 1530 1046 philologus,

171 1069 299 1153 denique
323 1091 410 1135 nemu
429 1090 489 1135 non
511 1071 666 1134 literarum
689 1089 795 1133 amans
819 1070 980 1146 doceatur,
1012 1068 1122 1151 aliique
1144 1071 1302 1151 proposita
1323 1070 1416 1152 prisci
1439 1071 1530 1135 moris

170 1185 203 1239 et
223 1176 454 1241 consuetudinis
483 1176 617 1259 imagine
646 1177 842 1241 delectentur.
887 1176 975 1239 Hanc
1001 1193 1073 1239 vero
1106 1175 1294 1256 iugeniomm
1322 1177 1529 1241 diversitatem

169 1289 348 1365 spectantes
371 1284 607 1365 colligendorum
630 1283 755 1364 Kepleri
779 1283 921 1347 librorum
943 1282 1092 1346 rationem
1115 1280 1327 1362 disposuimus.

258 1389 385 1472 Kepleri
407 1390 524 1473 scripta
546 1408 605 1453 uon
624 1396 752 1465 mutata,
776 1389 1024 1472 quemadmodum
1043 1390 1108 1469 ipse
1127 1387 1209 1472 typis
1228 1389 1422 1470 exprimenda
1440 1408 1530 1454 cura·

167 1494 221 1572 vit,
240 1504 429 1578 repetentur,
451 1504 593 1574 servato,
613 1516 671 1579 quo
686 1496 768 1560 edita
782 1503 862 1567 sunt,
882 1502 1050 1577 temporum
1065 1496 1180 1574 ordine,
1196 1496 1254 1558 nisi
1268 1497 1347 1577 qood
1362 1498 1531 1577 argumenti

167 1600 337 1666 similitudo
359 1604 503 1667 nonnulla
524 1602 624 1668 suasit
646 1603 802 1667 mutanda.
856 1602 1068 1665 Praefationes
1092 1602 1219 1682 siugulis
1240 1602 1324 1665 libris
1343 1603 1530 1684 praemissae

167 1708 276 1790 paucis
297 1710 434 1775 referunt
455 1708 687 1791 uniuscujusque
710 1709 780 1772 libri
802 1717 1021 1789 argumentum,
1057 1714 1090 1772 et
1112 1709 1219 1792 quibus
1239 1709 1277 1772 de
1296 1707 1397 1772 causis
1414 1727 1531 1791 quoque

169 1815 316 1894 oonsilio,
342 1820 494 1899 ‘quantum
527 1836 566 1880 ex
588 1815 711 1879 auxiliis
733 1814 763 1877 iu
785 1824 905 1895 promtu
926 1815 1038 1898 positis
1061 1822 1116 1878 aut
1137 1833 1177 1878 ex
1200 1814 1276 1879 libro
1299 1814 1365 1896 ipso
1388 1815 1532 1896 cognosci

167 1930 288 2004 potest,
312 1922 390 1987 liber
413 1923 455 1987 sit
477 1921 680 2004 conscriptus,
704 1930 858 1986 enarrant.
883 1953 925 1966 -
948 1920 1001 1983 Ad
1027 1920 1103 1986 haec
1129 1921 1316 1985 enucleanda
1337 1941 1405 1986 curn
1428 1922 1530 2002 magui

168 2030 316 2093 momenti
335 2030 397 2094 sint
415 2031 537 2105 multae,
558 2048 634 2110 quae
653 2028 752 2091 adhuc
770 2037 887 2104 entant,
907 2027 1031 2108 Kepleri
1050 2027 1210 2109 epistolae,
1235 2028 1291 2091 bas
1310 2047 1368 2090 nou
1391 2027 1534 2091 continua

168 2137 258 2212 sene,
279 2138 360 2218 quod
377 2137 407 2198 in
427 2136 496 2199 aliis
516 2135 687 2217 hujusmodi
701 2135 928 2198 collectionibus
944 2135 1057 2199 iactum
1071 2142 1128 2210 est,
1150 2134 1370 2226 proponendas,
1393 2133 1456 2208 sed,
1475 2151 1530 2214 pro

170 2261 224 2305 suo
238 2243 385 2324 cujusque
399 2252 590 2323 argumento,
607 2242 701 2317 libris,
723 2260 797 2322 quos
811 2248 961 2321 spectant,
981 2241 1218 2322 praemittendas
1228 2239 1442 2322 judicavimus.
1472 2237 1532 2301 Pro
1631 2278 1635 2289 ι

170 2349 343 2428 argumenti
365 2348 459 2428 igitur
480 2349 659 2411 diversitate
683 2349 828 2410 diremtae
844 2354 916 2410 sunt
935 2347 1082 2427 ejusmodi
1103 2347 1261 2428 epistolae,
1284 2346 1330 2409 ita
1351 2352 1463 2415 tamen.
1488 2352 1531 2419 ut,

170 2455 220 2537 qui
243 2455 391 2536 epistolas
414 2455 514 2536 legere
537 2454 688 2517 volueriut
710 2454 877 2529 continuas,
896 2460 1010 2516 certum
1035 2455 1074 2517 ad
1098 2453 1128 2517 id
1148 2455 1253 2517 ducem
1272 2472 1331 2516 nou
1349 2450 1531 2515 desiderent.
1611 2466 1614 2477 ·

257 2560 485 2625 Aunctatioues
507 2561 633 2625 editoris
656 2570 689 2624 et
710 2559 917 2642 praelationes
940 2560 1036 2622 latina
1058 2560 1161 2642 lingua
1184 2560 1378 2642 adjicientur,
1409 2576 1475 2620 curn
1499 2564 1531 2619 et

168 2667 324 2751 Keplerus
353 2666 382 2730 in
407 2667 493 2731 libris
515 2676 549 2731 et
572 2666 710 2749 epistolis
734 2667 791 2729 bac
814 2664 916 2746 lingua
939 2686 1012 2729 usus
1036 2666 1095 2742 sit,
1124 2676 1156 2730 et
1186 2665 1285 2729 editor
1307 2685 1392 2748 spem
1416 2664 1529 2738 foveat,

167 2774 242 2837 fore.
256 2781 293 2838 ut
313 2793 364 2838 res
387 2775 427 2836 ab
451 2774 516 2855 ipso
540 2783 684 2856 suscepta
706 2792 765 2835 uon
788 2772 876 2834 modo
901 2769 1083 2847 Germanis,
1117 2772 1172 2837 sed
1203 2773 1297 2834 etiam
1320 2769 1433 2836 exteris
1455 2788 1529 2850 pro-

166 2878 267 2945 betur.
299 2879 540 2965 Aunotationum
558 2890 660 2945 autem
679 2879 758 2942 aliae
781 2897 882 2942 rerum
905 2886 1129 2959 temporumque
1152 2885 1185 2940 et
1207 2878 1362 2941 literarum
1385 2877 1532 2940 rationem

168 2987 341 3064 habebunt,
370 2986 450 3049 aliae
473 2987 568 3050 verba
591 2994 624 3051 et
645 2985 792 3048 dictiones
822 2983 1054 3047 mathematicas
1081 2992 1115 3048 et
1138 2984 1358 3047 astronomicae
1380 2982 1530 3062 interpre—

169 3092 330 3169 tabuntur,
354 3112 431 3176 quae
454 3102 507 3158 aut
529 3092 654 3175 Kepleri
677 3098 781 3155 aetate
804 3091 955 3154 diversam
978 3090 1018 3155 ab
1041 3110 1096 3170 ea,
1119 3109 1196 3173 quae
1219 3109 1297 3154 nunc
1320 3097 1381 3164 est,
1405 3089 1531 3176 formam

169 3198 357 3277 retulemnt,
381 3209 453 3277 aut,
485 3206 521 3262 ut
542 3198 615 3263 viris
638 3199 668 3262 in
692 3199 748 3263 boo
770 3217 880 3280 genere
903 3198 1035 3262 versatis
1057 3198 1088 3263 in
1112 3218 1168 3262 usu
1190 3203 1280 3272 sunt,
1311 3198 1358 3261 ita
1389 3194 1428 3258 ab
1452 3194 1530 3270 aliis,

169 3304 229 3368 uisi
253 3306 312 3369 tali
333 3305 592 3388 interpretatione,
617 3304 745 3387 intelligi
768 3324 827 3368 uon
850 3312 988 3387 possunt
1505 3383 1513 3395 ι

259 3411 419 3494 Epistulas
442 3412 567 3495 Kepleri
590 3414 861 3497 responsionesque
892 3411 1054 3476 amicorum
1083 3430 1143 3475 nou
1166 3408 1204 3474 cb
1228 3427 1295 3474 earn
1317 3425 1422 3485 maru,
1455 3425 1532 3489 quae

171 3517 261 3583 modo
276 3519 360 3583 dicta
373 3528 432 3597 est,
447 3540 571 3585 causam
585 3539 623 3583 ex
637 3526 725 3601 parte
740 3520 885 3602 integras,
901 3539 940 3582 ex
953 3518 1062 3601 majori
1075 3538 1148 3582 vero
1163 3524 1250 3600 parte
1267 3535 1341 3597 „pro
1356 3534 1414 3579 suo
1424 3514 1530 3594 cujus·

171 3643 229 3707 que
250 3628 450 3708 argumento“
470 3626 660 3692 membratim
679 3626 834 3691 addendas
853 3627 1032 3701 censuimus,
1055 3626 1110 3688 sed
1123 3625 1188 3706 ejus
1206 3622 1250 3688 rei
1268 3623 1401 3704 potiores
1420 3641 1531 3684 causae
1590 3672 1592 3679 .

172 3732 304 3808 luerunt,
327 3734 435 3810 altera,
460 3732 540 3815 quod
558 3732 629 3801 illae
644 3733 795 3814 longiores
810 3742 881 3797 suut
899 3734 1018 3808 (insunt
1035 3731 1171 3795 collectis
1185 3729 1392 3811 Stuttgartiae
1411 3736 1443 3791 et
1456 3727 1531 3791 Pul-

174 3857 269 3902 covae
291 3839 431 3922 epistolis
464 3840 628 3921 quaedam,
662 3859 739 3922 quae
772 3847 951 3903 excrescunt
978 3841 1016 3902 ad
1044 3840 1173 3921 paginas
1195 3833 1240 3902 40
1263 3845 1296 3902 et
1317 3837 1385 3920 plue
1408 3833 1532 3898 minutis

172 3943 270 4009 literis
293 3945 450 4027 scriptas),
475 3946 582 4022 altera,
607 3948 687 4029 quod
709 3946 877 4027 disputavit
899 3946 930 4009 in
953 3946 1013 4009 illis
1035 3945 1186 4027 Keplerus
1209 3943 1247 4006 de
1270 3942 1360 4007 rebus
1384 3939 1530 4004 diversis·

173 4050 269 4124 simis,
294 4071 353 4115 non
376 4053 519 4118 continua
541 4054 678 4117 oratioue
702 4053 868 4137 conjunctis
892 4054 934 4127 (e.
958 4070 989 4133 g.
1013 4051 1043 4115 iu
1067 4050 1164 4115 literis
1188 4050 1227 4125 ad
1249 4047 1399 4112 Davidem
1420 4044 1530 4109 l'abri-

172 4158 253 4220 cium
275 4158 306 4222 d.
336 4157 384 4222 11.
409 4158 479 4225 Oct.
507 4155 602 4225 1605.
632 4162 712 4225 datis
735 4161 775 4224 ad
798 4159 930 4224 Fabricii
960 4158 1153 4242 quaestiones
1175 4157 1340 4238 respondet
1369 4153 1529 4235 Keplems,

171 4265 399 4346 responsionem
426 4267 564 4331 dividens
586 4268 617 4331 in
639 4266 849 4350 paragraphus
871 4285 993 4330 numero
1017 4261 1086 4341 tr).
1119 4262 1208 4337 Quae
1231 4281 1321 4346 quum
1342 4260 1462 4341 integra
1479 4259 1531 4322 vix

174 4370 333 4453 quisquam
351 4372 484 4437 lecturus
503 4374 622 4450 luisset,
645 4394 810 4456 speramus,
833 4393 881 4451 ea,
904 4391 981 4455 quae
1004 4372 1091 4437 nobie
1113 4370 1239 4454 placuit,
1266 4369 1385 4433 ratione
1404 4367 1477 4443 iore,
1498 4372 1533 4429 ut

173 4476 338 4543 incitentur
356 4480 494 4557 lectores,
518 4488 552 4543 ut
574 4482 697 4564 propius
720 4480 884 4564 inspiciant
902 4500 947 4556 ea,
978 4499 1055 4562 quae
1074 4478 1224 4560 Keplerus
1247 4476 1310 4557 egit
1328 4493 1394 4539 cum
1414 4472 1530 4536 amicis.

173 4582 325 4666 Keplems
348 4586 468 4668 quidem
490 4588 555 4670 ipse
579 4589 656 4651 viam
676 4588 817 4670 praeivit,
841 4586 891 4670 qni
910 4587 941 4651 iu
958 4587 1035 4651 libro
1054 4585 1274 4666 chronologico,
1300 4581 1349 4664 qui
1368 4579 1530 4661 inscriptus

176 4697 227 4753 eat
248 4690 414 4785 „Eclogae
429 4691 626 4771 Chronicae“,
655 4713 792 4790 eaquae
814 4693 912 4759 literis
935 4694 975 4758 ad
1006 4693 1143 4757 diversos
1171 4692 1254 4756 datis
1282 4689 1457 4770 illorumque
1480 4705 1531 4750 re·

175 4798 387 4877 sponsionibus
414 4799 535 4866 inerant
561 4802 774 4883 chronologica
795 4802 983 4884 excerpserit
1003 4807 1037 4864 et
1059 4801 1141 4884 typis
1163 4796 1359 4880 expansum
1381 4790 1533 4859 curaverit

176 4901 274 4971 forma
296 4904 512 4990 dialogorum.-
