3838 5824
727 386 891 442 ementem
1443 391 1480 458 61

130 542 691 665 fflgmlthdmr‘amtqaepraeeertim
717 548 794 599 etlam
816 548 904 601 eeleuh
928 549 1209 602 labmmettaedlam
1232 565 1282 602 ιιι
1301 554 1486 604 erreouedet

202 683 296 745 wem
312 689 454 750 praemissis
471 689 526 738 adit
540 687 624 739 Ηιιιι.
643 690 813 754 questionem
839 692 871 742 de
893 692 996 744 Lucano
1021 693 1144 758 pluribus,
1170 694 1219 744 alio
1242 693 1297 743 loco
1319 693 1483 752 inserendum.

24 766 25 779 ³
130 762 155 805 et
172 757 210 805 sic
228 758 367 808 concludit:
386 758 502 809 Petitioni
519 766 578 809 tuac
597 762 693 826 ιιιὶιιιι
710 764 863 812 satisfaciam
881 779 924 827 pro
942 765 1031 814 viribus
1059 773 1085 814 ιι
1110 764 1170 814 mihi
1194 780 1247 815 rem
1271 770 1369 830 matam
1386 765 1482 825 feceris,

129 828 149 875 ei
166 827 240 890 plura
256 830 366 892 petieris,
383 829 431 880 hac
450 832 515 881 euim
533 833 662 882 occasione
681 847 769 882 ausam
787 835 893 899 arripere
911 850 1017 898 possum,
1036 842 1065 885 ut
1083 842 1109 886 et
1127 837 1170 885 tibi
1189 836 1260 901 plura
1277 837 1389 886 scribam.

197 897 274 948 Diess
293 899 427 951 Schrelbeu
444 900 605 953 ttberschicie
630 903 670 953 ich
692 905 785 954 meires
812 906 1121 970 germanensem
1144 914 1252 973 agentern
1277 921 1307 956 ιιι
1326 906 1407 974 Preg,
1425 905 1481 957 Joh.

127 967 298 1028 leahrrderr,
326 971 347 1021 l.
365 971 401 1022 Π.
419 972 596 1023 Lateinisehen
614 973 735 1038 Cantaley
756 975 943 1042 Begistratoren
967 994 998 1027 ιι
1021 978 1103 1043 Prag,
1130 979 1235 1028 welcher
1259 978 1292 1026 Es
1320 977 1376 1028 dem
1400 977 1482 1028 Herm

129 1038 210 1101 Cani,
230 1042 251 1092 1.
270 1041 374 1097 Darthl.
394 1043 533 1110 Eraheraog
549 1045 702 1096 Ferdinaude
720 1046 790 1096 Rath
806 1063 832 1097 ιι.
850 1042 1049 1099 Hofsecretaiien
1073 1047 1221 1100 auecbicken
1244 1048 1340 1099 surdae
1361 1065 1386 1098 ι.
1405 1048 1483 1099 durch

128 1111 177 1161 dias
194 1112 257 1163 odet
274 1114 432 1180 dergleielaeu
450 1114 533 1166 Mittel
550 1115 618 1166 kann
637 1116 680 1167 der
696 1118 761 1167 Hsrr
777 1119 842 1181 yede
859 1119 935 1178 Post.
956 1134 1028 1171 vanu
1052 1120 1085 1170 Er
1106 1120 1173 1179 vill,
1199 1122 1247 1170 mir
1272 1110 1399 1171 schreibeu
1423 1135 1480 1170 aue·

128 1183 253 1305 Qec.
272 1200 347 1237 vana
364 1186 399 1237 Er
415 1187 490 1237 allatu
508 1189 549 1238 eia
567 1187 658 1252 (iopen
674 1190 781 1240 duriter
798 1204 833 1241 au
850 1192 969 1242 ermelten
985 1190 1009 1242 J.
1028 1191 1151 1243 llenhard
1162 1191 1257 1249 machi,
1274 1191 1326 1242 und
1337 1191 1404 1243 nach
1415 1190 1482 1260 Prag

171 1255 177 1266 “
230 1263 264 1306 et.

193 1324 298 1377 Damitt
314 1342 366 1379 vas
383 1329 439 1379 dem
457 1329 538 1380 Herm
556 1329 605 1380 heb
622 1331 674 1381 und
691 1332 839 1398 augenemb.

231 1398 329 1451 Datum
346 1398 481 1459 lldnchem
500 1402 549 1452 deu
567 1399 645 1452 steen
663 1402 719 1455 Oct
738 1401 788 1454 U
805 1401 847 1453 ii.

902 1474 968 1525 Deae
986 1474 1067 1526 Herm
1085 1475 1270 1541 dienstvilliger
1288 1530 1292 1539 ¹

796 1545 875 1597 Haece
892 1545 976 1612 scorp
993 1545 1116 1598 Hcrwcrt
1133 1563 1157 1598 ι.
1176 1546 1345 1615 Hodenborp.
1362 1545 1443 1615 llppr.

190 1628 343 1695 inamiptio:
360 1631 426 1682 Dem
453 1632 608 1684 Ειιιιιιιιιι
634 1633 707 1693 Hoclr
724 1634 775 1684 und
792 1634 976 1701 Woblgelerteu
993 1633 1115 1701 Magister
1139 1635 1223 1686 Johan
1238 1636 1341 1701 Kepler‚
1360 1637 1404 1689 der
1420 1637 1478 1688 ldbl.

133 1698 288 1754 intumo
305 1717 338 1753 ιιι
354 1702 515 1768 Stemmarhh
530 1703 718 1763 Mathematico,
736 1707 843 1756 meiuem
860 1707 960 1757 sordere
977 1707 1059 1763 beben
1076 1706 1156 1757 Herm
1173 1707 1224 1758 und
1241 1708 1347 1758 quud.

1322 1778 1407 1831 orara

140 1934 146 1946 .
175 1862 353 1947 'Kleplerus
370 1865 395 1914 iu
413 1866 570 1931 responsione
588 1861 624 1928 (d
644 1865 667 1915 d
687 1860 730 1912 2l.
749 1864 813 1916 Dec.
831 1861 878 1927 97)
906 1865 938 1916 de
965 1864 1068 1917 Lucano
1095 1866 1264 1933 questionem
1288 1869 1386 1934 propius
1414 1868 1478 1935 adit,

129 1946 158 1983 rec
174 1948 317 2000 rucrprenr:

211 2039 292 2105 Cum
311 2008 499 2126 accepissem
521 2042 626 2105 literas
649 2043 739 2117 Tuas,
765 2042 823 2104 Vir
845 2043 1015 2123 Magnifice,
1039 2044 1134 2108 Nonis
1148 2026 1325 2108 Decembris
1346 2046 1475 2123 circiter,

128 2138 155 2189 et
174 2131 469 2202 animadvertissem,
493 2139 527 2194 ut
549 2132 604 2194 tibi
627 2132 845 2207 satisfacerem,
870 2134 1002 2196 nonnihil
1024 2135 1096 2196 mihi
1120 2135 1231 2197 laboris
1254 2154 1323 2199 esse
1344 2136 1476 2198 subeun-

126 2220 206 2281 dum:
227 2220 293 2300 jam
318 2230 394 2297 turn,
419 2221 531 2284 omissa
553 2241 624 2283 cura
651 2221 788 2283 celeriter
810 2221 1023 2301 respondendi,
1056 2223 1140 2304 coepi
1163 2225 1234 2287 mihi
1258 2226 1350 2288 otium
1378 2224 1476 2306 dispi-

126 2325 200 2370 cere.
247 2307 364 2381 Quibus
388 2311 467 2373 enim
489 2310 735 2391 occupationibus
760 2311 911 2391 (quamvis
935 2319 966 2374 et
988 2313 1123 2393 privatus
1143 2322 1174 2375 et
1190 2314 1325 2394 juvenis)
1350 2314 1475 2378 distrin-

24 2478 26 2483 .
125 2414 193 2474 gar,
230 2417 289 2461 non
317 2408 365 2461 est
397 2419 506 2481 operae
535 2400 663 2480 pretium
692 2398 748 2460 tibi
775 2418 944 2475 recensere,
969 2401 1026 2463 nisi
1048 2411 1082 2465 ut
1111 2403 1141 2464 id
1168 2403 1343 2465 summatim
1366 2403 1474 2480 dicam,
1506 2430 1513 2453 ι
1583 2406 1588 2417 ’

125 2504 166 2546 me
190 2487 246 2549 vix
267 2488 427 2571 respirare.
474 2487 549 2552 Cum
578 2488 669 2568 igitur
699 2488 803 2549 dedita
826 2507 918 2567 opera
939 2509 1000 2552 rem
1028 2490 1058 2553 in
1086 2490 1177 2554 ferias
1200 2491 1371 2566 natalitias,
1400 2511 1476 2575 quae

122 2574 179 2652 jam
204 2576 266 2638 Dei
288 2577 475 2659 benignitate
500 2578 690 2658 attingimus,
714 2577 902 2658 rejecissem:
926 2585 960 2639 ut
982 2588 1084 2641 tamen
1107 2587 1192 2641 tanto
1221 2600 1319 2643 essem
1341 2582 1477 2664 paratior

125 2666 324 2742 postmodum,
363 2669 480 2730 interea
515 2667 673 2729 nonnullas
706 2667 795 2728 horas
824 2667 892 2728 aliis
925 2667 1076 2730 laboribus
1114 2669 1282 2732 mehercule
1315 2669 1475 2733 contemtis

125 2762 150 2813 ιι
170 2755 364 2833 poenitendis
387 2757 467 2818 furto
495 2756 580 2837 quasi
604 2762 724 2834 ereptas
748 2755 777 2816 in
802 2754 959 2816 lectionem
982 2757 1116 2828 Lucani,
1142 2755 1284 2821 (laeseris
1307 2769 1340 2821 et
1359 2760 1474 2823 utrius·

124 2858 174 2920 que
216 2841 370 2907 Ciceronis
408 2845 602 2927 epistolarum
631 2843 788 2905 voluminis
821 2844 955 2905 insumsi.
999 2845 1115 2909 Videor
1142 2858 1242 2909 autem
1271 2848 1343 2909 mihi
1371 2867 1408 2911 ex
1437 2867 1476 2910 ea

123 2928 250 2994 lectione
282 2933 313 2995 id
344 2953 411 2996 esse
444 2942 637 3007 consecutus,
661 2939 695 2994 ut
717 2932 830 3012 reliquo
855 2932 970 3004 labore,
999 2934 1057 2996 nisi
1080 2934 1205 3016 denique
1228 2936 1283 2997 abs
1308 2945 1339 2997 ιι
1358 2937 1473 3017 jussus,

123 3022 316 3100 supersedere
339 3022 469 3102 possim,
504 3031 538 3084 ut
564 3031 673 3103 postea
697 3021 858 3100 intelliges.

187 3126 249 3179 Jam
266 3135 435 3196 ιιιιιςιιιιιι
453 3130 486 3180 ad
503 3128 633 3191 Lucanum
652 3129 689 3178 sic
708 3127 847 3178 concludit:

204 3217 291 3281 Haec
313 3219 496 3299 intempesta
527 3220 641 3294 nocte,'
663 3238 728 3280 cnm
751 3218 823 3280 mihi
847 3217 950 3280 oblata
973 3223 1055 3279 esset
1082 3237 1101 3278 a
1124 3216 1299 3297 dignissimo
1320 3220 1361 3283 D.
1387 3217 1472 3284 Cau-

121 3306 242 3369 cellario
265 3310 413 3371 scribendi
436 3308 567 3378 occasio,
591 3328 666 3388 quoe
691 3315 868 3383 causaest,
898 3307 976 3389 qnod
998 3306 1094 3369 literis
1119 3308 1322 3373 excellentiss.
1368 3309 1407 3373 D.
1430 3310 1470 3375 D.

120 3394 258 3471 Ficlrleri,
283 3398 388 3477 agnati
411 3399 479 3471 mei,
504 3398 534 3460 in
556 3397 731 3479 praesentia
753 3415 810 3458 nou
834 3397 1011 3476 respondeo.
1052 3396 1155 3476 Magn.
1171 3396 1359 3479 Dignitatem
1371 3399 1473 3464 'Tuam

121 3484 250 3548 feliciter
272 3488 373 3549 valere
393 3488 495 3566 jubeo,
521 3496 553 3549 et
576 3489 654 3550 bona
676 3486 705 3549 ei
727 3486 796 3548 novi
819 3487 889 3549 anui
913 3485 1047 3567 auspicia
1069 3505 1185 3567 precor.

328 3577 433 3657 Magn.
454 3577 495 3639 D.
518 3575 553 3641 T.
971 3575 1113 3638 Studiose
1138 3572 1241 3638 Cliens

918 3664 966 3727 M.
990 3665 1119 3728 Jobann
1138 3662 1275 3746 Kepter,

759 3752 808 3814 Ill.
832 3750 952 3835 Styriae
975 3754 1205 3817 Prouincialium
1226 3754 1470 3821 Mathematicus.
1549 3796 1553 3803 -

187 3859 370 3910 Hervartus
387 3859 452 3909 haec
471 3858 597 3923 respoudit
615 3856 671 3922 (12.
689 3857 766 3909 Mart.
785 3855 849 3920 issl:
868 3894 875 3908 .
895 3894 903 3911 .
928 3858 1025 3911 Dessen
1044 3860 1179 3912 Schreibeu
1201 3876 1256 3910 rom
1279 3859 1321 3910 2&
1340 3862 1404 3914 Dec.
1422 3862 1471 3914 hab

117 3926 157 3977 ich
174 3929 222 3979 hac
240 3932 296 3995 lpea
314 3931 353 3981 die
373 3937 400 3981 et
417 3931 479 3980 hora
497 3930 652 3995 empfaugeu.
681 3930 751 3980 Thus
769 3931 834 3979 mich
853 3929 896 3980 der
913 3933 1094 3997 engerrandten
1113 3931 1317 3999 Miihenualtuug
1335 3933 1472 3985 heuudlich

118 3997 247 4052 ιιᾶιιιιι
271 4002 323 4052 und
347 4002 436 4068 begere
462 4002 554 4052 dieselb
581 4003 712 4052 rriedernm
738 4001 901 4051 danibarlieh
926 4019 959 4053 ιιι
976 4002 1135 4055 beschulden.
1172 4001 1272 4053 luterim
1290 4018 1369 4070 aequo
1388 4006 1470 4057 aalmo

117 4072 225 4137 accipiat
240 4074 411 4124 munusculum
429 4074 562 4131 minimum,
585 4073 688 4137 alicujus
705 4075 768 4123 forte
787 4073 842 4122 libri
859 4074 1031 4124 mathematici
1049 4075 1154 4140 pretium
1170 4074 1287 4125 futurum.

186 4143 230 4194 leh
247 4147 289 4195 bin
306 4147 332 4194 in
351 4147 446 4197 beeden
464 4145 566 4195 calculis
583 4146 646 4194 wohl
665 4146 806 4199 coutentirt.
827 4144 933 4203 beflnde,
952 4146 1010 4196 dass
1023 4146 1140 4202 diesdbe.
1152 4148 1239 4210 paucis
1251 4149 1360 4198 minutia
1372 4146 1469 4211 demtis,
1535 4150 1540 4157 '

116 4226 171 4265 cum
197 4231 253 4267 meo
281 4217 376 4268 calculo
394 4217 582 4273 concordieren.
607 4227 634 4266 et
651 4218 676 4266 id
694 4224 764 4274 erat,
789 4215 854 4281 quod
870 4218 1029 4281 quaerebam.
1063 4216 1140 4268 Danu
1159 4217 1199 4267 die
1217 4216 1345 4270 ιίιιιιιιιι
1363 4234 1469 4285 occupa·

115 4288 209 4337 honum
225 4290 312 4339 macht
328 4289 394 4338 mich
411 4292 437 4339 in
456 4288 551 4338 calculo
569 4288 688 4350 yeveilen
706 4290 778 4338 irren.
814 4286 860 4337 Ich
876 4288 927 4339 hab
945 4290 1025 4339 dieser
1042 4289 1097 4354 Tag
1115 4290 1171 4339 eine
1188 4290 1302 4341 Antvort
1323 4307 1369 4341 ron
1389 4294 1469 4342 ciuem

115 4355 292 4409 lfathematico
312 4361 342 4409 de
361 4360 412 4410 Tuo
431 4358 596 4411 Prodromo
621 4360 783 4425 emplangen,
801 4359 845 4408 sed
863 4375 1005 4426 responsum
1023 4360 1083 4411 illud
1101 4360 1194 4411 nullum
1211 4367 1258 4420 eat,
1295 4362 1347 4414 lme
1364 4363 1413 4413 will
1426 4363 1470 4415 der

114 4436 194 4479 motus
212 4430 303 4481 Terrae
322 4445 367 4496 gar
385 4434 422 4481 uit
441 4430 570 4495 eingehen.
1528 4488 1533 4497 ¹

182 4500 251 4552 llich
269 4504 358 4552 nimmt
374 4502 498 4559 Wunder,
524 4502 581 4551 dass
606 4503 645 4551 nit
670 4504 738 4551 einer
762 4516 793 4552 ex
810 4502 919 4567 professo
936 4503 1003 4555 hanc
1020 4507 1151 4557 materiam
1175 4508 1258 4557 nerim
1275 4505 1328 4555 und
1341 4504 1467 4567 deductu,

114 4583 170 4622 ιιιιι
195 4580 361 4639 ameum,
383 4575 528 4638 maesertim
553 4573 672 4635 physica,
695 4574 783 4637 quibus
808 4582 958 4641 coarguatur
980 4586 1063 4628 motus
1080 4578 1172 4629 Terrae
1197 4579 1371 4643 potiusquam
1388 4577 1468 4627 stellis

112 4640 166 4692 ixia
183 4645 325 4697 tribuendos
343 4659 411 4708 esse,
437 4661 487 4695 uon
506 4643 625 4693 deficiant
642 4645 820 4709 pulcherrima,
843 4649 989 4712 praesertim
1012 4663 1043 4701 ex
1064 4651 1160 4701 ratione
1183 4656 1325 4707 ventorum,
1342 4650 1418 4699 math
1437 4662 1469 4701 ea

112 4713 173 4765 freto
192 4719 322 4774 canentis,
340 4718 377 4765 uti
396 4723 422 4766 et
438 4717 517 4766 fluxus
536 4723 563 4765 ιι
580 4716 685 4765 refluxus
703 4719 786 4766 maris.

181 4787 307 4853 Philippus
324 4788 455 4854 Laurberg
471 4788 605 4847 meditatur
622 4802 699 4838 noras
716 4788 864 4851 hypotheses
882 4788 1053 4854 planetarum,
1080 4793 1107 4842 iu
1131 4792 1218 4857 quibus
1246 4796 1357 4843 centrum
1374 4789 1468 4842 Terrae

112 4854 185 4906 dmm
201 4861 288 4924 ponit,
312 4859 416 4924 reliquos
437 4866 523 4910 autem
544 4865 625 4908 motus
642 4860 712 4923 primi
730 4860 826 4909 mobilis
845 4861 1059 4912 circumferentiae
1082 4864 1192 4926 ejusdem
1209 4864 1303 4913 tribuit.
1340 4861 1391 4914 aar
1407 4860 1468 4913 nihil

24 4914 25 4921 ἵ
112 4927 192 4981 adnuo
207 4931 308 4995 prodiit.
344 4929 398 4982 Sed
412 4945 463 4983 uon
479 4931 551 4983 video
568 4944 686 4991 causam,
711 4946 755 4982 cur
779 4946 829 4983 nou
854 4938 882 4983 et
905 4938 989 4983 centro
1007 4933 1099 4986 Terrae
1116 4941 1198 4986 motus
1216 4934 1316 4987 aaaron
1331 4932 1423 4998 poerit.
1440 4937 1468 4982 ιι
