3814 5818
396 344 462 413 272
940 345 1065 413 ΑΜ·
1081 343 1205 409 Tim·

396 523 524 588 superne
546 502 781 584 praedictarum,
805 511 839 567 et
860 502 929 566 ideo
952 522 1012 566 non
1033 509 1162 582 possunt
1183 501 1293 565 abesae
1316 500 1454 581 amplius,
1483 500 1623 582 quoniam
1645 519 1753 564 curva

397 604 468 659 tura
491 592 629 657 absidum
659 591 838 654 nonhabet
864 591 906 654 ibi
933 592 1151 672 longitudinem
1172 591 1354 672 majorem.“
1399 588 1569 653 Obsoumm
1598 609 1667 652 esse
1690 589 1754 653 Pli-

396 684 479 747 nium
501 683 531 744 in
555 681 602 744 his
625 680 726 743 verbis
748 698 853 742 omnes
876 681 1024 754 latentur,
1054 677 1249 755 Collimitius,
1279 699 1318 742 ex
1340 679 1398 741 boe
1420 679 1578 759 Zieglerus
1605 680 1754 758 iuterpre-

397 771 544 835 tationem
566 788 656 831 unam
679 770 810 835 Memnt
831 776 865 831 et
887 769 975 831 simul
989 768 1129 850 rejiciunt
1151 778 1185 832 ut
1197 767 1433 849 impossibilem:
1458 767 1614 848 Zieglems
1629 768 1754 830 alteram

395 858 570 940 superaddit
592 857 776 941 Myoilloqus
799 858 986 939 suppeditat,
1010 876 1100 939 quam
1122 867 1216 938 negat
1238 859 1302 938 ipse
1326 876 1394 919 esse
1417 856 1622 920 Pliniauorum
1645 856 1753 919 serbo-

394 967 459 1012 rum
482 948 654 1028 genuinam.
704 944 767 1009 Sed
792 945 978 1029 (lopernious
1006 947 1203 1009 communiter
1225 946 1297 1009 mibi
1322 954 1354 1008 et
1375 946 1456 1009 Urso
1478 954 1618 1025 receptus
1646 945 1676 1007 in
1699 944 1755 1007 boc

394 1036 515 1117 negotio
536 1035 638 1111 testis,
662 1034 689 1096 is
713 1053 796 1115 ergo,
820 1035 997 1118 posthabito
1021 1053 1088 1115 cap.
1104 1035 1208 1111 vni,
1232 1035 1393 1097 emendato
1412 1053 1484 1096 uero
1499 1041 1653 1107 oontaxtu,
1675 1031 1755 1114 quod

394 1125 500 1188 crebro
523 1124 553 1187 iu
576 1124 633 1187 hoo
656 1132 780 1186 auctore
803 1124 1008 1187 necessarium
1031 1126 1171 1194 occurrit,
1196 1124 1290 1187 efficit
1312 1132 1346 1187 ut
1363 1124 1429 1204 jam
1447 1124 1478 1185 in
1496 1121 1595 1185 Plinio
1610 1121 1755 1203 Capellae

396 1232 500 1276 uocem
521 1212 677 1276 exaudias.
724 1210 777 1275 Sic
800 1232 906 1294 nempe
930 1213 1053 1293 scripsit
1076 1232 1114 1274 ex
1136 1220 1236 1275 menta
1261 1211 1421 1293 (lopemioi
1445 1212 1577 1275 Plinius:
1606 1228 1755 1287 ,‚conver·

394 1322 448 1366 sas
470 1301 586 1365 hebent
607 1310 750 1382 udaeque
774 1302 899 1365 absidas
924 1311 960 1364 ut
982 1301 1094 1365 circum
1117 1300 1221 1365 Solem
1243 1303 1336 1376 sitae;
1363 1309 1541 1382 tantumque
1570 1299 1608 1362 de
1636 1299 1756 1363 circulis

395 1410 499 1455 earum
520 1390 625 1452 subter
647 1398 697 1452 est
719 1399 864 1471 quantum
882 1391 1043 1471 supeme.“
1088 1391 1132 1454 Ut
1153 1409 1214 1452 uox
1237 1390 1361 1466 „infra“
1382 1391 1423 1452 sit
1437 1388 1617 1465 adulterina,
1641 1406 1755 1469 „prae-

394 1478 567 1543 dictarum“
590 1497 662 1541 uero
685 1479 873 1560 surreptitia,
919 1480 1019 1541 Movit
1033 1477 1241 1559 (loperuicum,
1265 1488 1301 1541 ut
1321 1479 1380 1542 hoc
1393 1478 1524 1542 Plinium
1548 1478 1662 1540 dixisse
1686 1495 1755 1539 cre·

395 1569 495 1642 deret,
527 1568 602 1630 illud
624 1566 824 1650 potissimum,
849 1569 929 1650 quod
950 1576 985 1630 et
1007 1568 1165 1630 Vitruvius
1189 1576 1261 1630 ante
1283 1567 1424 1637 Plinium,
1449 1576 1483 1629 et
1505 1565 1642 1648 Capella,
1665 1564 1757 1628 Plinii

394 1657 635 1737 metaphrastes,
664 1656 770 1718 eadem
794 1657 832 1719 de
855 1657 988 1738 planetis
1012 1657 1174 1737 dogmata,
1203 1657 1326 1719 easdem
1349 1656 1535 1731 tententiae,
1558 1655 1681 1718 eosdem
1705 1672 1756 1716 ar·

394 1765 492 1821 rores,
524 1745 633 1807 eadem
661 1764 753 1826 saepe
775 1746 870 1808 uerba
892 1764 960 1808 cum
981 1745 1198 1825 praecedentia
1225 1752 1289 1807 tum
1312 1745 1471 1827 sequentia
1492 1743 1555 1807 und
1576 1742 1755 1807 cumPlinio

393 1841 548 1914 usurpent,
572 1834 722 1913 posterior
740 1854 759 1895 a
781 1833 881 1914 priore
895 1842 1068 1896 mutuatus.
1114 1834 1149 1896 Iu
1173 1833 1229 1896 hoc
1249 1834 1324 1909 loco,
1350 1833 1400 1895 ubi
1418 1833 1457 1895 de
1473 1833 1602 1896 Veneris
1622 1840 1655 1895 et
1668 1833 1757 1895 Mer·

394 1922 468 1986 curii
490 1941 557 1984 cum
581 1920 652 1984 Sole
676 1922 898 2002 conspiratione
921 1922 1035 2002 agitur,
1066 1922 1109 1984 illi
1133 1922 1253 2003 quidem
1276 1923 1353 1985 hunc
1376 1941 1511 1998 sensum,
1547 1941 1636 2004 quem
1657 1921 1757 1984 Plinio

394 2009 580 2090 Copernicus
602 2009 750 2086 restitnit,
775 2010 956 2090 exprimunt,
1003 2008 1081 2073 Cum
1107 2010 1187 2073 enim
1210 2010 1308 2073 Plinio
1336 2010 1428 2073 fuerit
1449 2010 1529 2073 alte'r
1552 2010 1703 2090 magister
1726 2016 1757 2071 et

394 2105 662 2181 praemonstrator,
687 2099 766 2161 alter
788 2098 962 2179 discipulus,
985 2107 1111 2180 uterque
1134 2117 1189 2180 pro
1208 2100 1372 2180 interprete
1387 2099 1580 2162 obscuritatis
1594 2098 1757 2161 Pliuiauas

391 2189 459 2269 J‘ure
486 2186 622 2249 adhiberi
650 2186 746 2250 videri
773 2194 886 2267 potest.
934 2187 981 2250 Ac
1003 2188 1075 2250 mibi
1099 2206 1190 2261 sane,
1222 2188 1306 2264 dum,
1341 2188 1411 2269 quid
1434 2186 1550 2250 Plinius
1573 2205 1642 2267 cap.
1667 2186 1757 2249 Vlll.

398 2275 518 2350 dixerit,
543 2275 612 2357 quid
632 2276 697 2356 jam
721 2293 787 2357 cap.
812 2274 917 2339 XVII.
942 2276 1055 2339 dixisse
1080 2276 1260 2339 eredendum
1283 2277 1341 2352 sit,
1371 2276 1544 2351 considero,
1568 2276 1690 2338 videtur
1714 2276 1759 2337 uir

397 2365 449 2427 ille
472 2363 605 2426 rationes
629 2373 868 2427 astronomorum
892 2372 924 2426 et
947 2364 1080 2428 Vitruvii
1102 2365 1197 2427 verba
1218 2384 1277 2427 uon
1300 2365 1378 2428 satis
1400 2365 1583 2445 percepisse,
1607 2364 1663 2427 sed
1686 2364 1758 2427 dum

399 2452 511 2532 raptim
533 2453 677 2515 torrentis
701 2453 797 2515 instar
819 2472 922 2515 omnes
946 2460 1087 2516 auctores
1109 2453 1270 2534 percurrit,
1295 2454 1395 2516 omnia
1416 2454 1584 2529 convolvit,
1616 2453 1758 2516 ubertate

399 2541 544 2604 scientiae
566 2540 713 2616 tumidus,
746 2543 842 2605 multa
863 2542 1033 2606 semicruda
1061 2561 1117 2605 neo
1139 2543 1226 2624 plene
1250 2561 1351 2605 secum
1375 2543 1433 2622 ipsi
1460 2550 1606 2623 percepta
1628 2542 1757 2622 protere,

399 2629 586 2692 obscuritate
609 2631 768 2693 verborum
790 2650 824 2693 se
847 2631 934 2695 simul
958 2639 991 2694 et
1013 2631 1158 2695 lectorem
1181 2631 1344 2713 decipiens.
1390 2632 1457 2694 Hoc
1479 2630 1524 2694 illi
1552 2649 1625 2694 sane
1649 2631 1757 2694 crebro

399 2717 477 2787 aliis
501 2718 676 2795 usuvenit,
700 2719 751 2782 ubi
775 2720 954 2783 secretiores
976 2722 1016 2783 ab
1039 2740 1094 2783 usu
1118 2719 1293 2802 quotidiano
1316 2719 1493 2801 disciplinas
1511 2719 1644 2800 attingit
1688 2720 1756 2782 Ita·

398 2826 454 2889 que
477 2825 535 2869 non
559 2816 607 2870 est
630 2807 660 2871 iu
683 2808 740 2871 hoc
763 2818 886 2872 auctore
910 2810 1081 2882 absurdum,
1106 2809 1272 2872 credidisse
1296 2809 1373 2871 buno
1387 2809 1522 2872 ordinem
1545 2808 1754 2890 sphaerarum,

398 2896 447 2978 qui
470 2904 521 2958 ast
541 2914 610 2977 cap.
635 2896 737 2971 v111.,
761 2905 793 2960 et
815 2898 1007 2961 nibilominus
1030 2916 1098 2960 cum
1113 2897 1254 2961 Vitruvio
1277 2899 1411 2960 sensisse
1434 2917 1502 2978 cap.
1527 2896 1647 2974 xvss,
1674 2896 1754 2980 quod

397 2983 500 3049 Solem
523 2984 659 3048 ambiant
681 2986 788 3050 Venus
810 2982 1044 3050 et'Msrcurius.
1404 3050 1413 3059 ,

485 3071 550 3136 Sed
572 3074 729 3137 audiamus
753 3084 786 3138 et
807 3076 990 3139 Vitruvium.
1023 3076 1055 3138 Is
1078 3071 1140 3150 (De
1154 3074 1379 3149 Architectura,
1403 3074 1458 3137 lx
1486 3071 1531 3149 1.)
1555 3092 1622 3137 oum
1639 3081 1755 3136 motum

396 3163 533 3244 pomum,
557 3161 607 3243 qui
629 3163 757 3227 lixarum
779 3171 812 3226 et
833 3164 985 3246 signorum
1008 3163 1126 3227 zodiaci
1147 3171 1211 3240 est,
1236 3163 1423 3244 explicasset
1440 3163 1565 3244 jamque
1587 3163 1618 3225 in
1643 3180 1754 3243 genere

316 3298 322 3303 -
397 3252 534 3326 dixisset,
561 3251 709 3333 quomodo
732 3253 849 3327 „Luna
873 3253 966 3315 stella
988 3252 1139 3324 Mercurii,
1163 3252 1305 3327 Veneris,
1329 3252 1394 3332 ipse
1418 3249 1486 3328 Sol,
1510 3252 1642 3334 itemque
1663 3251 1751 3337 Mar·

397 3340 454 3416 tis,
483 3339 571 3402 Jovis
590 3347 623 3403 et
645 3338 768 3403 Saturni
792 3341 865 3412 (hoc
888 3341 967 3403 enirn
989 3340 1104 3404 usitato
1127 3341 1230 3403 ordine
1253 3341 1393 3422 planetas
1416 3348 1571 3416 recenset,
1604 3358 1663 3422 quo
1686 3338 1754 3403 Pli-

396 3429 477 3491 nium
508 3428 587 3491 iorte
619 3428 754 3510 decepit)
782 3429 964 3492 contrariam
994 3429 1063 3492 lixis
1094 3431 1175 3493 viam
1206 3431 1262 3494 sub
1293 3429 1409 3493 zodiaci
1432 3428 1528 3510 signis
1550 3429 1754 3511 peragrent“:

397 3516 517 3579 accedit
548 3517 586 3578 ad
617 3517 850 3597 explicationem
878 3517 1062 3598 singulomm
1090 3538 1125 3584 eo
1155 3519 1277 3593 ordine,
1308 3537 1366 3601 quo
1395 3528 1604 3600 proposuerat,
1651 3518 1756 3583 Prirno

303 3670 308 3677 ,
395 3606 501 3667 lunae
532 3610 633 3668 motus
663 3612 697 3667 et
727 3607 830 3686 spatia
858 3615 1014 3671 menstrua
1040 3608 1199 3685 describit,
1231 3609 1299 3671 dein
1333 3609 1370 3671 de
1394 3608 1524 3672 Veneris
1552 3616 1585 3671 et
1610 3608 1755 3675 Mercmii

396 3693 488 3756 stella
510 3682 554 3756 sic
577 3693 637 3757 ait·
662 3694 826 3771 „Mercurii
849 3704 951 3760 autem
973 3705 1007 3760 et
1029 3698 1159 3762 Veneris
1182 3697 1291 3761 stellae
1315 3697 1426 3761 circum
1445 3697 1526 3761 Solis
1549 3698 1680 3775 radios„
1691 3697 1754 3761 So·

396 3780 485 3844 lem
476 3801 573 3866 speum
597 3782 641 3845 uti
663 3792 798 3847 centrum
821 3785 979 3849 itineribus
1002 3797 1197 3863 coronantes,
1228 3805 1386 3867 regressus
1409 3794 1573 3850 retrorsum
1596 3794 1628 3849 at
1651 3794 1753 3851 ratar-

395 3871 535 3934 dationes
558 3872 704 3935 ιιιιίιιιιι.ι
748 3873 863 3937 Postea
886 3875 926 3937 ad
943 3876 1064 3954 Martis,
1087 3876 1185 3953 Jovis,
1210 3873 1334 3938 Saturni
1358 3875 1465 3938 stellas
1488 3876 1609 3947 accedit
1629 3893 1752 3940 earum·

395 3979 452 4042 que
475 3968 575 4023 motus
597 3962 740 4044 explicat.
787 3960 881 4029 Clara
903 3971 954 4028 est
970 3965 1073 4045 itaque
1096 3965 1253 4028 verbomm
1277 3964 1342 4045 ejus
1365 3964 1527 4027 sententia,

482 4049 622 4113 Platonis
645 4050 763 4132 quidem
786 4052 882 4134 ipsius
903 4053 999 4116 verba
1020 4054 1150 4116 obscura
1172 4061 1252 4129 suot,
1277 4053 1331 4115 sed
1355 4061 1455 4115 tameo
1477 4051 1590 4114 indicia
1603 4051 1754 4132 quaedam

393 4138 541 4219 praebent
563 4138 629 4219 ejus
651 4141 831 4217 sententiae,
858 4160 947 4223 quam
966 4142 1010 4205 illi
1033 4142 1139 4205 tribuit
1161 4142 1344 4205 Macrobius.
1391 4140 1505 4218 „Cum,
1529 4140 1641 4221 inquit,
1675 4141 1752 4204 elle·

393 4228 488 4291 cisset
509 4227 594 4291 Dens
617 4247 743 4310 corpora
765 4230 963 4310 singulorum,
988 4251 1025 4294 ea
1047 4231 1149 4311 posuit
1172 4231 1202 4293 in
1225 4231 1481 4304 circumlationes,
1510 4248 1586 4312 quas
1608 4230 1753 4311 cujusque

364 4311 534 4381 'circuitus
557 4317 738 4399 requireret,
772 4327 901 4399 septena
921 4320 952 4382 in
976 4328 1132 4401 septenas,
1166 4321 1284 4383 Lunam
1307 4320 1425 4402 quidem
1458 4320 1488 4381 in
1518 4318 1647 4400 primum
1670 4318 1754 4383 cirea

393 4406 532 4481 Terram,
565 4403 667 4469 Solem
695 4407 820 4470 veroin
844 4409 1008 4472 secundum
1030 4427 1122 4490 supra
1144 4408 1282 4485 Terram,
1312 4408 1483 4490 Vesperum
1504 4426 1577 4470 uero
1605 4416 1638 4471 et
1659 4425 1752 4490 quam

392 4494 543 4557 Mercurio
576 4513 693 4557 sacram
726 4495 829 4558 dicunt
858 4496 889 4559 in
912 4499 1007 4573 tales,
1037 4496 1086 4579 qui
1110 4498 1277 4562 celeritatis
1301 4498 1420 4579 quidem
1441 4496 1558 4561 ratione
1582 4514 1750 4579 mquecur-

394 4591 510 4645 rentem
533 4580 598 4645 Soli
621 4584 723 4646 orbem
748 4595 834 4660 sunt,
858 4586 1040 4649 contrariam
1064 4605 1135 4649 vero
1149 4588 1177 4650 ei
1190 4587 1251 4649 vim
1266 4586 1366 4650 sortiti
1385 4595 1470 4662 sunt3
1494 4604 1586 4668 quare
1609 4594 1642 4649 et
1664 4604 1750 4649 oom-

392 4669 580 4750 prahsndunt
611 4679 643 4733 et
669 4673 961 4752 comprehenduntur
992 4696 1012 4737 a
1035 4694 1069 4737 sa
1098 4684 1202 4740 mutuo
1239 4684 1272 4739 et
1303 4675 1467 4739 secundum
1499 4674 1606 4738 eedem
1632 4672 1749 4748 Solem,

392 4757 575 4822 Mercurium
597 4766 629 4820 et
650 4760 836 4823 Venersmf‘

480 4846 614 4913 Pronum
636 4847 773 4911 videmus
797 4851 963 4916 celeritatis
989 4850 1108 4916 ratione
1134 4853 1262 4917 eundem
1285 4853 1376 4917 tribui
1403 4850 1500 4916 tribus
1528 4850 1612 4915 bisse
1634 4848 1750 4930 orbem,
