3838 5824
393 367 484 445 *ἲῖκ
992 370 1155 424 m

393 530 585 596 Benatblram
606 530 686 594 veni.
734 529 783 594 Ab
808 550 843 594 eo
867 530 915 593 die
939 550 1032 613 usque
1056 530 1095 594 ad
1119 530 1186 596 Gal.
1210 531 1297 607 Jun.,
1327 532 1355 595 si
1378 528 1398 594 ³
1421 529 1543 594 circiter
1565 529 1753 612 septimanas

396 621 520 696 eximas,
544 620 684 682 continue
707 638 774 682 cum
797 619 940 701 Tychone
963 622 1052 702 inque
1075 621 1213 683 convictu
1236 621 1301 703 eJ'ns
1323 620 1396 682 vixi

482 708 672 771 invitaverat
693 708 720 771 is
743 728 790 770 me
814 710 912 771 altera
932 710 999 772 vice
1031 710 1084 783 (de
1106 709 1204 790 prima
1227 709 1306 770 eninr
1335 708 1515 770 invitatione
1537 705 1592 768 tibi
1615 710 1753 779 constat)

394 815 538 878 perquam
560 797 697 859 humanis
730 797 770 858 ad
793 816 840 858 me
871 798 992 879 scriptis
1020 799 1127 860 literis.
1173 796 1309 859 Sedeas
1337 815 1393 877 ego
1417 796 1522 858 literas
1548 795 1577 857 d.
1609 793 1656 859 10.
1679 795 1750 858 Jun.

395 887 515 950 demum
537 885 677 948 Viennae
699 885 731 948 in
758 886 857 947 reditu
892 888 1004 967 accepi.
1056 884 1108 949 Sic
1136 905 1206 966 ergo
1238 904 1296 947 non
1324 894 1442 948 tantum
1473 891 1579 964 gratus
1613 884 1668 946 sed
1697 903 1753 946 ιιι-

393 981 535 1056 pactatus
565 973 659 1036 etiam
690 974 749 1037 fuit
778 974 926 1037 adventus
950 993 1045 1037 meus.
1092 973 1177 1046 Quae
1202 973 1340 1049 viderim,
1366 993 1442 1054 quae
1466 972 1635 1048 didicerim,
1665 972 1752 1034 nimis

281 1058 287 1065 “
391 1064 457 1144 J'am
487 1062 610 1143 longum
639 1072 722 1125 esset
753 1081 919 1125 recensere.
980 1062 1137 1126 Summam
1171 1064 1353 1126 narrationis
1387 1063 1452 1143 ipsc
1488 1062 1561 1124 mihi
1594 1061 1754 1124 delineasti

393 1151 561 1214 verissimis
584 1150 705 1213 verbis:
729 1170 788 1214 non
811 1158 925 1221 metum
947 1170 1025 1226 esse,
1059 1160 1093 1215 ut
1124 1171 1172 1214 me
1201 1152 1357 1233 poeniteat
1385 1151 1512 1213 itineris.
1553 1151 1634 1213 Nam
1658 1157 1690 1211 et
1717 1150 1754 1212 de

396 1239 543 1303 sumtibus
567 1258 708 1302 accessus
732 1239 791 1305 mei
814 1248 935 1303 cautum
958 1260 1027 1301 csse
1049 1241 1121 1304 mihi
1144 1241 1249 1315 voluit,
1274 1242 1302 1303 si
1323 1239 1502 1314 voluissem,
1526 1248 1559 1301 et
1581 1239 1619 1300 de
1641 1238 1754 1301 viatico

395 1329 435 1392 ad
457 1327 586 1391 reditum
610 1329 781 1390 necessario
806 1327 956 1391 Viennam
979 1348 1072 1409 usque
1095 1329 1260 1410 prospexit.
1312 1328 1435 1391 Summa
1463 1346 1534 1390 vero
1562 1327 1755 1389 tractationis

394 1424 517 1480 normae
542 1417 600 1479 fuit
620 1417 706 1519 baec,
729 1425 764 1478 ut
785 1427 962 1496 procuraret
984 1417 1056 1479 mihi
1080 1419 1181 1501 'lycho
1206 1418 1311 1481 literas
1335 1415 1488 1491 Caesaris,
1513 1416 1620 1496 quibus
1644 1425 1676 1477 et
1697 1434 1754 1476 vo-

394 1505 533 1568 cererin
556 1490 738 1567 biennium
729 1524 759 1567 ιιι
782 1505 977 1581 Bohemiam,
1002 1506 1190 1569 maturandis
1205 1505 1356 1588 Tychonis
1380 1504 1571 1579 editionibus,
1593 1513 1625 1566 et
1641 1504 1754 1567 nihilo·

394 1592 492 1657 minus
522 1593 665 1656 salariam
696 1612 794 1656 meum
821 1593 850 1656 in
879 1593 984 1677 Styria
1011 1595 1146 1657 obtinere
1174 1613 1315 1676 possem:
1346 1593 1556 1675 suppeditaret
1583 1600 1616 1656 et
1639 1601 1755 1656 sumtus

393 1682 495 1745 itineri
518 1683 705 1745 necessarios
729 1684 768 1744 ad
792 1683 937 1745 familiam
965 1684 1228 1746 transferendam:
1257 1684 1365 1765 qulbus
1389 1703 1408 1744 a
1437 1701 1484 1743 me
1513 1682 1677 1763 propositis
1706 1682 1755 1742 in-

396 1771 623 1851 superadjecit
648 1780 821 1835 curaturum
848 1791 896 1848 se,
921 1781 956 1834 ut
977 1771 1131 1835 minimum
1157 1770 1219 1837 100
1243 1771 1366 1853 insuper
1388 1770 1522 1835 thaleros
1551 1770 1581 1832 in
1608 1770 1757 1837 Bohemia

396 1878 553 1940 acorpram.
854 1904 862 1915 .
1767 1915 1772 1922 .

483 1948 560 2010 Huic
592 1953 695 2010 nostro
732 1955 823 2027 pacto
857 1966 915 2010 non
939 1947 1044 2011 dubito
1077 1949 1147 2028 quin
1176 1949 1292 2011 faveas.
1325 1948 1454 2010 ¹Verum
1483 1965 1553 2010 ecce
1576 1948 1632 2011 tibi
1655 1948 1755 2029 imps-

396 2036 561 2099 dimentum
586 2044 617 2099 et
640 2035 749 2096 faciem
772 2054 870 2098 rerum
903 2054 1036 2100 mearum
1065 2039 1154 2117 plane
1182 2037 1374 2101 contrariam.
1420 2036 1518 2099 Domo
1546 2036 1658 2103 diecesi
1690 2055 1756 2100 cum

394 2124 483 2187 venia
505 2124 702 2205 magistratus
727 2125 805 2201 roei;
829 2125 957 2188 reditum
981 2143 1078 2188 meum
1096 2126 1147 2188 nbi
1165 2126 1227 2189 illis
1241 2124 1418 2203 significavi,
1436 2124 1621 2204 diligentiam
1636 2126 1756 2208 quidem

395 2213 623 2287 collaudarent,
649 2220 781 2275 ceterum
804 2214 988 2276 verbotenus
1010 2221 1190 2286 suaserunt,
1223 2233 1255 2274 ιι
1282 2214 1350 2294 ipsa
1373 2212 1429 2275 sub
1452 2213 1635 2281 dimissionis
1658 2215 1755 2279 inter-

396 2302 559 2364 minatione
582 2301 784 2379 imperarunt,
820 2309 855 2364 ut
876 2300 1011 2381 reposita
1038 2302 1068 2363 in
1091 2320 1238 2381 praesens
1267 2302 1453 2364 astronomia
1481 2302 1660 2367 medicinam
1686 2322 1770 2385 am·¹
1826 2377 1831 2388 Ι

396 2389 564 2470 plecterer,
590 2389 779 2470 animumque
804 2412 823 2453 a
850 2390 1107 2471 speculationibus
1139 2391 1272 2470 pulchris
1300 2391 1398 2470 magis
1440 2409 1527 2471 quam
1559 2393 1614 2455 boc
1643 2391 1756 2454 difficili

395 2488 531 2559 tempore
553 2477 739 2542 salutaribus
770 2480 810 2541 ad
833 2497 935 2541 curam
957 2479 1099 2541 utilitatis
1122 2479 1261 2560 publicae
1286 2479 1482 2541 traducerem.

484 2566 527 2629 Ει
549 2567 620 2648 quia
643 2567 847 2647 experimento
869 2567 1077 2648 probaveram,
1102 2586 1193 2648 possa
1218 2587 1266 2631 me
1291 2567 1379 2630 domo
1403 2587 1470 2631 mea
1494 2585 1607 2642 carere,
1632 2565 1754 2631 dmen-

394 2655 478 2719 sibus
500 2655 610 2719 itinere
632 2656 797 2719 Bohemioo
824 2657 1008 2730 consumtis,
1047 2664 1225 2726 suaserunt,
1264 2665 1298 2719 ut
1329 2657 1385 2718 sub
1413 2658 1548 2721 autumni
1576 2665 1695 2736 tempus
1726 2657 1755 2719 in

394 2743 548 2806 Italiam
539 2762 622 2818 nem,
648 2744 814 2808 medicinae
838 2764 941 2808 eausa.
988 2743 1023 2808 Si
1047 2763 1155 2807 causas
1179 2765 1283 2807 omnes
1311 2745 1463 2826 explicare
1490 2745 1619 2818 vellem,
1648 2745 1755 2825 quibus

393 2833 460 2914 jam
482 2832 513 2894 in
535 2831 713 2895 Bohemism
736 2836 846 2915 rapior,
866 2833 933 2914 jam
957 2834 986 2896 in
1010 2834 1142 2908 Italiam,
1165 2841 1283 2914 tempus
1307 2842 1445 2897 tererem.
1490 2831 1615 2894 Summa
1638 2832 1753 2894 delibe-

361 2916 364 2920 ’
393 2920 520 2984 rationis
543 2939 629 2983 meae
653 2922 729 2985 baec
752 2933 819 2987 est:
852 2923 938 3004 cupio
971 2923 1069 2986 adhuc
1099 2942 1195 2986 annos
1217 2924 1334 3003 aliquot
1355 2922 1385 2983 in
1409 2921 1619 2985 astronomicis
1643 2940 1754 2984 consu·

394 3028 486 3085 mere,
509 3018 634 3093 propter
657 3009 829 3092 Tycbonem
853 3011 1035 3075 ditissimum
1058 3029 1156 3073 rerum
1178 3012 1284 3074 harum
1307 3029 1536 3091 possessorem:
1559 3010 1624 3072 eive
1651 3011 1682 3072 id
1702 3012 1756 3073 liat

395 3098 425 3160 in
447 3098 611 3170 Bolremia,
635 3098 709 3176 sive,
735 3102 814 3181 quod
837 3101 954 3175 malim,
978 3100 1028 3162 bic
1052 3099 1182 3163 Graetli.
1230 3102 1353 3165 Interea
1374 3098 1534 3181 paullatim
1556 3098 1587 3160 in
1610 3099 1758 3163 medicina

392 3188 602 3267 progrederer.
649 3188 700 3250 Ad
733 3189 789 3251 lroc
818 3189 991 3251 institutum
1018 3207 1093 3268 opus
1116 3189 1189 3251 mihi
1217 3195 1266 3253 est
1293 3188 1516 3251 continuatione
1540 3188 1652 3262 salarii,
1678 3189 1755 3270 quod

394 3274 434 3336 ab
457 3273 621 3337 Ordinibus
644 3276 733 3355 liujus
755 3276 926 3357 provinciae
950 3275 1056 3350 habeo,
1077 3294 1153 3354 opus
1176 3286 1208 3339 et
1222 3277 1386 3340 securitate
1404 3277 1433 3338 in
1453 3276 1606 3356 religionis
1622 3278 1753 3356 negotio,

394 3378 484 3443 quam
505 3371 665 3442 praestare
686 3363 826 3444 princeps
848 3370 967 3444 potest,
996 3364 1076 3444 quali
1100 3365 1192 3429 etiam
1215 3365 1319 3448 Τγιιιο
1342 3365 1397 3427 sub
1421 3363 1556 3427 (laesere
1579 3365 1688 3427 buitur
1710 3365 1755 3437 (in

396 3470 497 3532 marg:
521 3452 659 3532 utrinque
683 3472 730 3514 me
750 3460 837 3515 extra
860 3461 973 3514 metum
995 3471 1064 3514 esse
1087 3456 1234 3533 oportet).

482 3537 513 3601 A
535 3546 567 3600 te
590 3557 672 3615 vero,
696 3541 740 3604 M.
765 3540 836 3615 Vir,
861 3541 917 3602 hcc
939 3546 1031 3620 peto,
1053 3542 1181 3623 primum
1203 3552 1238 3606 ut
1259 3542 1414 3606 consultor
1436 3541 1508 3604 mihi
1532 3542 1663 3621 optimus
1687 3560 1755 3603 essa

393 3626 485 3701 velis,
510 3626 631 3701 deinde,
656 3629 721 3689 sive
745 3628 840 3701 aliud,
865 3628 930 3691 sive
953 3629 1026 3702 hoc,
1049 3632 1128 3711 quod
1152 3650 1208 3712 ego
1232 3632 1330 3712 elegi,
1353 3630 1500 3706 suaseris,
1535 3630 1579 3693 uti
1602 3631 1757 3693 medicat

393 3714 508 3777 indices
533 3724 565 3777 et
587 3716 816 3793 subministres,
841 3736 965 3800 quornm
988 3718 1116 3783 alterum
1138 3720 1230 3800 probe
1254 3721 1349 3795 nesti,
1375 3720 1502 3782 alterum
1524 3720 1621 3799 polles
1645 3719 1754 3783 illustri

393 3804 461 3867 loco
483 3805 678 3881 constitutus,
701 3805 732 3867 in
756 3806 814 3868 hac
837 3807 1014 3887 praesertim
1037 3808 1279 3879 Monachiensis‚
1303 3808 1486 3871 Graezensis
1520 3818 1551 3870 et
1573 3803 1754 3871 Bohemicse

394 3893 482 3956 aulae
506 3900 611 3955 mutua
633 3896 816 3958 connexione
840 3902 873 3957 et
894 3896 1121 3975 praestantium
1137 3900 1301 3962 autoritate
1325 3896 1454 3959 virorum
1478 3897 1597 3960 notitia

483 3978 626 4056 Quaeris,
651 3982 694 4057 si,
720 3984 796 4090 quod
826 3984 876 4046 lric
908 3985 1005 4047 habeo
1028 3987 1185 4061 salarium,
1219 4008 1285 4050 curn
1308 4003 1452 4049 caesareo
1481 3986 1582 4047 forsan
1611 3985 1754 4066 ampliore

395 4077 649 4146 commutaretur,
682 4071 732 4153 qui
763 4073 793 4134 id
826 4073 898 4136 mibi
930 4074 972 4135 sit
1005 4082 1162 4154 acceptum
1191 4075 1345 4139 futurum?
1389 4072 1523 4137 Primum
1550 4093 1710 4154 separarer
1736 4094 1756 4135 a

399 4156 515 4241 Styria,
541 4160 588 4223 cui
612 4178 678 4223 sum
702 4162 845 4224 astrictus
868 4162 970 4225 multis
994 4163 1273 4227 necessitudinibus
1299 4164 1333 4225 ld
1356 4162 1538 4225 vinculum
1530 4184 1560 4226 ιιι
1583 4181 1675 4225 uxore
1689 4182 1759 4241 mea

395 4247 521 4352 ejusque
553 4248 640 4311 bonis
674 4249 840 4330 stringitur.
887 4251 1004 4314 Deinde
1037 4271 1084 4314 me
1117 4253 1247 4333 vestigia
1277 4260 1400 4316 terrent.
1447 4251 1568 4333 Tycho,
1602 4253 1649 4315 vir
1678 4249 1756 4315 tanti

395 4336 534 4410 nominis,
560 4345 647 4399 tanta
670 4337 814 4401 Caesaris
837 4340 947 4419 gratia,
974 4360 1071 4402 annuo
1095 4359 1150 4403 suo
1173 4341 1324 4423 stipendio
1347 4340 1559 4403 maximarum
1578 4340 1755 4403 difficultate

394 4424 446 4487 vix
469 4426 603 4504 potitur,
627 4442 663 4488 ao
687 4446 760 4488 sane
784 4428 906 4502 nescio,
930 4448 967 4490 an
991 4430 1106 4508 potitus
1130 4430 1190 4493 sit:
1224 4449 1300 4511 qnae
1331 4449 1424 4490 causa
1452 4429 1666 4501 meditationes
1690 4428 1754 4508 ejus

394 4512 589 4576 vehementer
611 4515 723 4577 turbat.
772 4514 853 4587 Quid
881 4535 953 4596 ergo
984 4518 1021 4578 de
1044 4536 1091 4579 me
1116 4518 1245 4581 futurum
1273 4518 1380 4579 esset?
1425 4519 1474 4581 An
1499 4537 1566 4580 non.
1582 4538 1629 4579 me
1653 4537 1754 4579 meos-

395 4620 452 4683 que
476 4602 506 4663 in
530 4611 682 4665 extremas
706 4604 862 4685 angustias
887 4607 952 4666 loco
975 4606 1132 4685 peregrino
1156 4607 1365 4687 conjicerent?
1401 4606 1486 4668 Haec
1509 4626 1603 4669 causa
1625 4614 1682 4680 est,
1703 4624 1755 4668 eur

395 4696 449 4752 aut
471 4690 613 4753 salarium
636 4691 805 4775 Styriacnm
831 4694 1052 4775 quibuscunque
1085 4697 1207 4758 tandem
1241 4694 1336 4756 modis
1370 4696 1608 4771 defendendum,
1633 4703 1703 4768 eut,
1729 4694 1754 4755 si

396 4796 455 4861 qua
477 4780 647 4842 necessitas
670 4789 796 4858 urgeat,
828 4776 945 4862 longius
976 4783 1072 4844 adhuc
1096 4783 1124 4845 in
1151 4783 1343 4863 Germaniam
1373 4783 1585 4845 discedendum
1609 4790 1753 4844 statuam.

484 4866 530 4934 De
557 4867 723 4933 Werueri
747 4870 1008 4937 observationibus
1031 4872 1094 4933 fieri
1117 4880 1235 4959 potest,
1265 4882 1297 4935 ot
1322 4892 1368 4939 me
1394 4872 1484 4937 fallat
1506 4873 1662 4947 memoria,
1688 4890 1755 4935 cnm
