3872 5836
414 371 480 437 372
836 370 936 419 Literna
953 370 1056 433 Kspleri
1074 369 1224 434 aliorumque
1243 373 1345 417 mutnus

414 542 575 614 portunum
609 529 666 609 ipsi
700 529 759 590 fuit
792 527 829 588 de
852 528 953 590 rnundi
981 528 1146 609 archetypo
1171 526 1323 606 cogitare,
1357 525 1406 605 qui
1429 533 1477 588 est
1500 525 1530 586 in
1554 519 1721 604 geometria
1744 526 1778 582 et

414 620 590 683 nominatim
615 620 643 679 in
659 616 795 691 Euclide,
820 617 999 696 philosopho
1023 625 1070 679 ter
1085 616 1225 677 maximo.
1263 614 1358 676 Nobis
1378 622 1509 689 constat,
1534 618 1669 674 creatum
1683 627 1774 671 mun·

347 704 358 724 '
414 711 483 773 dnm
507 716 540 770 et
558 715 730 786 qnantum
755 705 888 781 factum,
912 705 1115 786 geometricae
1130 705 1242 785 figurae
1267 704 1352 786 (hqe.
1378 699 1679 785 quantitativae)
1703 706 1776 759 sunt

413 799 497 860 entia
529 795 666 858 rationis.
713 794 806 856 Ratio
839 803 972 857 aeterua.
1018 794 1101 874 Ergo
1136 794 1248 874 figurae
1281 793 1483 872 geometricae
1516 798 1587 852 sunt
1619 796 1774 859 aeternae,

413 905 522 967 nempe
547 885 585 947 ab
609 892 733 946 aeterno
757 902 859 945 verum
882 892 949 945 erat
973 883 1001 943 in
1026 890 1125 944 mente
1148 882 1222 956 Dei,
1253 882 1358 943 lateris
1388 879 1568 962 tetragonici
1594 876 1775 957 quadratum

309 1016 313 1023 ·
412 996 439 1038 e.
456 994 499 1057 gr.
521 993 588 1036 esse
612 972 765 1034 dimidium
789 972 826 1033 de
842 972 989 1051 quadrato
1005 972 1153 1033 diametri.
1196 971 1279 1050 Ergo
1302 979 1439 1050 quanta
1461 977 1533 1032 sunt
1546 967 1648 1030 mundi
1662 963 1773 1027 archs·

411 1074 514 1146 typus.
562 1062 596 1125 Si
620 1063 703 1122 Deus
727 1060 943 1140 dyenpsapnoer
972 1061 1051 1122 inter
1078 1061 1253 1134 creandum,
1289 1067 1320 1120 et
1343 1060 1489 1122 animales
1515 1057 1678 1119 facultates
1703 1059 1776 1115 sunt

413 1151 598 1233 exemplaria
611 1150 685 1224 Dei;
710 1150 872 1212 secundum
897 1149 986 1211 illud:
1012 1149 1230 1224 „Praesentem
1250 1146 1344 1210 refert
1364 1148 1518 1228 quaelihet
1531 1145 1626 1208 herba
1639 1141 1774 1216 Deum,“

411 1262 483 1323 ergo
516 1250 548 1302 et
580 1239 726 1302 animales
759 1238 922 1300 facultates
950 1260 1167 1316 yompespooor,
1201 1236 1271 1298 dum
1306 1237 1338 1299 id
1360 1255 1435 1316 opns
1458 1237 1653 1308 continuant,
1688 1230 1773 1309 cujus
1856 1286 1866 1303 ,

412 1331 511 1411 operis
544 1329 657 1390 creatio
692 1325 764 1388 fecit
795 1326 920 1390 initium.
966 1326 1030 1389 Sed
1053 1329 1129 1388 satis
1162 1328 1198 1387 de
1223 1326 1269 1387 his
1293 1325 1323 1386 in
1346 1326 1560 1405 disputatione.
1607 1320 1774 1384 Confirmat

412 1429 514 1482 autem
537 1437 600 1479 rem
624 1416 778 1477 musica.
807 1415 918 1477 'Dicat
940 1415 1012 1477 mihi
1036 1416 1102 1496 quis
1118 1434 1241 1477 causam
1257 1414 1347 1476 aliam
1371 1424 1545 1488 concentus,
1570 1431 1623 1474 cur
1638 1416 1772 1472 &auom

413 1509 553 1581 delectet,
579 1506 613 1567 oi
629 1501 702 1567 imo
726 1504 860 1566 offendat
882 1524 981 1578 aures,
1006 1522 1095 1584 quam
1120 1504 1197 1566 hanc
1220 1503 1328 1583 ipsam,
1353 1522 1443 1583 quam
1463 1522 1519 1583 ego
1534 1502 1611 1574 dico,
1636 1515 1770 1560 commu-

411 1616 480 1658 nem
502 1596 634 1659 musieae
659 1602 691 1654 et
714 1594 899 1672 aspectibus.
946 1593 1008 1656 Sed
1032 1593 1201 1674 supplenda
1223 1591 1271 1655 hic
1296 1592 1428 1654 definitio
1447 1593 1598 1655 rationum
1617 1585 1772 1651 harmoni·

411 1704 514 1747 carum
537 1704 574 1746 ex
598 1682 797 1758 harmonicis,
830 1690 863 1744 ut
892 1682 1018 1756 rideas,
1053 1702 1120 1743 esse
1144 1689 1262 1743 tantum
1286 1690 1364 1744 octo.
1411 1680 1504 1743 Ratio
1528 1677 1701 1742 harmonica
1724 1681 1773 1735 est

410 1775 487 1838 ratio
515 1774 669 1853 perfecta,
702 1771 800 1833 solida
832 1779 863 1833 et
889 1791 969 1833 nexa
996 1792 1014 1832 a
1041 1771 1159 1833 ratione
1189 1770 1394 1851 aequalitatis.
1441 1769 1583 1832 Perfecta
1614 1765 1695 1828 ratio
1720 1769 1770 1824 est

410 1866 489 1927 inter
511 1861 656 1924 terminos
679 1861 841 1941 perfectos.
889 1860 1020 1921 Termini
1043 1859 1170 1939 perfecti
1195 1868 1266 1921 snut
1286 1859 1398 1921 numeri
1413 1859 1572 1939 figurarum
1587 1852 1771 1935 regularium

409 1950 702 2023 demonstrabilinm,
737 1949 766 2010 h.
792 1967 818 2011 e.
848 1967 973 2027 quarum
1001 1948 1098 2011 latera
1129 1949 1178 2010 vel
1201 1970 1276 2011 aare
1299 1969 1391 2026 μηκας
1424 1949 1472 2009 vel
1495 1969 1571 2011 κατα
1593 1947 1706 2013 alatos
1724 1962 1770 2002 και

412 2059 646 2118 τιτραγωνισμον
669 2040 717 2110 (et
739 2037 795 2098 hoc
818 2038 868 2097 vel
892 2032 1003 2110 ἁπλως,
1026 2038 1074 2099 vel
1097 2041 1273 2116 apooueoa,
1297 2038 1345 2098 vel
1368 2035 1527 2116 ἀφαιρεσιι
1550 2033 1676 2097 alterins
1692 2049 1770 2111 qna-

412 2128 493 2191 drati
515 2127 580 2188 noti
603 2149 651 2188 και
669 2120 770 2205 ῥητου,
795 2133 826 2186 et
849 2125 1047 2205 completione
1071 2126 1210 2203 figurae),
1235 2135 1306 2187 sunt
1328 2125 1546 2203 comparabilia
1569 2142 1635 2186 cum
1651 2120 1768 2182 diame-

412 2226 459 2280 tro
491 2215 603 2278 circuli.
656 2215 739 2285 (Noto
757 2222 860 2286 Kspleri
877 2223 904 2272 io
922 2226 1051 2289 margine:
1084 2226 1157 2281 Huic
1182 2225 1409 2296 contemplationi
1434 2225 1605 2279 diversorum
1632 2221 1770 2293 graduum

411 2312 623 2384 comparationis
638 2313 757 2368 laterum
770 2330 830 2367 oum
840 2314 973 2368 diametro
988 2315 1081 2369 circuli
1091 2313 1270 2384 peculiariter
1279 2317 1429 2385 deputatus
1440 2313 1564 2369 estliber
1573 2311 1609 2366 X.
1620 2300 1768 2375 Euclidis.)

411 2394 491 2456 Nam
515 2394 700 2471 comparatio
724 2401 772 2454 est
794 2394 986 2468 mensuratis,
1011 2412 1183 2456 mensurare
1208 2405 1256 2455 est
1277 2394 1373 2468 scire3
1398 2393 1504 2455 infiniti
1524 2390 1607 2451 nulla
1627 2404 1771 2450 mensura

410 2484 460 2543 vel
484 2481 621 2543 scientia.
669 2480 849 2560 Septanguli
872 2482 965 2554 latus,
990 2492 1024 2544 ut
1048 2491 1079 2545 et
1101 2483 1277 2562 nonanguli,
1304 2479 1523 2562 undecanguli,
1548 2473 1767 2625 tredecanqnli,

412 2570 530 2648 fugiunt
552 2587 656 2632 omnes
680 2569 891 2650 aequationss,
924 2571 995 2652 quia
1017 2572 1150 2650 ipsorum
1178 2572 1328 2633 certitudo
1352 2570 1548 2650 longitudinis
1571 2567 1700 2629 consistr
1738 2561 1770 2623 in

410 2658 568 2734 infinitate,
593 2677 669 2738 qnae
692 2660 867 2731 mensurari,
893 2659 972 2735 sciri,
995 2660 1146 2739 permeari
1170 2679 1229 2721 nou
1252 2668 1364 2739 potest,
1389 2678 1425 2721 eo
1448 2660 1515 2741 ipso
1538 2677 1575 2719 ne
1599 2653 1771 2734 implicetur

411 2747 620 2810 contradictio.
666 2748 714 2809 Ex
738 2749 794 2810 hac
819 2747 933 2827 origine
958 2750 1173 2811 consistentiae
1205 2749 1234 2810 in
1258 2748 1404 2811 infinitate
1432 2748 1568 2829 sequitur
1589 2744 1619 2806 in
1643 2759 1769 2824 geome-

409 2837 488 2899 trica
511 2858 769 2913 σωματοποιησιι,
802 2839 880 2917 quod
909 2856 1003 2918 neque
1027 2845 1150 2913 coeant,
1184 2856 1279 2919 neque
1307 2837 1385 2899 inter
1417 2857 1451 2899 se
1483 2853 1579 2917 neque
1611 2851 1678 2895 cum
1701 2829 1770 2893 aliis

409 2926 600 3003 coeuntibus,
632 2944 727 3007 neque
752 2927 790 2988 ad
814 2928 1008 2989 sternendam
1029 2927 1188 3008 planitiem
1212 2944 1306 3006 neque
1330 2926 1370 2987 ad
1389 2926 1588 2989 claudendum
1602 2924 1701 2985 locum
1715 2939 1769 2982 so·

411 3014 513 3077 lidum.
552 3014 757 3094 Triangulum,
779 3016 1026 3095 quadrangulum,
1054 3016 1315 3096 quinquangulum,
1330 3016 1539 3097 sexangulum,
1564 3010 1768 3092 octangulunr,

410 3103 624 3183 decangnlum,
649 3121 705 3182 pes
728 3112 862 3179 truttae,
887 3113 1003 3179 crates,
1028 3106 1147 3184 aliaque
1172 3105 1356 3185 decangnla,
1382 3113 1492 3167 coeunt
1514 3102 1597 3166 varie
1621 3100 1700 3164 iuter
1722 3118 1767 3175 se,

409 3193 458 3254 vel
489 3210 556 3254 cum
589 3192 646 3253 sibi
670 3191 819 3255 similibus
851 3194 900 3256 vel
927 3212 995 3254 cum
1024 3193 1131 3266 sociis;
1165 3194 1209 3254 uti
1240 3202 1340 3256 crates
1364 3194 1457 3256 etiam
1487 3194 1566 3255 inter
1589 3210 1623 3252 se
1647 3196 1766 3263 coeunt,

408 3281 464 3343 sed
486 3279 581 3353 hiant,
606 3299 664 3340 non
688 3281 819 3360 undique
842 3280 1029 3367 soliditatem
1053 3281 1196 3344 claudunt
1219 3282 1273 3344 &c
1320 3283 1428 3363 ltaque
1451 3281 1555 3344 invitis
1579 3279 1673 3342 etiam
1695 3277 1767 3360 phi·

407 3368 542 3448 losephis
566 3367 705 3446 ingerunt
728 3387 796 3430 sese
819 3387 872 3448 pro
897 3369 1070 3450 archetypis
1094 3369 1271 3442 creationis,
1300 3371 1370 3451 qnia
1392 3371 1515 3452 etipsa
1537 3371 1618 3433 iutra
1641 3384 1767 3450 geome-

406 3457 484 3520 triae
508 3455 619 3517 limites
643 3457 826 3519 creationem
841 3457 973 3539 aliquam
997 3458 1219 3522 administrant.
1266 3459 1309 3523 Et
1324 3461 1363 3523 ab
1377 3461 1435 3523 hac
1451 3460 1582 3523 coitione
1596 3455 1767 3521 definissem

406 3545 561 3625 perfectas
584 3545 705 3624 figuras,
730 3546 789 3608 uisi
812 3548 869 3609 duo
893 3547 1084 3610 rhomborum
1102 3567 1215 3628 genera
1229 3549 1322 3612 etiam
1342 3550 1466 3627 coirent,
1491 3568 1566 3630 qnae
1586 3546 1767 3627 irregulares

407 3636 520 3714 figuras
543 3642 616 3696 sunt
637 3634 749 3697 circulo
776 3655 835 3697 nou
859 3644 967 3717 aptae3
1005 3656 1060 3699 nos
1089 3656 1160 3700 vero
1188 3638 1299 3700 circulo
1327 3638 1494 3720 indigemus
1523 3638 1562 3700 ad
1589 3637 1767 3716 angulorum

406 3722 670 3785 mensurationem.
717 3727 800 3796 (Nota
817 3734 843 3783 in
861 3745 956 3800 marg:
975 3719 1183 3807 Proprietates
1204 3728 1312 3805 harum
1335 3729 1494 3808 figurarum
1517 3735 1630 3808 cogunt
1647 3724 1767 3807 quidem

407 3813 538 3894 aliquam
563 3813 779 3894 longitudinem
801 3823 932 3884 certam,
957 3816 1010 3878 sed
1036 3835 1187 3896 expensae
1210 3824 1319 3897 petunt
1340 3817 1519 3897 principium
1542 3816 1572 3879 in
1597 3812 1763 3879 ratiocina-

407 3901 499 3965 tione.
545 3901 670 3982 Siquis
695 3903 821 3965 haberet
844 3904 924 3965 latus
948 3905 1129 3984 septanguli,
1153 3905 1233 3969 illud
1251 3906 1326 3968 haee
1350 3907 1457 3969 stilla
1484 3912 1666 3986 praestaret.
1703 3900 1766 3966 seo

406 4009 493 4054 uerno
517 3994 646 4072 nuquam
668 3992 716 4053 vel
741 3991 770 4051 in
794 3992 910 4065 charta,
935 3995 984 4055 vel
1007 3994 1037 4055 in
1060 3994 1201 4070 numeris,
1225 3995 1275 4056 rel
1298 3993 1327 4057 in
1350 4002 1451 4058 mente
1470 3995 1577 4058 habuit
1598 3994 1765 4074 perfectum

406 4081 488 4142 latus
511 4079 698 4159 septanguli3
723 4098 782 4141 non
807 4081 871 4159 ipse
894 4082 987 4157 Dens,
1014 4082 1084 4162 quia
1107 4083 1172 4163 ejus
1195 4084 1332 4146 essentia
1353 4084 1383 4146 in
1408 4084 1464 4146 hoc
1478 4083 1629 4158 consistit,
1654 4090 1765 4145 utnon

405 4166 511 4229 haberi
534 4168 633 4247 possit
655 4178 765 4231 mente.
814 4170 930 4232 Contra
955 4172 992 4233 de
1015 4171 1254 4252 quinquangulo,
1288 4173 1339 4235 ubi
1369 4173 1536 4253 geometria
1558 4170 1676 4249 delinit,
1708 4171 1765 4233 hoc

406 4275 474 4319 esse
498 4256 578 4317 latus
593 4255 815 4338 quinquanguli,
840 4260 923 4338 cujus
939 4260 1117 4342 quadratum
1131 4260 1320 4342 componitur
1334 4281 1372 4325 ex
1386 4264 1534 4343 quadrato
1549 4260 1765 4324 semidiametri

406 4352 439 4406 et
460 4344 608 4424 quadrato
627 4344 693 4425 ejus
711 4347 808 4426 partis
826 4347 948 4428 majoris
973 4348 1016 4423 (in
1032 4349 1164 4411 sectione
1180 4351 1343 4415 secundum
1357 4360 1493 4414 extrema
1508 4358 1541 4413 et
1552 4350 1678 4427 media).
1712 4349 1763 4412 Uti

407 4440 439 4494 et
453 4434 700 4513 quemadmodum
720 4435 943 4499 semidiameter
966 4447 998 4499 et
1019 4457 1091 4518 pars
1114 4438 1331 4503 semidiametri
1353 4441 1448 4521 major
1470 4443 1501 4504 in
1524 4440 1659 4506 sections
1681 4441 1764 4513 dicta

406 4521 587 4601 'geometrice
602 4523 720 4599 dantur,
738 4525 781 4587 ita
795 4526 965 4607 septanguli
981 4528 1060 4590 latus
1075 4528 1213 4607 potentini
1227 4538 1276 4591 est
1291 4529 1321 4591 iu
1335 4531 1426 4610 plano
1440 4530 1552 4605 circuli,
1568 4529 1598 4591 h.
1614 4552 1642 4595 e.
1660 4539 1765 4611 potest

405 4610 435 4671 in
460 4629 495 4670 eo
519 4610 674 4685 delineari,
699 4615 833 4676 sednon
857 4624 961 4696 potest
984 4634 1113 4696 nuquam
1136 4626 1281 4696 puuctum
1302 4620 1432 4694 ostendi,
1457 4619 1487 4681 in
1502 4639 1560 4701 qno
1574 4621 1762 4684 terminetur.

405 4698 472 4760 Nec
495 4700 645 4780 seqnitur:
669 4701 743 4765 illud
766 4712 881 4786 potest,
906 4723 978 4784 ergo
1002 4704 1058 4766 hoe
1072 4713 1175 4784 potest
1194 4707 1298 4770 etiam.
1335 4708 1416 4771 Nam
1439 4707 1478 4770 ab
1501 4728 1584 4771 esse
1608 4710 1762 4775 adsciri

407 4806 465 4850 non
490 4787 636 4869 sequitur.
683 4790 763 4854 Sunt
785 4792 901 4856 infinita
923 4802 1036 4876 puncta
1058 4792 1087 4855 in
1112 4794 1202 4872 linea,
1227 4803 1261 4859 at
1282 4815 1343 4858 non
1357 4797 1493 4860 sciuntur
1508 4798 1626 4862 infinita
1639 4807 1762 4883 puncta,

288 4892 290 4899 ·
406 4886 599 4941 numerentur
627 4880 706 4943 enim
734 4888 766 4942 et
787 4883 832 4944 sic
854 4880 941 4944 finita
963 4889 1077 4944 essent.
1123 4883 1184 4946 Est
1204 4884 1299 4965 igitur
1321 4885 1489 4966 speculatio
1513 4886 1562 4952 bic
1584 4887 1763 4971 profundis·
