3838 5824
902 399 1014 464 llyrterli
1033 398 1233 465 cosmographia!

858 595 904 659 IN
927 591 1067 658 CAPUT
1090 591 1285 665 QUINTUM
1400 598 1406 611 ⁸

927 715 1021 767 NOTA
1039 714 1217 767 AUCTOBIS.

391 826 574 982 maium
597 825 696 898 anguli
718 823 849 879 carecti
877 821 1053 892 aptitudine,
1084 827 1115 875 et
1136 814 1317 891 quodannis
1347 819 1375 872 in
1400 817 1572 873 micirculo
1595 824 1687 902 rectus
1710 822 1755 870 ert

983 1022 1169 1036 fi—o-—n—

970 1163 1092 1262 Caput
1118 1161 1181 1235 VI.

711 1320 807 1399 Quod
828 1322 912 1384 irater
934 1320 1044 1383 Iouem
1066 1326 1097 1381 et
1117 1319 1259 1382 orarem
1274 1315 1432 1400 manac.

481 1459 552 1522 Jam
576 1478 628 1522 cnr
650 1460 757 1523 cubum
778 1461 911 1541 excipiat
932 1458 1075 1542 pyramis,
1100 1477 1187 1520 nemo
1203 1457 1363 1519 admodum
1376 1455 1544 1529 mirabitur,
1568 1473 1635 1516 cum
1652 1453 1686 1528 i)
1701 1454 1755 1517 illa

395 1551 457 1612 fere
481 1550 518 1610 de
541 1549 712 1629 principatu
735 1549 816 1611 ausit
838 1568 905 1611 cunr
929 1549 1004 1610 cubo
1027 1547 1223 1616 contendere,
1248 1543 1283 1619 2)
1308 1545 1430 1623 insuper
1451 1543 1500 1605 vel
1523 1543 1591 1623 ipsa
1613 1544 1671 1605 vel'
1685 1538 1755 1619 ipo·

393 1641 465 1717 ioya
487 1636 664 1716 irregularia
688 1638 801 1700 iaciunt
824 1638 862 1699 ad
886 1645 1054 1699 ceterorum
1073 1635 1328 1716 compositionem.
1364 1632 1446 1695 Nam
1468 1631 1645 1694 icosaedron
1670 1650 1754 1693 conr-

393 1732 509 1808 ponunt
532 1722 576 1788 20
598 1726 789 1807 pyramides,
817 1725 908 1805 paulo
931 1725 1087 1787 breuiores
1115 1723 1326 1786 tetraedricia:
1359 1721 1534 1783 octatdrum
1565 1728 1634 1782 octo
1657 1719 1755 1782 adhuc

395 1814 559 1875 breviores.
607 1813 824 1875 Dodecatdruo
849 1813 908 1875 etsi
932 1814 1080 1894 quadrato
1104 1813 1221 1874 occulto
1246 1818 1381 1882 constat,
1406 1818 1505 1871 tamen
1530 1809 1558 1870 in
1582 1808 1755 1890 pyramidas

394 1901 505 1963 resolvi
529 1919 655 1962 necesse
680 1910 737 1962 est.
781 1897 817 1973 3)
838 1902 944 1981 Neque
959 1894 1208 1963 contemnendum
1222 1899 1288 1972 hoc,
1313 1898 1391 1978 quod
1415 1897 1601 1959 tetraedrum
1624 1896 1653 1957 iu
1677 1915 1754 1977 qna·

393 1996 463 2050 tuor
486 1988 640 2067 periectas
667 1989 841 2070 pyramidas
871 1996 903 2049 et
924 2007 1014 2049 unum
1043 1988 1208 2050 octaedron
1241 1987 1368 2048 laterum
1392 1983 1513 2047 dimidio
1536 1984 1681 2047 minorum
1703 2003 1754 2047 re-

394 2077 471 2137 solvi
494 2082 605 2156 potest.
644 2071 681 2147 4)
705 2076 793 2138 Sicut
816 2078 844 2137 io
868 2076 968 2155 planis
993 2075 1094 2137 omnia
1117 2076 1305 2154 multangula
1328 2073 1357 2134 in
1381 2073 1534 2151 triangula
1555 2073 1755 2149 resolvuntur,

392 2164 438 2225 lta
461 2164 577 2244 reliqna
602 2163 702 2224 solida
724 2163 914 2226 mensurandi
938 2182 1032 2226 causa
1060 2163 1089 2225 in
1120 2164 1311 2245 pyramidas,
1347 2180 1421 2241 quas
1450 2162 1558 2222 deinde
1587 2159 1691 2233 cubis,
1723 2171 1758 2223 ut

394 2251 546 2331 triangula
578 2251 752 2332 quadratis,
787 2252 935 2314 metimur.
982 2252 1040 2313 Est
1067 2253 1159 2331 igitur
1188 2252 1368 2332 reliquorum
1396 2268 1537 2311 mensura
1568 2256 1599 2311 at
1626 2250 1757 2312 omnium

393 2336 535 2402 facillima
555 2360 574 2400 a
593 2338 667 2401 cubo
687 2339 830 2402 mansilis.
870 2338 905 2413 5)
929 2341 1007 2401 Hinc
1030 2340 1190 2419 pleraeque
1215 2340 1280 2418 ejus
1304 2338 1410 2413 lineae,
1434 2345 1470 2398 nt
1492 2346 1526 2399 et
1548 2336 1670 2400 cubicae
1693 2346 1758 2400 tam

394 2427 483 2503 facile
507 2428 706 2507 quantitatem
738 2447 776 2489 ex
804 2428 922 2491 ratione
950 2428 1084 2507 diagonii
1117 2428 1286 2507 accipiunt,
1321 2445 1379 2487 noo
1411 2435 1512 2487 tamen
1546 2426 1636 2488 aliter
1668 2444 1757 2507 quarn

394 2515 550 2596 quadratis
565 2515 707 2577 numeris.
742 2512 777 2590 6)
801 2516 971 2600 Pyramidis
991 2518 1082 2578 etiam
1101 2516 1282 2594 regularitas
1306 2534 1344 2576 ex
1367 2514 1440 2577 solis
1464 2514 1610 2577 lateribus
1632 2515 1755 2595 pendet,

394 2602 461 2665 cubi
484 2603 576 2665 etiam
600 2623 638 2665 ex
662 2604 790 2684 angulis.
824 2609 927 2685 Atque
950 2604 995 2666 sic
1017 2604 1205 2687 pyramidum
1225 2604 1304 2665 inter
1323 2603 1511 2683 aequilatera
1528 2622 1586 2664 non
1605 2603 1674 2681 plns
1698 2622 1757 2665 una

394 2699 451 2766 cst,
476 2700 510 2753 at
531 2691 561 2752 in
584 2687 727 2771 diaetam,
750 2694 887 2773 quamvis
911 2693 1088 2774 aequalibus
1107 2692 1261 2767 lateribus,
1286 2698 1387 2753 tamen
1411 2691 1527 2753 infinita
1549 2691 1684 2753 varietas
1707 2698 1757 2752 ast

285 2843 294 2859 „
393 2779 579 2858 angulorum.
627 2776 695 2849 Quo
717 2782 856 2856 nomiae,
887 2782 913 2843 si
936 2781 1036 2843 nullae
1061 2780 1139 2843 aliae
1163 2788 1266 2842 essent
1287 2780 1430 2851 rationes,
1455 2779 1534 2841 sitne
1557 2780 1758 2858 praeferenda

394 2867 484 2941 cubo,
511 2885 549 2928 an
572 2870 797 2947 postponenda,
828 2870 857 2931 in
882 2869 972 2931 dubio
995 2869 1140 2949 relinquo.
1187 2866 1334 2943 7)Hauc
1357 2876 1483 2930 naturae
1507 2868 1662 2931 solertiam
1686 2867 1755 2930 inri-

396 2954 454 3017 tati
477 2955 613 3018 homines
640 2956 767 3035 primum
796 2958 954 3020 materiam
977 2958 1015 3018 ad
1038 2954 1280 3038 perpendiculum
1310 2957 1430 3037 erigunt
1459 2956 1609 3039 rectisque
1638 2955 1757 3037 angulis

394 3043 590 3123 contignant,
628 3044 736 3108 deinde
769 3045 928 3127 triangulis
964 3046 1085 3107 firmant
1109 3054 1142 3106 et
1171 3045 1338 3107 stabiliunt.
1398 3043 1435 3119 8)
1472 3045 1598 3125 Insuper
1635 3052 1756 3106 acutum

393 3132 535 3211 angulum
568 3150 634 3194 curn
666 3132 782 3195 habeat
812 3133 966 3216 pyramis,
999 3134 1081 3212 prior
1112 3141 1161 3194 est
1191 3132 1410 3212 obtusongulis.
1460 3132 1541 3195 Nam
1574 3133 1604 3194 id
1637 3152 1756 3215 semper

391 3218 520 3298 primurn
543 3228 592 3280 est
613 3220 644 3280 in
674 3222 794 3295 ordine,
826 3222 910 3301 quod
930 3221 1047 3298 justam
1074 3219 1169 3281 habet
1196 3221 1416 3299 quantitatem:
1450 3221 1507 3280 hoc
1530 3222 1614 3300 sequi
1637 3221 1756 3285 videtur

393 3304 492 3367 miuus
511 3307 614 3384 justo,
645 3307 715 3386 quia
737 3317 769 3369 et
793 3308 911 3387 longius
934 3307 1043 3368 abesse
1066 3307 1186 3367 videtur
1208 3307 1247 3368 ab
1276 3306 1439 3381 infinitate,
1471 3326 1559 3387 quam
1581 3308 1650 3388 plus
1670 3309 1755 3390 justu

377 3401 425 3454 ·et
449 3392 613 3473 simplicius
637 3394 810 3455 etiamest.
853 3396 934 3456 Nam
957 3394 1188 3473 obtusangnlom
1212 3393 1331 3456 videtur
1354 3395 1573 3475 quodammodo
1596 3397 1757 3478 multiplex

395 3498 432 3541 ex
455 3490 539 3541 recto
563 3488 595 3540 et
617 3489 716 3541 acuto.
763 3479 831 3551 Quo
855 3481 952 3543 minus
976 3480 1157 3549 mirandum,
1189 3501 1242 3543 cur
1263 3483 1402 3562 paucitas
1427 3483 1601 3564 angariorum
1625 3485 1654 3547 in
1677 3485 1755 3561 basi,

394 3577 426 3629 et
448 3568 581 3647 ipsarum
610 3568 703 3629 etiam
732 3568 847 3631 basium
878 3569 1025 3632 tetraedri
1056 3589 1114 3630 non
1138 3570 1265 3650 deroget
1288 3570 1374 3633 cubo.
1420 3571 1500 3634 Nam
1524 3574 1702 3654 angulorum
1725 3583 1757 3638 et

394 3656 512 3718 basium
534 3674 673 3717 numerus
698 3658 737 3718 ad
760 3665 933 3738 susceptam
957 3657 1060 3738 anguli
1083 3658 1212 3738 speciem
1236 3659 1408 3722 necessario
1432 3661 1576 3741 sequitur.
1618 3663 1705 3726 Unde
1730 3662 1756 3726 si

394 3754 494 3805 rectus
508 3745 591 3823 prior
605 3751 655 3805 est
667 3753 768 3815 acuto,
792 3746 874 3825 prius
890 3747 981 3808 etiam
1005 3743 1155 3827 iiordpor,
1179 3766 1267 3828 quam
1283 3749 1467 3824 tetraddron,
1491 3752 1756 3831 tetragonoodmm

393 3848 481 3912 quam
505 3832 738 3911 trigonoedmm.
778 3830 814 3907 9)
840 3836 942 3915 Atque
967 3834 997 3897 id
1021 3826 1112 3896 etiam
1136 3836 1204 3897 iude
1227 3836 1328 3917 colligi
1350 3847 1465 3916 potest,
1487 3839 1567 3919 quod
1590 3840 1755 3919 perfectum

393 3921 502 4000 ubique
525 3919 667 3999 primunr,
697 3932 767 4002 post
795 3923 843 3997 id,
874 3924 952 4003 qnod
976 3924 1090 3999 delicit,
1116 3925 1251 3999 demum,
1283 3926 1361 4005 quod
1386 3925 1515 3988 excedit.
1563 3924 1640 3990 Cum
1663 3927 1756 4007 igitur

392 4007 529 4070 senarius
553 4008 695 4070 facierum
720 4029 860 4073 numerus
882 4012 1035 4091 periectos
1061 4011 1117 4087 sit,
1148 4013 1283 4092 sequitur
1308 4014 1507 4094 pyramidem,
1538 4034 1614 4096 qnae
1643 4016 1754 4092 delicit,

392 4113 448 4156 non
473 4095 592 4176 quidem
615 4098 798 4177 praecedere
822 4100 932 4161 debere
957 4099 1076 4174 cubum,
1103 4109 1137 4162 at
1159 4100 1331 4163 immediate
1356 4103 1451 4183 sequi.
1650 4116 1654 4117 ’

478 4182 635 4246 Habemus
659 4203 712 4247 cur
734 4187 814 4249 inter
828 4187 936 4250 Jovem
960 4197 992 4250 et
1012 4189 1143 4250 Martem
1167 4189 1298 4251 secundo
1323 4190 1388 4252 loco
1412 4191 1454 4253 sit
1475 4192 1620 4273 pyramis.
1655 4189 1754 4273 Supra

392 4271 592 4350 inauspenso
616 4272 682 4345 lirit,
707 4276 785 4354 quod
810 4294 917 4355 corpus
942 4276 1033 4338 tertio
1058 4277 1123 4339 loco
1148 4278 1189 4338 sit
1212 4277 1436 4341 interMartem
1459 4290 1492 4341 ct
1506 4280 1641 4342 Terram.
1675 4280 1754 4343 Illud

390 4374 462 4420 vero
486 4360 535 4422 iric
558 4360 647 4423 facile
673 4362 830 4426 deciditur.
870 4361 947 4426 (ium
968 4364 1048 4426 enirn
1071 4384 1088 4426 e
1110 4360 1261 4444 primariis
1284 4367 1435 4428 residuum
1459 4367 1500 4429 sit
1522 4368 1753 4444 dodecaedrnm,

391 4446 450 4507 erit
474 4448 547 4509 illnd
570 4449 673 4511 ordine
697 4452 836 4522 tertium,
860 4453 939 4515 inter
961 4452 1093 4514 Martem
1116 4461 1149 4515 et
1170 4454 1318 4517 Terram:
1349 4455 1386 4515 de
1410 4455 1496 4534 cnjus
1519 4454 1754 4537 proprietatibus

390 4534 461 4614 qnid
484 4536 674 4599 sentiendum
698 4536 752 4614 sit,
779 4540 940 4603 collatione
965 4541 1204 4621 comptioribus
1227 4543 1311 4605 iacta
1334 4543 1423 4605 facile
1447 4544 1574 4623 patebit.

989 4726 1161 4743 m
