3814 5818
384 294 449 363 ²52
938 296 1060 363 Apologia
1077 296 1201 361 'tychonis

357 457 561 522 'eccontricis
592 461 782 538 permutatos
815 456 982 520 fabuletur:
1015 457 1182 521 videbimus
1214 476 1252 520 cx
1281 457 1467 531 Aristotele,
1498 457 1576 539 quid'
1601 456 1676 520 certi
1709 456 1747 519 dc

382 547 501 612 Eudoxi
528 545 683 609 sententia
710 545 815 608 haberi
845 545 966 627 possit:
998 545 1160 628 praecipue
1193 566 1260 610 curn
1288 547 1366 610 bunc
1390 547 1488 609 locum
1512 546 1665 610 coeteris
1694 552 1748 608 ant

381 636 552 717 neglectum
575 641 629 697 ant
642 634 721 697 male
736 642 902 699 tractatum
921 635 1135 715 interpretibus
1159 654 1270 715 operae
1295 635 1425 716 pretium
1448 628 1590 699 iideatur
1613 633 1747 716 diligen-

382 726 443 789 tins
467 724 647 804 expendere.
694 721 771 787 (lum
793 732 894 787 autem
918 724 946 786 in
963 725 1082 804 gemina
1095 725 1254 787 constituti
1270 726 1364 789 simus
1380 723 1572 797 difficultate,
1596 743 1643 799 eo,
1667 724 1749 805 quod

381 823 414 877 et
436 812 634 887 Aristoteles,
668 830 767 876 rerum
798 813 1080 877 mathematicorum
1109 814 1275 894 imperitior
1308 821 1341 877 ut
1363 814 1467 876 multis
1501 814 1575 876 locis
1607 822 1747 894 apparet,

381 902 500 966 Eudoxi
523 909 654 964 mentem
675 902 725 964 rel
748 901 870 965 sinistre
892 903 1065 984 perceperit
1087 903 1136 965 vel
1159 903 1316 966 obscurius
1346 903 1540 982 expresserit,
1574 910 1606 965 et
1632 902 1748 965 numeri

382 992 542 1055 manifeste
566 1012 585 1053 a
608 990 709 1053 verbis
734 990 916 1055 dissideant:
942 992 1088 1055 faciamus
1112 993 1191 1073 quod
1213 1011 1382 1073 possumus,
1406 992 1566 1055 verborum
1591 990 1750 1053 involucra

382 1079 566 1160 conjecturis
590 1079 781 1142 sublevemus
804 1100 1050 1162 numerorumque
1074 1100 1191 1144 errores
1215 1082 1402 1144 comestione
1415 1081 1517 1144 verbis
1540 1087 1749 1143 consentanea

382 1169 535 1231 tollamus.
581 1166 678 1247 igitur
706 1188 771 1231 cum
796 1169 847 1232 lib.
871 1170 943 1233 ΧΠ.
968 1169 1105 1251 Metapb.
1127 1169 1310 1233 Aristoteles
1341 1171 1370 1231 in
1393 1170 1648 1250 contemplatione
1673 1187 1749 1232 ver-

384 1265 468 1320 setur
499 1257 738 1319 substantiarum
771 1257 950 1338 simplicium
984 1266 1016 1321 et
1045 1258 1172 1321 materia
1204 1259 1383 1333 carentium,
1422 1277 1517 1339 eoque
1550 1257 1749 1321 sublimitatis

382 1345 529 1408 evehatur
552 1353 696 1408 accurata
718 1356 817 1408 motus
841 1354 874 1409 et
894 1348 1009 1428 primae
1032 1356 1165 1410 motuum
1189 1365 1300 1410 causae
1321 1347 1539 1427 disquisitione,
1568 1354 1602 1408 ut
1623 1347 1749 1409 invento

382 1454 422 1497 ex
444 1433 581 1515 simplici,
606 1434 747 1498 uniformi
770 1443 802 1497 et
826 1444 949 1497 aeterno
973 1442 1067 1510 motn‘,
1091 1454 1180 1516 quem
1197 1437 1327 1518 primurn
1342 1436 1477 1512 dicimus,
1502 1443 1618 1498 motore
1638 1434 1748 1515 primo,

382 1524 420 1586 ad
444 1523 714 1603 intelligentiarum
737 1524 935 1587 secundarum
957 1531 989 1587 et
1011 1526 1125 1608 primae
1149 1525 1413 1588 subordinatarum
1436 1543 1589 1587 numerum
1614 1523 1749 1586 investi-

382 1613 513 1693 gandum
537 1630 604 1692 cap.
629 1608 661 1675 8.
686 1612 832 1675 accedat:
856 1613 929 1675 illud
953 1614 1113 1694 praecipue
1137 1632 1257 1692 urgens,
1278 1614 1405 1695 siugulis
1424 1614 1584 1677 mobilibus
1607 1613 1749 1692 singulas

381 1718 525 1781 praeesse
548 1699 777 1780 intelligentias,
802 1720 857 1763 nec
880 1702 1131 1765 introducendum
1155 1702 1314 1784 quicquam
1330 1703 1528 1775 inmundum,
1553 1701 1633 1783 qnod
1648 1701 1749 1764 officio

381 1797 486 1853 careat
516 1791 683 1852 otiosumve
716 1790 765 1853 sit
820 1790 977 1853 Mobilinm
1013 1810 1084 1853 vero
1118 1792 1294 1855 coelestium
1328 1810 1486 1871 corporum
1519 1809 1674 1853 numerum
1709 1810 1749 1853 ex

381 1887 522 1953 motuum,
548 1878 598 1957 qui
621 1877 763 1940 videntur
784 1878 814 1940 in
839 1880 933 1953 coelo,
958 1879 1109 1942 varietate
1133 1880 1277 1944 instituit.
1324 1879 1369 1943 At
1383 1886 1482 1943 motus
1505 1880 1601 1962 ipsos,
1624 1879 1749 1960 quinam

382 1975 415 2029 et
438 1974 511 2047 quot
534 1965 807 2046 deprehendantur,
832 1968 951 2047 quaerit
975 1969 1013 2030 ab
1037 1969 1228 2033 astronomis,
1274 1969 1353 2032 Hinc
1373 1970 1436 2048 ejus
1451 1969 1559 2031 verba:
1583 1987 1643 2043 „ac
1667 1968 1748 2031 mul·

381 2062 430 2117 tos
460 2055 580 2134 quidem
609 2063 707 2118 motus
730 2073 799 2118 esse
826 2074 928 2118 eorum
961 2076 1037 2138 quae
1066 2058 1215 2132 seruntur,
1250 2057 1287 2120 iis
1319 2058 1413 2121 etiam
1442 2058 1566 2119 evidens
1599 2063 1663 2131 est,
1697 2057 1748 2138 qui

382 2143 573 2206 mediocriter
600 2143 631 2205 in
662 2145 774 2207 haere
799 2144 913 2208 versati
938 2153 1019 2208 snut.
1065 2146 1146 2209 Nam
1174 2147 1309 2226 pluribus
1337 2145 1397 2208 unci
1425 2146 1606 2209 motionibus
1636 2145 1749 2225 singuli

382 2251 504 2295 errones
538 2234 681 2296 semotur.
737 2231 822 2304 Quot
854 2241 955 2297 autem
987 2234 1064 2310 siut,
1098 2254 1175 2297 nunc
1208 2235 1330 2316 quidem
1359 2255 1397 2297 ea
1429 2254 1505 2316 quae
1538 2234 1748 2297 mathematici

382 2321 514 2384 nonnulli
538 2321 672 2396 tradunt,
698 2322 878 2402 cognitionis
901 2343 994 2386 causa
1017 2323 1162 2398 dicimus;
1196 2332 1231 2388 ut
1252 2324 1351 2386 animo
1374 2332 1490 2387 certum
1513 2324 1664 2405 quendam
1688 2343 1748 2386 nu·

383 2429 496 2473 merum
518 2411 668 2489 possimus
688 2412 957 2491 comprehendere:
984 2420 1088 2475 cetera
1100 2414 1212 2492 partim
1227 2413 1315 2475 nobis
1337 2414 1516 2495 inquirenda
1530 2420 1609 2484 suut,
1633 2398 1748 2491 partiin

333 2572 337 2577 ,
383 2498 419 2572 ii,
453 2498 502 2579 qni
526 2500 601 2561 haec
624 2498 792 2580 inquirunt,
818 2501 1042 2582 interrogandi,
1074 2522 1143 2564 num
1168 2501 1237 2583 quid
1261 2508 1384 2583 practer
1407 2521 1543 2581 eaquae
1567 2501 1650 2564 dicta
1674 2500 1748 2574 sint,

382 2587 420 2649 iis
450 2586 591 2649 rideatur
621 2588 670 2668 qui
703 2589 779 2651 hacc
807 2596 958 2664 tractant3
991 2610 1027 2651 ac
1055 2597 1119 2653 tum
1149 2591 1266 2671 utrique
1290 2590 1413 2652 amandi
1440 2591 1484 2652 illi
1517 2589 1634 2671 quidem
1660 2598 1751 2651 erunt

383 2675 486 2756 eisque
510 2677 612 2755 gratia
634 2677 871 2755 habendagsed
895 2678 934 2741 iis
958 2678 1076 2741 demum
1099 2679 1240 2743 habenda
1262 2680 1347 2754 fides,
1372 2679 1421 2760 qui
1441 2679 1611 2741 accuratius
1626 2686 1659 2741 et
1674 2677 1747 2741 dili·

381 2764 507 2844 gcntius‘
524 2765 748 2829 tradiderunt.“
794 2767 860 2831 Hoc
883 2769 1049 2847 proemium
1075 2769 1179 2831 audiat
1202 2767 1356 2830 Osiauder
1380 2776 1413 2830 et
1434 2769 1532 2832 Ursus
1563 2776 1596 2829 et
1618 2762 1747 2848 quidun*-

383 2873 439 2935 que
469 2848 708 2917 astronomorum
738 2856 775 2918 de
802 2876 900 2920 rerum
929 2865 1039 2920 natura
1066 2865 1229 2937 conceptus
1257 2857 1344 2937 parvi
1374 2857 1457 2921 facit
1505 2856 1646 2936 Sequitur
1679 2856 1748 2935 ipsa

260 3012 263 3019 ,
381 2960 449 3005 ress
473 2942 639 3018 „Eudoxus
663 2943 745 3007 Solis
768 2953 801 3007 et
822 2947 927 3009 Lunae
951 2947 1104 3028 utriusque
1128 2947 1273 3009 lationem
1296 2946 1326 3008 in
1349 2946 1445 3008 tribua
1468 2946 1602 3026 ponebat
1630 2945 1745 3025 sphae-

381 3031 440 3104 ris,
472 3051 597 3113 quarum
626 3033 754 3113 primam
784 3054 852 3097 esse
881 3053 939 3097 non
969 3036 1135 3098 errantium
1157 3034 1349 3098 stellarum.“
1394 3034 1532 3097 Haecin
1558 3034 1745 3113 compendiis

381 3120 593 3182 astronomicis
615 3123 706 3201 vulgo
731 3122 903 3203 depingitur
925 3125 1068 3205 amplecti
1092 3132 1190 3186 toturn
1213 3124 1340 3204 alicujus
1363 3125 1504 3203 planetae
1525 3130 1670 3205 systema,
1694 3122 1744 3184 id-

380 3226 437 3288 que
462 3208 537 3270 iaoit
558 3210 796 3284 conceutricum;
830 3219 967 3273 movetur
990 3231 1080 3293 snper
1101 3214 1180 3291 polis
1208 3213 1383 3294 aequatoris
1407 3214 1446 3274 ab
1466 3220 1535 3274 ortu
1553 3212 1583 3273 in
1602 3230 1746 3273 occasum

383 3303 415 3358 et
444 3296 609 3359 revolvitur
635 3317 696 3359 una
727 3317 793 3359 curu
822 3318 858 3360 eo
890 3299 973 3361 horis
996 3297 1050 3364 24.
1102 3302 1255 3365 interdum
1287 3301 1314 3364 ei
1345 3301 1426 3364 aliud
1453 3302 1575 3381 insuper
1602 3300 1745 3375 officium,

382 3385 536 3446 deferendi
560 3386 664 3459 nodos,
690 3386 876 3459 attribuitur,
900 3388 976 3451 unde
1000 3390 1173 3472 plerumque
1197 3409 1304 3452 nornen
1327 3390 1435 3463 habet;
1463 3390 1518 3452 sed
1542 3390 1599 3451 hoc
1622 3408 1681 3450 non
1707 3408 1745 3451 ex

382 3473 499 3535 Eudoxi
522 3481 632 3535 mente.
678 3473 870 3549 „Secundam
894 3485 994 3540 autem
1017 3497 1072 3559 per
1095 3498 1162 3541 eum
1184 3479 1327 3542 circulum
1352 3480 1437 3549 ferri,
1461 3478 1511 3559 qui
1533 3496 1588 3557 per
1611 3477 1743 3540 medium

382 3560 498 3623 zodiaci
522 3561 603 3624 est.“
648 3562 788 3643 Apparet
809 3564 968 3629 Eudoxum
998 3567 1075 3629 hunc
1104 3568 1206 3631 orbem
1234 3568 1278 3629 sic
1307 3568 1491 3648 disposuisse
1522 3566 1551 3627 in
1575 3567 1678 3642 Luna,
1712 3573 1747 3628 ut

384 3649 448 3729 ejus
470 3650 533 3729 poli
555 3649 648 3730 priori
672 3651 736 3715 orbi
760 3654 956 3717 revolutionis
980 3657 1103 3718 diurnae
1127 3658 1320 3731 insisterent,
1350 3657 1538 3721 declinantes
1562 3654 1745 3735 utrinquea

381 3737 459 3817 polis
482 3738 563 3802 illius
586 3740 616 3803 in
639 3742 740 3803 colnro
764 3742 962 3806 solstitiorum
987 3745 1088 3826 spatio
1112 3745 1302 3826 obliquitatis
1327 3744 1496 3825 eclipticas.
1544 3743 1648 3805 Motus
1671 3760 1743 3804 vero

383 3826 447 3905 ejus
471 3836 519 3890 est
541 3830 598 3891 snb
620 3830 713 3909 priori
736 3833 775 3893 ab
799 3839 867 3895 ortu
891 3833 920 3894 in
945 3853 1085 3896 occasum
1110 3853 1162 3896 seu
1188 3834 1217 3894 in
1243 3834 1470 3906 antecedentia,
1495 3831 1667 3894 restituitur
1691 3851 1743 3893 se·

382 3916 442 3977 mel
471 3916 510 3977 ad
537 3917 617 3979 idem
645 3919 725 3982 illius
751 3922 838 4001 primi
871 3922 935 3984 sive
964 3923 1002 3985 ad
1026 3923 1105 3985 idern
1133 3922 1250 3984 zodiaci
1282 3929 1426 4003 puuctum
1456 3920 1542 3983 aunis
1575 3916 1624 3983 19.
1677 3918 1745 3991 Quo

383 4006 481 4084 spatio
505 4005 678 4070 circumfert
700 4009 803 4073 nodos.
851 4008 958 4081 Qualis
973 4031 1044 4074 vero
1068 4018 1167 4073 motus
1191 4010 1280 4090 hujus
1304 4010 1406 4072 circuli
1431 4010 1473 4071 sit
1494 4010 1524 4070 in
1545 4008 1664 4070 theoria
1683 4007 1745 4071 So·

382 4093 430 4168 lis,
455 4093 552 4157 dicam
571 4095 636 4174 jam
659 4107 802 4177 quantum
826 4098 884 4162 dici
898 4108 1010 4180 potest
1033 4101 1061 4162 in
1082 4100 1183 4162 tertio.
1231 4099 1388 4174 „Tertiam
1403 4107 1504 4161 autem
1525 4096 1746 4179 per'obliqnum

383 4182 524 4244 circulum
543 4183 588 4245 ad
611 4184 800 4248 latitudinem
824 4187 1011 4268 signorum.“
1057 4187 1108 4251 Sic
1132 4188 1284 4267 intelligo,
1315 4188 1438 4250 tertium
1464 4187 1502 4249 ad
1527 4186 1691 4248 secuudum
1714 4186 1745 4246 in

384 4270 477 4332 latum
505 4271 647 4335 inflexum
676 4293 754 4338 esse.
800 4275 861 4338 Est
889 4294 964 4357 ergo
992 4277 1055 4352 hic,
1090 4276 1140 4358 qui
1163 4277 1281 4339 Lunam
1311 4276 1408 4357 ipsam
1432 4276 1546 4341 defert
1584 4273 1660 4354 Ejus
1684 4272 1745 4353 poli

383 4360 514 4421 secundo
537 4360 709 4441 infiguntur,
734 4364 932 4428 deflectentes
956 4366 1093 4447 utrinque
1118 4364 1219 4446 spatio
1242 4365 1413 4427 latitudinis
1432 4364 1582 4427 maximae
1597 4362 1745 4424 Lunaris:

383 4454 520 4511 movetur
551 4449 579 4510 in
610 4454 824 4533 consequentia
853 4473 907 4516 seu
936 4455 975 4517 ab
1002 4473 1111 4516 occasu
1139 4453 1292 4516 inertum
1320 4462 1352 4516 et
1381 4453 1553 4516 restituitur
1580 4450 1618 4511 ad
1647 4449 1745 4531 primi,

382 4553 436 4598 sen
460 4537 499 4598 ad
528 4537 643 4602 zodiaci
676 4541 755 4603 idem
782 4551 924 4621 punctum
958 4543 1057 4624 spatio
1082 4543 1144 4606 iere
1167 4549 1329 4606 menstruo.
1376 4544 1425 4606 lta
1451 4542 1499 4615 tit,
1533 4540 1641 4619 utqui
1664 4539 1758 4603 orbis·

381 4632 505 4704 propter
527 4633 640 4690 motum
663 4629 858 4709 longitudinis
881 4631 1010 4711 ponitur,
1035 4631 1062 4694 is
1076 4631 1230 4694 latitudini
1253 4630 1377 4707 serviat,
1402 4630 1452 4710 qui
1467 4647 1539 4691 vero
1555 4626 1746 4690 latitudinem

383 4713 491 4776 stellae
513 4718 795 4794 praestaredebet,
820 4720 1016 4798 longitudinis
1039 4729 1153 4784 motum
1175 4720 1299 4783 efficiat.
1729 4736 1732 4749 '

472 4800 523 4867 sir
545 4802 637 4895 ΑΒΕ
663 4807 795 4890 sphaera
821 4808 947 4871 lixarum
974 4816 1006 4871 et
1036 4808 1066 4871 in
1099 4830 1136 4872 ea
1167 4809 1231 4890 ipse
1263 4805 1355 4872 ADG
1385 4807 1504 4871 colurus
1535 4803 1745 4881 solstitiorum,
