3814 5818
737 360 941 414 mun

158 525 272 589 Terrae
292 542 347 585 sen
370 542 454 604 φερε
475 522 610 604 eJusdem
632 541 687 602 per
709 522 756 584 aui
779 519 881 583 circuli
905 519 1117 600 quadram,
1151 524 1292 581 manente
1324 536 1381 579 axe
1406 517 1518 583 Terrae

158 632 279 694 semper
306 611 446 691 sibiipsi
475 611 506 673 iu
529 611 659 674 diuersis
681 611 799 673 sitohns
828 608 990 688 parallelo,
1024 606 1145 673 minime
1168 625 1240 669 uero
1268 612 1406 669 notante.
1452 606 1518 669 Neu

158 703 288 781 simplex
305 702 380 763 haec
403 699 591 763 asseveratio
615 720 687 761 vcra
710 708 767 773 est,
791 701 934 777 angulum
956 697 1033 759 hauc
1052 694 1174 759 ιειὶειί.
1219 695 1298 758 Nam
1313 693 1420 756 eadem
1434 713 1518 758 sem·
1625 704 1628 708 ’

157 810 211 872 per
233 797 337 852 maaet
358 790 425 853 axis
450 790 562 852 Terrae
585 790 625 850 ad
648 789 770 871 planum
793 787 951 869 eclipticae
975 784 1144 857 inclinatio,
1178 783 1242 845 sive
1266 785 1296 846 iu
1320 782 1518 862 aequinoctiis

157 880 223 942 sive
254 879 286 940 in
309 879 452 942 solstitiis
476 879 528 953 (de
558 881 739 951 mutatione,
774 896 850 957 qnae
883 884 954 956 post
985 874 1080 935 multa
1107 872 1210 934 secula
1241 890 1386 953 perquam
1410 870 1519 952 exigua

158 968 318 1047 contingit,
346 970 410 1049 jam
443 986 502 1029 nou
534 967 669 1049 loquor),
702 968 756 1031 sed
788 986 847 1030 uon
876 981 995 1043 semper
1022 960 1125 1024 Solem
1157 960 1301 1041 respicit3
1334 960 1518 1022 transfertur
1565 1031 1566 1035 Ἰ

158 1074 285 1136 namque
308 1055 412 1120 Tellus
435 1074 501 1118 cum
524 1075 581 1118 sua
600 1058 810 1129 inclinatione,
838 1073 915 1136 qnae
938 1068 1057 1131 semper
1084 1050 1115 1112 in
1139 1049 1262 1112 easdem
1286 1047 1388 1111 mnudi
1410 1044 1517 1128 par'tes

158 1145 267 1225 vergit.
314 1145 420 1227 ltaque
448 1143 604 1210 inclinatio
634 1147 724 1223 haec,
758 1146 865 1211 eadem
896 1148 1022 1205 maneus
1055 1157 1123 1200 cum
1149 1139 1240 1218 plano
1265 1137 1348 1217 ipso,
1380 1137 1517 1198 diversos

157 1244 258 1296 umen
281 1235 409 1313 angulos
432 1252 501 1295 cum
523 1234 651 1299 diversis
678 1236 761 1316 plani
785 1233 873 1297 lineis
898 1227 1069 1301 coustituit,
1103 1235 1138 1289 ιιι
1166 1246 1204 1287 cx
1233 1225 1419 1305 gnomonica
1441 1224 1517 1286 soli·

155 1323 260 1385 doram
283 1322 421 1385 (leonina
434 1330 575 1387 conant.

245 1412 392 1493 Adeoque
421 1410 470 1490 qui
502 1422 573 1493 apte
602 1412 659 1474 sibi
690 1411 822 1475 voluerit
852 1403 1012 1486 imaginari
1044 1403 1172 1481 primum
1196 1410 1228 1464 ει
1260 1400 1382 1464 tertium
1406 1401 1517 1463 Terrae

156 1507 268 1562 motum
290 1502 452 1562 secundam
478 1499 678 1581 Oopcrnionm
702 1501 852 1578 (quamvis
886 1493 995 1557 tertius
1028 1491 1076 1553 hic
1103 1510 1213 1571 perse
1237 1496 1337 1551 motus
1361 1508 1419 1550 uon
1442 1492 1516 1562 est),

154 1591 181 1651 is
205 1589 370 1670 cylindrum
393 1589 471 1651 binis
494 1592 594 1669 planis
617 1590 774 1669 parallelis
797 1588 916 1666 oblique
940 1589 1023 1643 secet
1037 1579 1077 1641 ad
1091 1580 1232 1659 angulum
1248 1571 1371 1655 66720,
1394 1577 1514 1656 etquis

155 1680 211 1741 hoo
233 1684 324 1756 pactu
347 1696 518 1740 communes
542 1679 692 1740 sectiones
716 1698 769 1740 seu
792 1679 883 1740 bases
905 1673 982 1733 liant
1196 1715 1240 1765 ηε,
1255 1712 1277 1756 Β,

154 1767 287 1847 ellipses,
308 1784 363 1846 per
376 1768 479 1829 corcll.
500 1763 549 1830 ld.
566 1768 617 1830 lib.
632 1768 658 1828 1.
682 1766 788 1830 Sereni
804 1767 840 1827 de
855 1760 982 1844 cylindri
1251 1797 1254 1802 ·

153 1856 308 1917 sectiom:
337 1855 432 1934 fingat
454 1856 481 1917 is
504 1856 639 1930 iuterim,
669 1875 737 1918 esse
761 1854 889 1917 circulos
913 1869 985 1929 per-

157 1944 262 2006 iectos.
290 1941 378 2014 Quae
391 1944 484 2023 igitur
499 1953 547 2007 est
566 1945 598 2005 in
613 1943 854 2006 circumferentia
868 1939 986 2002 basium

154 2032 326 2111 superficies
340 2031 450 2094 alicubi
466 2041 560 2106 recta,
586 2033 733 2094 inclinata
748 2031 868 2105 alicubi,
892 2028 986 2090 talem

153 2122 340 2200 superficiem
360 2122 427 2183 axis
442 2122 554 2184 Terrae
573 2121 717 2183 inclinate
736 2120 914 2184 circumlata
928 2117 984 2178 de·
1007 2160 1026 2219 c

153 2210 269 2271 scribit.
316 2207 383 2282 Ac,
409 2210 465 2271 BD
488 2210 579 2272 bases
603 2210 742 2292 cylindri,
776 2209 829 2271 ille
851 2206 984 2278 inlerior,

153 2299 229 2361 haec
262 2297 411 2379 superior,
448 2297 505 2361 OD
538 2298 709 2378 superficies
742 2297 906 2378 aequeelta
938 2293 989 2356 axi

155 2388 281 2456 Terrae,
310 2388 359 2449 hlo
383 2394 432 2448 est
458 2387 605 2449 inclinata
636 2394 669 2450 ut
692 2396 724 2450 ει
746 2388 776 2448 iu
800 2386 872 2458 AB,
903 2390 989 2447 recta

151 2476 182 2537 in
204 2475 241 2549 Ε,
266 2477 301 2538 T.
339 2474 389 2537 lot
411 2473 477 2549 OD,
507 2476 564 2537 AB
588 2475 790 2539 solstitiorum
816 2481 886 2537 suut
909 2475 988 2545 loca,
1254 2514 1274 2567 3

152 2564 197 2639 E,
221 2564 248 2626 F
271 2563 533 2643 aeqniuoctiornm.

241 2653 307 2716 Nec
331 2652 460 2715 feliclter
473 2653 571 2716 Ursns
586 2650 726 2715 Graecas
743 2670 832 2713 voces
857 2652 962 2731 tetigit
983 2657 1108 2732 sebon,
1132 2664 1255 2736 ιιιησις,
1277 2665 1440 2739 potestque
1464 2660 1513 2721 vel

152 2741 209 2803 lroc
233 2742 299 2802 solo
323 2740 464 2803 Graecae
482 2742 602 2820 liuguae
616 2742 715 2820 perito
741 2738 941 2819 Ooperuicum
960 2745 1122 2808 obscurum
1136 2748 1272 2810 reddere.
1319 2746 1397 2820 Tibi,
1422 2746 1512 2822 Urse,

151 2830 261 2903 Terra,
286 2830 328 2892 uti
352 2829 471 2910 quidem
495 2830 621 2903 statuis,
647 2830 677 2891 in
696 2828 823 2909 jactatis
847 2851 865 2891 a
888 2837 919 2890 ιε
943 2831 1161 2914 hypothesibus
1185 2839 1314 2903 toracem,
1339 2834 1368 2897 iu
1394 2831 1512 2913 θερει-

151 2918 219 2980 alco
241 2919 323 2981 orbis
352 2919 403 3000 qni
426 2919 551 2981 Terram
573 2918 672 2994 vehit,
705 2916 732 2979 si
755 2918 822 2998 quis
844 2918 1007 2997 palpabilis
1031 2931 1128 2996 esset,
1159 2929 1283 2985 διιειιαι.
1331 2924 1365 2984 lu
1388 2922 1512 2984 usitatis

152 3006 368 3091 hypothesibus
401 3027 505 3070 omues
538 3007 627 3070 orbes
658 3014 690 3068 et
713 3006 889 3069 nominatim
919 3011 1045 3072 muudus
1073 3019 1157 3073 totus
1190 3018 1221 3071 et
1245 3010 1377 3089 sphaera
1399 3010 1515 3072 extima

151 3100 283 3166 eneam,
316 3096 348 3158 iu
379 3105 467 3160 toruo
491 3096 598 3176 globus
627 3101 742 3158 donner
775 3095 999 3176 quiescentibus
1025 3100 1104 3179 polis
1132 3109 1164 3162 et
1192 3106 1332 3161 manente
1355 3098 1459 3161 mobili
1482 3099 1511 3160 in

150 3203 206 3246 sno
228 3187 305 3248 loco.
354 3187 448 3248 Terra
472 3204 542 3247 vero
567 3185 596 3246 in
613 3184 791 3265 Cepernico,
815 3185 840 3246 si
865 3184 961 3248 solum
984 3208 1113 3251 annuum
1128 3196 1241 3250 motum
1256 3195 1387 3267 spectes,
1411 3195 1512 3249 mente

151 3292 297 3353 separans
321 3275 466 3351 diurnum,
490 3274 668 3354 simpliciter
690 3295 887 3353 περιφερειαι.
934 3275 988 3338 Sin
1012 3284 1046 3338 tu
1070 3278 1171 3352 dicas,
1197 3274 1365 3357 Cuperuioo
1388 3276 1513 3339 Terram

150 3367 310 3437 ιιεεισθω,
339 3382 399 3425 uou
424 3382 480 3443 ego
504 3364 684 3425 intellexero
718 3364 754 3423 de
782 3371 865 3425 motu
889 3384 987 3427 annuo
1020 3367 1074 3428 sed
1104 3367 1140 3428 de
1164 3367 1285 3439 diurno,
1319 3384 1386 3427 cnm
1415 3364 1513 3427 abeo

150 3460 249 3514 mente
273 3471 451 3532 separamus
474 3471 613 3514 aunuum.
660 3451 715 3514 Sin
735 3461 834 3514 autem
857 3452 941 3517 dicas
955 3458 1152 3530 ευλιεδεσθαι,
1172 3456 1238 3535 jam
1257 3462 1411 3534 utrumque
1427 3472 1512 3517 coru-

149 3542 257 3620 plexus
280 3560 313 3603 εε
337 3550 369 3602 ει
391 3548 505 3604 motum
529 3540 668 3602 diurnum
691 3550 723 3602 et
746 3560 885 3603 aunuum.
931 3543 1052 3607 Etenim
1076 3549 1200 3615 κυλισις,
1234 3543 1261 3604 si
1284 3542 1397 3617 nescis,
1428 3560 1513 3604 com-

148 3631 267 3709 positus
290 3636 340 3691 εει
361 3638 460 3692 motus
492 3649 529 3691 ex
553 3651 636 3709 φορᾳ
668 3639 700 3691 ει
723 3633 838 3704 boquea.
884 3631 927 3692 Et
956 3635 1116 3695 subederat
1150 3633 1256 3712 globus
1289 3632 1340 3693 ille
1370 3632 1511 3707 lusorum,

150 3737 208 3799 quo
241 3719 424 3780 adstantes
457 3737 568 3781 cuneos
596 3718 775 3779 evertendos
807 3718 972 3781 collimant
1015 3721 1082 3784 Nec
1114 3741 1161 3783 me
1185 3720 1314 3781 Hercule
1339 3719 1512 3782 concinnius

149 3816 199 3868 est
222 3808 392 3887 exemplum
415 3816 514 3869 motus
529 3806 660 3868 Telluris
684 3805 851 3884 compositi,
875 3826 964 3887 quam
989 3808 1014 3869 si
1039 3809 1103 3889 quis
1126 3811 1232 3887 fingat,
1257 3807 1377 3886 globum
1397 3808 1511 3870 Terrae

149 3895 247 3957 instar
270 3896 417 3976 ejusmodi
441 3896 522 3976 globi
548 3895 648 3957 lusorii
673 3895 792 3975 obliquo
816 3902 917 3956 temen
943 3897 992 3958 axi
1015 3897 1152 3976 provolvi
1174 3897 1204 3958 iu
1228 3897 1374 3957 directam
1388 3896 1510 3965 lineam,

151 3984 204 4045 sed
225 4002 302 4063 quae
316 4003 374 4045 uon
390 3986 432 4046 sit
445 3986 475 4046 iu
490 3985 580 4063 plano
601 4003 703 4047 verum
727 3984 757 4046 iu
786 3983 893 4062 glob03
917 3993 952 4047 ιιι
975 3986 999 4047 εἰ
1015 3986 1111 4047 Terra
1133 3985 1163 4047 in
1187 3984 1333 4063 superiori
1357 3985 1509 4047 schemate

149 4072 305 4152 snperdcie
318 4071 431 4136 EATG
454 4073 683 4154 provolveretur
698 4073 747 4134 via
761 4071 864 4147 som
888 4075 988 4136 etsie
1012 4081 1076 4136 tres
1092 4073 1251 4154 Goperuici
1275 4080 1373 4136 motus
1396 4073 1426 4134 iu
1450 4092 1510 4135 uua

150 4161 206 4224 bac
228 4161 438 4242 provolutione
460 4162 572 4224 iusuut.

236 4250 385 4312 Perduxit
407 4249 616 4332 hypothesium
640 4249 796 4312 historiam
810 4251 909 4315 Ursus
931 4269 1025 4329 usque
1049 4251 1088 4313 ad
1107 4258 1244 4331 tempora
1259 4247 1384 4323 Christi,
1409 4249 1509 4329 quali-

150 4356 266 4419 tateque
290 4356 441 4403 suceessu.
489 4336 578 4410 Quod
602 4338 696 4400 sicubi
721 4359 739 4401 a
763 4357 855 4420 scopo
879 4339 1004 4413 erravit,
1029 4358 1112 4402 error
1134 4341 1256 4402 crimine
1280 4346 1381 4401 tamen
1406 4356 1509 4400 carere

150 4427 245 4490 rideri
268 4434 383 4507 potest
430 4429 490 4490 Per
513 4420 713 4504 ignorantiam
737 4429 816 4490 enim
839 4446 942 4490 omues
973 4428 1170 4491 multifariam
1194 4428 1332 4491 labimur.
1379 4426 1425 4489 Αι
1443 4426 1509 4507 jam

150 4516 198 4578 ubi
222 4516 261 4578 ed
284 4516 478 4595 Apollonium
501 4516 668 4595 Pergaeam
693 4516 823 4593 devenit,
849 4517 925 4577 adeo
948 4518 1023 4579 dura
1046 4519 1144 4578 fronte
1169 4524 1226 4589 est,
1252 4517 1385 4596 adeoque
1409 4534 1508 4595 nnga-

149 4603 301 4667 tissimum
332 4605 432 4666 sciens
455 4606 618 4685 volensque
649 4614 752 4668 uamat
783 4606 934 4681 fabulam,
967 4613 1001 4668 ιιι
1028 4605 1162 4674 nescias,
1195 4604 1334 4667 rideasne
1358 4603 1507 4665 homiuem

143 4694 250 4773 petius
264 4712 312 4754 'au
342 4693 493 4756 irascaris.
541 4692 784 4756 Circumstautiis
808 4694 944 4757 omuibus
967 4693 1169 4776 narrationem
1194 4712 1279 4755 suam
1300 4691 1438 4764 iustruit,
1463 4698 1505 4761 ut,

150 4781 196 4844 cul
219 4782 257 4843 de
281 4801 313 4843 re
336 4783 404 4861 ipsa
426 4800 484 4844 uon
509 4788 581 4845 aute
604 4788 735 4855 constet,
754 4783 860 4863 jurare
885 4783 982 4853 ausit,
1006 4801 1065 4844 non
1090 4800 1158 4844 esse
1182 4780 1362 4854 nutrirem,
1387 4779 1506 4859 quade

148 4869 289 4952 loquitur.
340 4868 411 4943 Qua
434 4871 464 4933 iu
488 4891 519 4934 re
543 4891 609 4935 oum
626 4871 816 4952 praecipuum
831 4890 941 4933 censae
956 4890 1029 4933 suae
1042 4871 1262 4934 firmamentum
1284 4875 1389 4952 ponat,
1412 4884 1505 4946 prae-
