3872 5836
394 344 461 414 380
818 348 919 401 Litorae
938 348 1039 413 Kepleri
1064 348 1213 414 aliorumque
1230 354 1333 401 mannae

395 507 470 572 lacit
494 514 639 582 naturae,
673 506 809 568 admittit
831 513 932 568 tamen
956 507 1165 588 proportiones
1190 526 1248 569 non
1272 504 1423 583 ι’μμιλιις,
1447 514 1481 569 nt
1509 501 1542 590 ’1,
1572 508 1626 572 ae.
1672 506 1751 588 Ego,

395 606 428 660 ut
452 597 585 660 auditum
609 597 787 659 instruerem
812 596 991 657 necessariis
1015 596 1173 669 subsidiis,
1204 596 1310 675 quibus
1334 596 1362 658 in
1386 597 1441 658 illa
1464 594 1625 659 latitudine
1648 597 1752 659 inten-

394 686 487 750 sionis
511 692 624 748 certum
649 685 770 765 aliquod
795 692 936 764 punctum
960 685 1139 746 verissimae
1163 685 1378 747 consonantiae
1403 686 1538 748 exaudiri
1561 694 1677 766 posset,
1702 686 1754 746 via

394 796 466 837 usus
490 794 557 837 sum
580 774 608 835 in
635 773 843 848 arithmetica,
867 773 897 835 in
922 773 1103 851 geometria,
1138 775 1167 835 in
1192 773 1352 835 stethmice
1376 774 1504 854 aliisque
1529 775 1665 838 scientiis
1688 773 1753 837 usi-

395 873 471 938 tata,
497 872 531 925 ut
554 863 672 926 scilicet
694 863 857 937 delinirem,
883 863 951 943 quid
976 864 1043 942 plus
1068 870 1151 924 esset
1169 864 1265 940 justo,
1291 863 1361 943 quid
1384 863 1491 939 minus,
1516 865 1619 944 itaque
1639 869 1754 925 certum

394 954 555 1026 haberem,
589 952 750 1014 veritatem
782 952 914 1013 residere
948 952 978 1013 in
1007 953 1115 1016 medio.
1162 953 1198 1014 Id
1222 957 1324 1013 autem
1354 952 1397 1013 sic
1421 953 1587 1014 successit:
1625 961 1755 1014 extensa

396 1042 510 1104 chorda
533 1059 623 1121 super
647 1040 705 1103 duo
729 1041 870 1120 ephippia
889 1040 952 1101 sive
967 1041 1120 1121 magadia‚
1144 1040 1189 1102 sic
1212 1048 1246 1103 ut
1261 1048 1385 1102 sonaret
1398 1042 1536 1121 impulsa,
1562 1048 1671 1122 postea
1694 1041 1751 1102 ad-

394 1130 476 1193 hibui
502 1131 623 1192 tertium
656 1128 827 1209 ephippium
859 1129 988 1206 mobile,
1023 1137 1055 1192 et
1085 1137 1205 1208 partem
1237 1129 1368 1192 chordae
1392 1129 1573 1210 longiorem,
1607 1129 1753 1192 amobili

394 1219 535 1301 ephippio
559 1219 768 1291 terminatam,
800 1217 964 1281 identidem
987 1219 1122 1299 pulsavi,
1155 1237 1278 1320 cumque
1302 1226 1370 1281 tota
1393 1219 1506 1280 chorda
1529 1219 1653 1299 ejusque
1678 1237 1753 1280 sono

393 1309 577 1387 comparavi,
602 1309 696 1369 donec
721 1307 841 1369 auribus
868 1307 1017 1370 videretur
1036 1307 1179 1370 constitui
1198 1306 1277 1369 inter
1292 1315 1448 1388 utramque
1467 1307 1564 1386 prima
1583 1317 1615 1370 et
1629 1307 1753 1370 minime

394 1398 600 1473 consonantia,
626 1398 704 1457 inter
727 1414 758 1456 re
782 1398 869 1456 etia
871 1395 988 1458 ,sed
1012 1399 1082 1476 qnia
1105 1416 1202 1472 aures,
1227 1406 1260 1458 nt
1284 1397 1355 1470 dixi,
1380 1396 1513 1458 incertae
1529 1397 1692 1458 manebant
1712 1396 1749 1457 dc

393 1487 521 1566 genuino
544 1495 655 1565 puncto
680 1484 812 1566 ephippii
836 1485 968 1558 mobilis,
998 1505 1089 1566 super
1116 1504 1173 1565 quo
1205 1484 1435 1547 constitueret
1422 1506 1473 1565 Jns
1475 1492 1539 1546 tarn
1560 1484 1694 1547 chordae
1719 1486 1750 1545 la

394 1574 623 1653 longitudinem,
653 1575 721 1637 ideo
744 1574 861 1655 pulsavi
886 1575 979 1636 etiem
1003 1576 1130 1637 alteram
1156 1574 1321 1636 breviorem
1347 1574 1475 1635 chordae
1499 1580 1637 1654 partem,
1673 1593 1751 1654 quae

394 1665 499 1725 statim
523 1664 701 1726 dissonabat
725 1684 743 1724 a
766 1670 833 1725 tota
856 1672 889 1725 et
911 1683 931 1724 a
953 1664 1067 1743 majore
1089 1672 1187 1745 parte,
1212 1662 1239 1724 si
1264 1663 1311 1725 vel
1335 1663 1427 1725 hilum
1451 1682 1470 1723 a
1493 1663 1622 1743 genuino
1637 1670 1749 1743 puncto

393 1751 600 1816 recessissem.
638 1754 713 1815 Tres
731 1752 824 1833 igitur
847 1753 1077 1816 concordantias
1102 1752 1222 1813 auditus
1237 1769 1393 1831 quaerens,
1419 1769 1477 1812 non
1492 1751 1592 1832 potuit
1610 1750 1751 1814 aberrare

394 1862 412 1902 a
431 1842 600 1922 justissimo
624 1850 750 1922 puncto;
774 1861 844 1904 nem
865 1861 938 1920 pars
963 1843 1069 1915 altera,
1095 1842 1212 1920 longior
1230 1841 1315 1919 justo
1332 1842 1448 1907 effecta,
1474 1840 1664 1920 relinquebat
1676 1838 1750 1902 reli-

395 1949 484 2011 quem
511 1932 597 2010 josto
621 1932 797 1994 breviorem.
843 1930 910 1992 Hoc
933 1938 1024 2010 pacto
1053 1930 1171 1992 bisecta
1194 1928 1306 1990 chorda
1328 1929 1479 2009 exquisite
1501 1947 1556 2009 per
1579 1928 1750 2009 ephippium
1828 2002 1832 2011 .

393 2019 513 2091 mobile,
537 2019 691 2099 apparuit,
726 2039 792 2082 esse
817 2021 897 2082 inter
918 2018 1060 2098 pertesi
1092 2026 1124 2081 et
1154 2016 1167 2079 1
1196 2016 1400 2091 unisonum,
1433 2019 1512 2080 inter
1533 2025 1651 2099 partem
1677 2017 1690 2079 1
1719 2023 1751 2077 et

393 2115 490 2168 totam
514 2105 545 2183 2,
570 2109 748 2188 diapason
772 2108 969 2183 harmoniam,
994 2126 1070 2188 quae
1095 2106 1235 2169 facillime
1260 2107 1441 2188 dijudicatur
1456 2106 1646 2182 rib-auribus,
1672 2105 1751 2167 sicut

393 2195 536 2277 spatium,
561 2198 599 2257 eb
623 2198 764 2278 ephippio
788 2199 891 2260 mobili
915 2197 1052 2271 divisum,
1077 2196 1303 2276 expeditissime
1319 2196 1456 2258 manibus
1480 2202 1511 2258 et
1526 2195 1646 2258 circinis
1661 2213 1748 2258 men-

393 2294 527 2359 suratur,
559 2306 597 2347 an
622 2287 651 2348 in
677 2288 734 2349 dno
758 2294 840 2349 recte
869 2286 911 2348 sit
933 2293 1058 2349 sectum.
1106 2284 1141 2347 Si
1165 2303 1236 2365 ergo
1263 2286 1343 2346 inter
1366 2286 1494 2347 chordas
1517 2284 1705 2364 longitudine
1730 2281 1746 2346 1

393 2381 425 2435 et
447 2371 468 2435 2
492 2382 542 2436 est
564 2374 727 2456 diapason,
760 2385 831 2438 tunc
855 2375 968 2438 chorda
991 2394 1044 2437 seu
1068 2375 1167 2456 spatio
1191 2374 1220 2435 in
1245 2371 1264 2436 3
1290 2374 1402 2450 diviso,
1427 2382 1459 2436 et
1482 2374 1623 2455 ephippio
1646 2372 1751 2435 mobili

394 2461 433 2523 ad
467 2471 610 2547 punctum
642 2484 732 2526 unum
766 2466 936 2546 applicet,o
971 2464 1031 2526 erit
1061 2465 1140 2527 inter
1171 2469 1276 2544 partes
1304 2461 1315 2524 1
1345 2470 1376 2525 et
1399 2462 1420 2526 2
1443 2482 1560 2525 rursum
1592 2462 1750 2547 diapason

393 2551 476 2613 Tunc
507 2553 597 2632 pulsa
627 2560 715 2635 parte
739 2552 760 2617 2
789 2563 822 2617 et
844 2560 911 2617 tota
934 2550 972 2631 3
1006 2554 1127 2616 auribus
1156 2551 1287 2615 occurrit
1315 2551 1537 2633 perfectissima
1566 2551 1750 2631 diapente,

393 2659 483 2720 quem
505 2642 636 2704 fortasse
661 2661 717 2705 uon
742 2643 787 2705 ita
810 2643 959 2725 exquisite
984 2650 1198 2723 agnoscerent,
1232 2641 1290 2703 nisi
1317 2650 1421 2721 partes
1450 2641 1580 2703 chordae
1608 2641 1691 2722 prins
1720 2640 1750 2701 in

393 2729 548 2809 diapason,
574 2739 608 2794 ut
631 2733 702 2808 dixi,
729 2716 907 2795 conciliatae
933 2739 1046 2807 essent,
1071 2732 1131 2793 etsi
1154 2732 1294 2811 diapente
1318 2737 1389 2811 post
1411 2730 1556 2811 diapason
1581 2728 1750 2809 expeditis-

393 2817 470 2880 sime'
490 2820 637 2899 dijudicet
638 2840 673 2882 ur
696 2823 735 2883 ab
759 2822 889 2886 auribus.
937 2821 989 2884 Sic
1011 2823 1101 2902 pulsa
1122 2829 1211 2900 perte
1237 2819 1251 2881 1
1279 2826 1311 2880 et
1333 2826 1400 2881 tote
1424 2817 1454 2895 3,
1478 2818 1610 2881 occurrit
1627 2818 1750 2880 auribus

392 2908 616 2986 perfectissime
648 2910 820 2993 diapente
854 2912 1107 2991 epidiapeson
1139 2908 1305 2971 harmonia.
1358 2906 1461 2970 Causa
1487 2914 1595 2988 patet.
1628 2926 1697 2968 nam
1732 2905 1749 2968 1

392 3015 460 3058 cum
483 2996 504 3060 2
528 3006 577 3060 est
600 3000 755 3079 diapason,
780 2998 801 3063 2
825 3020 892 3063 cum
916 2998 935 3063 3
960 3007 1010 3061 est
1033 2999 1184 3079 diapente,
1210 3016 1281 3077 ergo
1307 2997 1321 3060 1
1349 3016 1417 3058 enm
1441 2993 1461 3059 3
1485 3003 1533 3058 est
1553 2996 1695 3075 diapente
1719 3001 1751 3057 et

392 3085 551 3169 diapason.
599 3088 655 3150 llic
675 3090 741 3169 jam
774 3089 967 3152 ratiocinatio
998 3088 1142 3150 dividitur
1169 3087 1199 3147 in
1224 3087 1298 3147 duos
1322 3104 1433 3149 ramos.
1481 3086 1561 3147 Nem
1584 3084 1610 3145 si
1633 3081 1752 3165 pers²

394 3194 463 3236 cum
487 3182 555 3237 tota
578 3172 598 3238 3
624 3185 672 3238 est
696 3178 847 3257 diapente,
873 3185 940 3239 tota
963 3195 1035 3256 ergo
1059 3176 1089 3237 in
1115 3174 1133 3239 5
1159 3176 1272 3250 divisa,
1298 3175 1356 3237 crit
1379 3182 1410 3236 et
1433 3193 1505 3253 pars
1528 3170 1549 3235 2
1573 3192 1640 3235 cum
1662 3181 1749 3253 parte

392 3259 412 3325 3
437 3263 597 3341 diapente;
622 3266 660 3326 ad
685 3285 775 3344 quam
799 3268 1020 3345 agnoscendam
1044 3284 1132 3327 aures
1152 3265 1217 3344 jam
1240 3264 1372 3326 numeris
1395 3262 1444 3324 his
1467 3260 1488 3325 2
1511 3270 1543 3324 et
1567 3260 1598 3337 3,
1622 3271 1655 3324 et
1669 3262 1749 3324 divi·

392 3352 476 3413 sione
503 3352 594 3431 spatii
617 3353 647 3414 in
672 3352 691 3415 5
717 3354 856 3434 aequalia
878 3374 932 3435 pro
958 3353 1136 3415 adminiculo
1160 3360 1296 3426 utuntur,
1328 3354 1354 3415 si
1381 3370 1436 3433 per
1460 3370 1493 3414 se
1516 3370 1575 3413 non
1600 3369 1750 3432 agnosce-

392 3446 462 3502 rent
484 3439 579 3502 illem.
626 3442 721 3503 Pulsa
742 3461 814 3504 vero
838 3444 951 3504 chorda
974 3441 1075 3505 tota5
1101 3451 1132 3504 et
1146 3450 1234 3523 parte
1258 3440 1288 3516 3,
1314 3461 1401 3503 eures
1417 3448 1586 3522 agnoscunt
1608 3448 1751 3503 sextam

393 3529 517 3590 duram
541 3530 605 3593 sive
629 3531 783 3611 majorem.
829 3531 881 3595 Sic
904 3534 993 3613 pulsa
1015 3539 1103 3612 parte
1128 3529 1147 3594 2
1172 3539 1205 3592 et
1227 3539 1294 3594 tote
1317 3529 1354 3605 5,
1381 3549 1506 3593 necesse
1530 3536 1592 3605 est,
1618 3529 1750 3592 existere

392 3618 590 3697 compositam
615 3640 630 3681 e
655 3629 744 3682 sexta
767 3627 800 3683 et
822 3622 945 3702 quinta,
980 3623 1063 3696 sive,
1098 3621 1176 3701 quod
1198 3620 1278 3682 idem
1302 3628 1368 3694 est,
1402 3638 1441 3681 ex
1465 3617 1557 3681 tertie
1581 3618 1695 3699 majore
1719 3624 1751 3680 et

392 3706 550 3789 diapason.
598 3709 655 3772 Hic
677 3729 781 3773 ramus
805 3711 1044 3774 ratiocinationis
1068 3729 1183 3772 rursum
1213 3709 1424 3772 subdividitur.
1471 3706 1505 3771 Si
1529 3706 1608 3769 enim
1632 3725 1704 3787 pars
1728 3703 1749 3770 3

393 3815 461 3859 cum
486 3796 505 3858 5
530 3806 596 3860 tota
619 3808 785 3875 consonat,
820 3819 890 3880 ergo
915 3800 1012 3862 divisa
1034 3806 1102 3861 tote
1130 3801 1159 3861 in
1184 3798 1223 3873 8,
1258 3800 1350 3861 etiam
1378 3794 1398 3860 3
1422 3816 1493 3879 pers
1522 3815 1588 3858 cum
1617 3795 1637 3859 5
1661 3803 1750 3878 parta

393 3888 574 3949 consonabit
596 3887 633 3950 di
650 3885 687 3962 ἑξ
709 3890 910 3969 majorem;
933 3898 966 3952 et
988 3898 1069 3964 tunc,
1093 3889 1182 3968 pulsa
1196 3896 1284 3970 parte
1304 3887 1323 3951 5
1344 3896 1375 3949 et
1390 3894 1457 3950 tota
1474 3884 1505 3962 8,
1531 3904 1620 3948 aures
1635 3903 1751 3966 agnos-

392 3984 465 4037 cunt
488 3974 525 4037 di
542 3974 578 4049 ἑξ
600 3977 796 4051 minorem,
820 3998 909 4059 quam
932 3998 991 4041 non
1015 3978 1058 4040 ita
1072 3978 1221 4059 exquisite
1237 3977 1358 4038 delinire
1372 3984 1499 4058 possent
1518 3974 1550 4036 in
1565 3974 1750 4057 assignanda

392 4064 485 4144 spatii
509 4065 690 4144 quantitate,
714 4067 791 4128 citra
805 4069 1035 4147 praecedentem
1050 4067 1227 4129 divisionem
1242 4065 1333 4146 spatii
1349 4065 1441 4128 totins
1456 4066 1485 4125 in
1500 4061 1532 4139 8,
1556 4063 1595 4124 ob
1610 4064 1750 4126 latitudi-

393 4171 470 4224 nem,
494 4160 528 4214 ut
542 4153 614 4227 dixi,
639 4154 769 4217 auditus.
808 4155 860 4217 Sic
884 4153 1109 4236 pulsaparte3
1133 4161 1165 4216 et
1188 4163 1255 4216 tota
1276 4151 1499 4236 8consequens
1523 4161 1581 4224 est,
1606 4161 1640 4213 ut
1655 4170 1749 4215 exau-

396 4240 499 4304 diatur
522 4243 690 4322 composite
714 4262 729 4303 e
754 4252 843 4306 sexte
865 4245 972 4325 majori
997 4252 1028 4307 et
1051 4251 1139 4307 sexte
1153 4243 1270 4319 minori,
1295 4244 1358 4305 sive
1374 4263 1412 4305 ex
1427 4250 1534 4323 quarta
1548 4248 1578 4303 et
1593 4242 1749 4322 diapason.

344 4329 349 4337 '
393 4329 451 4391 Hic
471 4330 538 4410 jam
561 4350 775 4411 progressuros
809 4333 1025 4396 subdividendo
1058 4333 1317 4396 ratiocinationem
1348 4331 1502 4415 excipiunt
1531 4329 1749 4393 dissonantiae.

392 4418 472 4481 Nam
495 4419 566 4500 quia
588 4439 660 4500 pars
684 4419 704 4484 3
729 4427 760 4482 et
782 4428 849 4485 tota
872 4421 893 4487 8
917 4431 1103 4491 consonant,
1136 4430 1170 4485 ut
1193 4422 1271 4497 dixi,
1305 4430 1373 4483 tote
1395 4422 1488 4503 igitur
1520 4420 1549 4482 in
1578 4418 1611 4481 11
1640 4419 1749 4492 divisa,

391 4525 465 4588 pars
491 4504 511 4570 3
536 4515 568 4570 et
590 4528 662 4589 pers
685 4506 706 4572 8
730 4513 938 4574 consonabunt
966 4512 1124 4585 similiter;
1162 4520 1196 4573 at
1218 4519 1286 4573 tote
1312 4509 1347 4572 11
1382 4519 1414 4572 et
1443 4517 1530 4589 parte
1560 4508 1706 4571 utralibet
1729 4505 1750 4571 3

392 4596 441 4656 vel
464 4593 486 4659 8
508 4597 611 4677 pulsa,
641 4617 729 4662 eures
753 4601 943 4663 offenduntur
973 4608 1199 4682 agnoscuntque
1225 4600 1453 4664 dissonantiam.
1499 4596 1561 4671 Sic,
1586 4597 1656 4678 quia
1677 4615 1751 4677 pars

393 4682 413 4748 5
438 4693 469 4746 et
493 4693 558 4747 tota
581 4685 603 4751 8
625 4697 802 4767 consonant,
827 4697 895 4751 tota
918 4689 1009 4767 igitur
1031 4689 1061 4751 in
1088 4687 1128 4753 13
1144 4690 1252 4766 divisa,
1275 4706 1347 4768 pars
1371 4685 1391 4751 5
1415 4696 1448 4751 et
1470 4705 1541 4769 pars
1565 4682 1587 4748 8
1610 4684 1753 4749 similiter

394 4775 609 4851 consonabunt,
634 4783 669 4838 at
690 4794 796 4839 sonum
819 4775 840 4840 5
864 4780 913 4841 vel
936 4776 958 4842 8
981 4797 1047 4842 cum
1070 4797 1144 4842 sono
1167 4780 1261 4842 totius
1288 4773 1327 4839 13
1352 4785 1557 4859 comparatum
1582 4793 1672 4837 aures
1695 4793 1749 4837 ro·
