3814 5818
378 354 445 425 288
924 356 1188 424 spchfflyelanis

379 513 597 580 demonstratio
618 514 710 594 plane
732 513 808 576 nihil
831 514 894 577 tale
917 515 1045 578 redolet.
1091 514 1172 579 Nam
1195 522 1227 577 et
1248 514 1374 578 liberum
1393 514 1574 579 astronomis
1595 512 1741 596 relinquit

378 605 443 667 sive
467 602 658 667 concentrico
683 620 750 665 oum
775 602 909 686 epicyclo
933 604 1029 666 velint
1050 604 1095 667 uti
1118 604 1150 666 iu
1172 604 1309 667 omnibus
1331 604 1475 685 quinque,
1509 604 1559 685 qui
1588 604 1740 666 stationes

380 693 503 768 iaciunt,
528 692 593 753 sive
608 691 778 753 eccentrico
792 692 823 754 in
846 693 942 755 tribus
965 692 1184 772 superioribus;
1217 701 1250 755 et
1272 692 1346 756 nihil
1369 692 1413 755 illi
1438 711 1527 756 curas
1551 700 1601 756 est
1622 691 1738 754 orbium

377 782 564 845 dromonum
586 798 681 842 cansa
703 779 781 842 situs
803 781 852 843 vol
875 781 1091 862 magnitudinis
1119 790 1225 845 mutua
1252 783 1449 862 comparatio.
1495 781 1637 862 Respicit
1658 779 1738 842 enim

377 870 445 951 ejus
467 868 688 931 demonstratio
717 887 807 930 unum
830 870 928 932 solum
954 870 1125 950 planetam,
1158 890 1285 951 eumque
1314 889 1373 933 non
1396 871 1500 943 aliter,
1533 870 1591 933 uisi
1613 875 1739 950 propter
1825 894 1826 897 ¹

377 958 496 1021 unicam
520 957 686 1019 stationum
709 963 741 1018 et
763 975 955 1038 regressurus
978 980 1165 1037 queremur.
1211 960 1279 1022 Non
1303 967 1353 1021 est
1373 960 1466 1040 igitur
1479 957 1635 1039 Apollonii
1662 975 1738 1037 pro-

377 1047 478 1110 blema
508 1064 564 1126 pro
596 1044 813 1128 hypothesibus
841 1047 1053 1110 astronomicis
1085 1049 1266 1111 habendum.
1313 1049 1420 1122 Adde,
1453 1049 1594 1129 quodne
1617 1046 1737 1127 quidem

377 1136 417 1197 ad
445 1135 533 1197 unius
563 1134 707 1214 planetae
734 1141 835 1197 motus
865 1136 1116 1199 demonstrandos
1149 1137 1334 1199 sufficientes
1367 1137 1512 1199 assumsit
1542 1134 1737 1219 hypotheses,

378 1242 446 1288 cum
468 1231 658 1285 eammotus
681 1222 943 1303 inaequalitatem,
979 1243 1055 1307 quae
1079 1226 1118 1286 ad
1142 1227 1269 1288 eundem
1292 1224 1410 1288 nodiaci
1432 1227 1531 1289 locum
1558 1223 1738 1294 restituitur,

377 1313 416 1374 de
439 1312 590 1373 industria
612 1310 803 1391 praeteriret.
849 1311 918 1385 Quo
933 1314 1124 1376 manifestum
1149 1314 1231 1386 lecit,
1254 1314 1328 1377 nihil
1343 1315 1423 1376 aliud
1442 1333 1477 1377 se
1491 1332 1635 1394 quaerere
1649 1330 1739 1392 quam

378 1401 595 1482 geometricam
619 1400 819 1463 conclusionis
842 1421 881 1462 ex
904 1403 1049 1464 assumtis
1072 1403 1219 1465 deductae
1233 1403 1456 1479 certitudinem,
1480 1421 1558 1484 quae
1572 1401 1738 1463 vehemen-

379 1497 426 1551 ter
448 1489 621 1568 ingeniosoe
644 1491 901 1570 contemplatores
925 1491 1077 1553 delectare
1102 1492 1192 1554 solet.

466 1576 537 1639 Jam
560 1584 594 1639 ut
607 1578 818 1653 concedamus,
841 1597 895 1658 pro
919 1580 1137 1661 hypothesibus
1152 1580 1245 1660 iustis
1259 1579 1401 1643 habenda
1414 1579 1624 1641 demonstrata
1637 1575 1737 1656 Apol-

378 1664 460 1741 lonii,
486 1666 565 1746 quod
584 1666 650 1746 jam
674 1666 838 1731 refutatum
861 1675 919 1743 est,
944 1669 1100 1731 desumtas
1124 1677 1224 1731 tamen
1249 1667 1520 1747 subtranspositas
1543 1684 1582 1728 ex
1596 1666 1739 1728 Aristar-

377 1754 503 1829 chianis,
520 1754 586 1833 quis
597 1755 678 1818 Urso
692 1755 817 1818 credet?
840 1755 963 1819 Etenim
978 1776 1088 1837 magna
1101 1757 1319 1837 probabilitate
1333 1755 1500 1830 contendit,
1516 1756 1566 1816 vel
1579 1754 1738 1835 ignoratas
1761 1830 1765 1835 .

378 1843 426 1904 vel
442 1861 499 1905 uon
514 1842 689 1906 intellectas
705 1862 772 1905 esse
786 1844 959 1907 Aristarchi
977 1846 1189 1926 conceptiones
1203 1846 1376 1926 Apollonio.
1421 1843 1544 1906 Etenim
1566 1862 1634 1905 oum
1648 1841 1741 1905 sciret

378 1930 569 2009 Apollonius,
595 1931 774 2011 quibusdam
796 1951 836 1994 err
858 1935 1043 1996 astronomis
1065 1936 1187 2014 placere
1211 1934 1410 2010 eccentricos‚
1441 1932 1511 1995 ahie
1533 1931 1740 1994 conceptricos

379 2037 446 2081 cnm
470 2019 614 2099 epicyclo,
640 2020 797 2099 problema
819 2039 904 2083 suum
928 2022 1063 2103 utrisque
1086 2023 1333 2085 accommodavit.
1381 2020 1520 2094 Quodsi
1544 2021 1583 2082 de
1596 2020 1737 2082 Aristar-

379 2106 490 2170 chiaua
512 2106 625 2169 Terrae
648 2109 801 2171 volutione
824 2108 976 2185 scivisset,
1000 2112 1090 2173 credo
1106 2111 1254 2192 equidem,
1278 2130 1373 2192 aeque
1388 2111 1477 2173 facile
1502 2109 1541 2171 ad
1555 2109 1637 2171 illam
1653 2126 1740 2171 sunm

379 2195 536 2277 problema
562 2197 784 2260 conformasset
813 2218 848 2261 ac
871 2206 944 2279 post
971 2218 1039 2262 eum
1067 2198 1263 2280 Oopernicus.
1308 2200 1443 2275 Deinde,
1477 2198 1504 2261 si
1526 2196 1738 2260 Aristarchum

380 2283 547 2365 exprimere
571 2285 735 2348 voluisset:
770 2287 841 2367 qnid
870 2307 983 2368 quaeso
1006 2307 1081 2370 opus
1111 2288 1156 2351 illi
1185 2290 1294 2352 luisset
1321 2306 1474 2361 asserere,
1504 2287 1583 2367 quod
1603 2279 1740 2348 'centrum

379 2371 742 2455 eccentrici‘aequaliter
773 2394 839 2437 cum
863 2374 936 2440 Sole
967 2377 1141 2440 moveatur?
1186 2376 1309 2450 Quanto
1341 2377 1439 2457 majus
1473 2376 1597 2438 iecisset
1628 2391 1739 2454 operae

380 2460 599 2542 compendium,
615 2463 652 2538 si,
668 2463 747 2543 quod
763 2463 852 2526 hodie
867 2466 979 2548 Tycho,
996 2467 1179 2529 asseruisset
1196 2466 1328 2529 omnium
1345 2467 1534 2547 planetarum
1551 2470 1658 2525 centn
1672 2481 1740 2525 ease

379 2549 412 2613 in
434 2548 518 2614 Sole.
564 2552 662 2626 Nunc,
686 2571 754 2616 cum
775 2562 899 2634 separet
920 2563 1026 2617 centra
1047 2556 1238 2636 planetarum
1260 2575 1280 2617 a
1302 2553 1374 2618 Sole
1397 2563 1430 2617 et
1451 2553 1491 2615 ab
1509 2551 1646 2626 invicem,
1672 2569 1740 2613 θθῐ·

380 2647 430 2700 tas
454 2645 486 2701 et
509 2659 528 2699 a
543 2639 694 2720 'lychonis
717 2639 806 2721 longe
831 2642 968 2706 diversas
992 2653 1090 2707 metas
1104 2644 1307 2707 exstruendae
1320 2645 1445 2707 ‘formae
1458 2641 1633 2711 mundanae
1647 2657 1739 2718 prae·

379 2727 445 2790 unit
471 2726 509 2789 iis
533 2728 583 2809 qui
611 2727 668 2790 hoo
691 2730 841 2794 voluerint
866 2740 1033 2812 praestare.
1080 2734 1158 2796 Nam
1188 2740 1260 2813 post
1282 2733 1371 2795 orbes
1394 2733 1498 2794 Lunae
1529 2736 1666 2812 systema
1688 2746 1740 2790 se·

379 2823 488 2897 quatur
510 2818 533 2893 t}
556 2836 624 2879 curu
645 2817 791 2900 epicyclo,
817 2839 910 2901 snpra
933 2822 1011 2884 hunc
1036 2820 1061 2895 Ω
1084 2840 1151 2884 cum
1174 2821 1310 2904 epicyclo
1328 2821 1417 2900 longe
1440 2817 1644 2898 amplissimo:
1677 2825 1740 2878 tum

379 2903 442 2966 Sol.
488 2903 531 2966 Et
558 2905 625 2984 jam
657 2925 749 2986 supra
782 2906 886 2971 Solem
908 2909 936 2972 L
959 2911 1001 2981 (si
1033 2910 1072 2971 ad
1105 2911 1228 2972 schema
1251 2906 1281 2973 5.
1314 2908 1501 2990 respexeris)
1523 2906 1567 2979 Ε,
1601 2913 1738 2969 centrum

379 2992 541 3056 eccentrici
564 3001 590 3064 d
613 3001 677 3058 tam
700 2996 763 3058 alte
787 2997 940 3061 sublatum
963 2998 1142 3073 circumibit,
1158 3006 1194 3061 nt
1215 2996 1269 3061 EG
1295 2999 1386 3079 (qnae
1410 3004 1525 3060 certam
1549 2995 1643 3058 habet
1665 3013 1737 3075 pro·

378 3080 555 3162 portionem
574 3083 612 3145 ad
635 3082 704 3156 EF)
733 3085 850 3165 longior
879 3087 934 3162 sit,
964 3104 1053 3167 qnam
1076 3087 1144 3161 EF,
1177 3106 1214 3149 ne
1242 3086 1322 3149 orbis
1351 3086 1433 3149 Solis
1461 3085 1622 3166 aliqnando
1646 3082 1739 3145 Marti

378 3177 508 3251 cogatur
536 3170 698 3251 hospitium
721 3175 882 3254 praebere,
916 3176 995 3257 quod
1024 3174 1160 3238 omnibns
1188 3176 1249 3238 illis
1278 3175 1464 3256 impossibile
1491 3173 1587 3235 videri
1614 3190 1739 3234 necesse

367 3266 437 3331 est,
462 3260 512 3340 qni
535 3259 707 3340 palpabiles
730 3269 763 3323 et
786 3263 998 3325 adamantinos
1022 3264 1111 3326 orbes
1134 3283 1201 3327 cum
1214 3265 1383 3327 Aristotele
1402 3263 1536 3325 credunt
1581 3262 1648 3323 Hoc
1661 3260 1739 3322 euim

378 3354 437 3421 est,
463 3348 543 3426 quod
566 3366 761 3428 permagnam
785 3350 860 3412 iacit
882 3352 1082 3414 differentiam
1116 3351 1305 3416 interversa
1324 3350 1479 3432 Apollonii
1502 3350 1686 3431 hypotheses
1709 3356 1741 3410 et

378 3454 443 3508 eas,
468 3454 544 3515 quas
567 3436 665 3498 Ursus
688 3435 735 3499 illi
759 3438 877 3517 affingit
899 3442 982 3513 (cum
1000 3440 1151 3521 'lychonis
1174 3442 1261 3517 sint),
1286 3441 1364 3522 quod
1387 3442 1526 3522 utrinque
1550 3437 1683 3518 quidem,
1708 3444 1741 3498 ut

377 3542 472 3602 supra
499 3524 767 3602 demonstratum,
790 3528 930 3599 stella&
957 3528 988 3590 in
1012 3529 1180 3593 eccentrico
1211 3528 1232 3592 2
1261 3530 1335 3592 locis
1364 3529 1491 3591 incurrit
1518 3534 1617 3590 metas
1644 3524 1741 3588 centri

377 3611 553 3675 eccentrici:
578 3612 712 3695 Tyohom
738 3633 811 3678 vero
834 3617 957 3680 eaedem
982 3624 1098 3694 metae,
1133 3617 1213 3681 idern
1244 3617 1373 3682 circulus
1396 3626 1445 3680 est
1476 3623 1516 3691 et
1531 3614 1613 3679 Solis
1635 3615 1739 3696 ipsius,

376 3701 479 3780 itaque
502 3708 529 3772 0·
550 3700 594 3764 illi
618 3702 706 3783 longe
730 3703 811 3768 intra
834 3703 917 3769 Solis
940 3706 1199 3788 propinquitatem
1227 3707 1266 3769 ad
1290 3708 1401 3769 Terras
1430 3705 1605 3769 descendit:
1638 3702 1740 3783 Apol-

379 3789 460 3852 lonio
481 3791 603 3854 minime
626 3792 676 3855 vei
699 3800 783 3857 certe
806 3813 866 3856 uon
880 3796 1070 3870 necessari03
1095 3796 1228 3879 Tychoni
1244 3796 1300 3858 hoc
1320 3815 1358 3858 ex
1371 3793 1632 3858 observationibus
1655 3811 1740 3855 com·

376 3886 507 3959 portum,
530 3876 709 3945 diversitate
733 3890 877 3963 aspectus
899 3904 965 3947 rem
988 3884 1131 3948 subtilem
1152 3884 1376 3966 patefaciente:
1402 3882 1564 3965 Apollonio
1578 3882 1663 3945 nulla
1684 3880 1741 3944 ob·

377 3975 520 4045 servata,
558 3970 666 4052 quibus
697 3973 882 4037 contrarium
912 3973 1045 4037 evincat.
1091 3972 1145 4041 stc
1178 3991 1250 4056 ergo
1282 3980 1309 4044 0⁸
1340 3973 1369 4035 in
1397 3972 1560 4054 Apollonio
1593 3989 1740 4051 nunquam

377 4058 516 4121 humilior
539 4057 611 4122 Sole
634 4059 802 4140 lingendus.

465 4148 511 4210 Ut
542 4153 643 4210 autem
675 4167 714 4210 ex
736 4148 890 4229 Apollonii
918 4148 1136 4213 demonstratis
1159 4158 1295 4212 cenmum
1322 4149 1483 4213 eccentrici
1506 4146 1619 4211 Martis
1651 4165 1743 4227 snpra

378 4233 483 4300 Solem
501 4235 780 4299 circumducendum
803 4246 896 4314 esset,
921 4238 967 4301 ita
980 4237 1105 4302 Saturni
1127 4244 1263 4300 centrum
1285 4238 1365 4301 inira
1384 4236 1496 4313 Solem,
1521 4235 1651 4300 omniurn
1670 4252 1742 4298 vem

376 4325 466 4388 trium
494 4326 542 4387 vel
570 4323 755 4404 longissimis
784 4325 955 4391 intervallis
982 4347 1076 4409 snpra
1099 4323 1140 4404 Θ
1164 4326 1320 4390 circumire
1354 4326 1427 4389 nihil
1457 4327 1627 4407 prohibeat
1673 4321 1741 4394 Quo

376 4413 465 4499 mmo
494 4414 579 4476 nulla
604 4422 689 4477 certa
716 4414 795 4478 ratio
827 4415 886 4479 erit
916 4415 1127 4497 proportiones
1150 4415 1267 4479 orbium
1299 4424 1334 4478 ut
1361 4417 1442 4498 apud
1464 4414 1678 4478 Aristarchum
1710 4420 1743 4475 st

379 4502 552 4584 hebonem
572 4502 776 4583 investigandi
798 4503 858 4566 nisi
879 4505 955 4567 haec
977 4506 1076 4580 unica,
1100 4522 1176 4585 quae
1200 4524 1220 4564 a
1242 4511 1383 4567 contactu
1406 4505 1521 4567 orbium
1544 4512 1576 4566 et
1599 4520 1741 4565 occurat·

378 4589 460 4652 tione
484 4599 588 4654 mutua
610 4590 735 4655 duorum
758 4592 950 4674 planetarum
972 4593 1108 4656 cavenda
1131 4592 1315 4656 desumitur:
1340 4612 1401 4672 qua
1422 4592 1541 4655 ratione
1564 4589 1639 4654 nihil
1660 4589 1742 4654 aliud

378 4678 504 4743 docetur
527 4697 617 4761 quam
639 4688 741 4744 certae
764 4688 880 4757 metae,
914 4682 996 4746 inira
1019 4701 1095 4764 qnae
1118 4682 1262 4762 planetae
1285 4700 1344 4744 non
1368 4681 1569 4744 descendunt:
1596 4687 1742 4762 utquam

378 4768 441 4831 alte
464 4787 557 4850 snpra
579 4767 635 4831 bas
658 4776 757 4833 metas
780 4770 969 4847 attollantur,
993 4770 1193 4851 pervestigari
1217 4771 1287 4832 hino
1309 4769 1423 4852 nequit.

468 4857 573 4942 Usque
596 4857 673 4920 adeo
695 4876 806 4939 magna
828 4865 876 4922 est
889 4860 970 4923 inter
983 4866 1139 4940 utramque
1154 4859 1333 4943 hypothesin
1353 4858 1533 4933 differentia,
1557 4857 1628 4921 dum
1644 4856 1743 4920 altera
