3872 5836
719 389 750 438 a
769 388 841 438 ntus
859 384 1020 454 soreos·-
1488 388 1552 454 scr
1578 412 1582 421 ·

192 566 238 610 me
276 567 351 611 uxor
386 550 614 629 importunitate
652 570 721 619 sua,
759 558 806 623 ut,
845 551 915 630 quia
947 551 1058 611 balnea
1091 550 1206 624 horret,
1245 551 1294 611 vel
1331 552 1455 613 taudem
1492 554 1551 614 alia

192 638 311 718 quando
344 657 452 719 corpus
486 640 647 702 abluerem.
695 640 848 702 Irnmersit
869 658 916 700 me
949 639 978 700 in
1007 640 1124 701 labrum
1147 658 1244 718 aquae
1269 640 1344 700 bene
1373 642 1552 715 calefactae,

192 727 241 808 qui
265 728 397 790 calonne
427 729 539 791 afflixit
569 748 674 809 meque
702 728 916 807 coangustavit
943 729 1024 790 circa
1053 727 1238 807 praecordia
1289 726 1341 791 31.
1371 731 1448 809 Maji
1477 751 1550 810 pur·

191 817 276 894 gavi,
310 836 348 877 ex
381 837 463 879 more
496 837 568 879 usus
601 838 815 899 παγχνμαγωγῳ
848 816 916 879 leni.
975 817 1002 879 1.
1025 818 1096 879 Jun.
1129 836 1235 878 venam
1265 818 1345 879 secui
1374 820 1484 880 iterum
1514 840 1552 881 ex

192 924 292 978 more,
326 924 384 966 nou
412 914 539 987 urgente
568 908 690 983 morbo,
723 927 760 968 ne
791 906 960 987 suspicione
990 906 1109 987 quidem
1134 906 1238 968 morbi.
1287 907 1389 987 Atque
1413 908 1470 970 boc
1493 928 1550 969 non

192 1014 264 1055 sane
297 1014 334 1056 ex
367 996 555 1076 praescripto
588 996 789 1076 astrologiae,
828 1006 862 1058 ut
894 995 982 1056 facile
1010 995 1104 1057 videa.
1149 995 1267 1056 Mluuto
1298 997 1444 1076 sanguine
1475 998 1552 1059 bene

193 1083 281 1162 habui
304 1103 359 1164 per
381 1084 472 1146 horas
496 1085 621 1165 aliquot,
645 1104 771 1165 vespere
797 1085 877 1146 facto
902 1083 1032 1146 diflicilia
1056 1103 1102 1146 me
1127 1102 1247 1145 somnus
1273 1084 1399 1146 invitum
1422 1086 1451 1147 iu
1467 1093 1551 1147 stra-

194 1172 265 1253 gula
287 1174 425 1253 conjecit,
451 1174 630 1253 praecordia
654 1173 941 1254 coangustabautur.
979 1173 1062 1233 Tunc
1086 1192 1129 1234 sc.
1145 1172 1215 1234 bilis
1232 1173 1387 1235 ferebatur
1402 1174 1432 1235 in
1447 1186 1548 1254 caput,

187 1264 277 1342 juxta
300 1262 478 1342 praecordia
500 1264 662 1325 transiens.
714 1261 745 1325 2.
770 1262 839 1325 Jun.
865 1281 924 1323 uon
948 1262 1061 1341 optima
1084 1268 1277 1341 tempestate,
1309 1263 1410 1324 calida
1435 1272 1548 1338 tanmn,

194 1352 319 1413 transivi
352 1352 382 1412 in
416 1353 559 1414 minorem
589 1353 713 1427 urbem,
749 1360 782 1412 ut
805 1352 877 1413 mihi
907 1352 1014 1413 melius
1038 1358 1121 1411 esset
1153 1362 1236 1411 motu
1261 1369 1324 1412 uso.
1372 1351 1470 1413 Biduo
1495 1353 1551 1413 hoc

193 1440 341 1502 Rhenano
373 1441 442 1502 vino
473 1460 618 1521 perquam
646 1451 793 1518 generoso
827 1459 909 1502 eram
944 1459 1024 1500 nsns.
1083 1437 1144 1500 Sed
1181 1439 1219 1498 ad
1247 1439 1336 1518 hujus
1366 1439 1424 1501 diei
1457 1460 1551 1521 pran-

194 1529 272 1591 dium
292 1529 449 1609 frugaliter
463 1530 544 1591 vixi:
570 1529 651 1592 circa
674 1530 778 1591 horam
803 1549 832 1609 p.
858 1549 897 1590 m.
923 1530 1046 1591 tertiam
1068 1528 1174 1589 horror
1197 1546 1243 1588 me
1267 1529 1389 1608 excepit
1403 1531 1472 1591 dum
1493 1531 1550 1590 do·
1623 1578 1630 1590 .

194 1638 272 1680 mum
296 1620 461 1690 contendo,
494 1627 526 1680 et
548 1628 582 1681 ut
605 1620 638 1679 lit
661 1618 739 1697 apud
764 1637 810 1680 me
838 1618 868 1679 in
897 1616 1033 1679 omuibus
1063 1616 1212 1691 febribus,
1246 1618 1401 1679 cerebrum
1425 1619 1554 1680 invaluit

195 1727 313 1782 somno,
348 1707 473 1768 dormivi
496 1708 644 1786 inquiete,
674 1714 739 1767 toto
763 1726 838 1786 pene
862 1706 970 1781 biduo,
995 1705 1076 1767 nullo
1100 1724 1172 1766 usus
1196 1705 1278 1772 cibo,
1303 1705 1429 1767 subinde
1453 1706 1552 1768 vomui
1608 1738 1614 1745 ·

195 1797 283 1858 bilem
308 1796 468 1857 admodum
491 1806 672 1876 cornrptum.
718 1796 923 1876 Paroxysmos
956 1796 1054 1856 nullos
1083 1794 1277 1855 vehementes
1308 1795 1407 1855 babui.
1455 1796 1551 1856 Totus

194 1887 314 1948 morbus
346 1886 375 1945 in
400 1886 543 1947 effusione
567 1885 636 1946 bilis
660 1886 690 1946 in
713 1884 909 1946 ventriculum
934 1884 1000 1945 fuit.
1047 1883 1159 1944 'liiduo
1182 1893 1266 1962 post,
1300 1902 1327 1944 n.
1351 1878 1381 1945 4.
1407 1883 1477 1945 Jnn.
1502 1885 1551 1945 iu-

195 1975 268 2037 cidit
292 1996 350 2036 uua
372 1994 447 2036 uxor
469 1992 536 2036 mea
559 1973 588 2035 in
613 1973 818 2054 quotidianam
833 1973 956 2043 labrem,
981 1980 1068 2034 tanto
1081 1971 1339 2051 periculosiorem,
1365 1973 1444 2052 quod
1468 1981 1551 2034 esset

193 2064 328 2144 gravida.
375 2062 506 2144 Reliqua
526 2062 722 2143 particularia
745 2082 802 2124 non
823 2062 975 2137 annotavi,
1000 2060 1057 2122 nisi
1082 2060 1160 2140 quod
1184 2061 1223 2151 ad
1247 2057 1268 2123 6
1292 2060 1377 2123 vell
1401 2062 1550 2141 septima-

195 2174 248 2215 nas
264 2153 455 2214 conflictatus
471 2172 596 2213 casum.
631 2152 785 2213 Interdum
808 2149 848 2215 10
863 2151 968 2212 diebus
988 2150 1072 2225 liber,
1096 2158 1130 2210 ut
1153 2168 1247 2210 sanus
1270 2150 1424 2224 crederer,
1450 2151 1555 2229 itaque

194 2261 248 2303 usu
259 2241 318 2303 vini
334 2242 373 2303 ad
388 2240 565 2302 vomitiones
577 2241 646 2302 bilis
661 2241 736 2302 redii
751 2240 835 2302 etad
850 2240 989 2302 hormres
1000 2240 1062 2313 irc,
1079 2256 1147 2299 cum
1162 2237 1285 2300 duraret
1301 2239 1469 2301 obstructio
1483 2239 1552 2301 alvi.

194 2329 303 2403 Credo,
327 2350 374 2391 me
398 2350 436 2392 ex
459 2349 559 2391 eorum
583 2349 704 2391 nurnero
729 2349 806 2403 esse,
832 2329 939 2408 quibus
961 2348 999 2389 ex
1022 2327 1092 2389 bilis
1116 2326 1252 2389 folliculo
1276 2336 1395 2390 meatus
1419 2330 1449 2389 iu
1473 2347 1548 2390 ven-

194 2420 332 2480 triculum
357 2419 430 2491 abit,
455 2419 504 2498 qui
528 2420 627 2480 solent
650 2438 718 2479 esse
742 2419 904 2499 βραχυβιοι.
1494 2418 1498 2435 ’

264 2526 452 2575 Fabricius:
483 2525 589 2581 Moneo,
618 2530 647 2573 ut
664 2523 796 2599 diligenter
813 2523 922 2586 inquiras
940 2518 1114 2569 universalium
1138 2526 1164 2569 et
1188 2519 1358 2570 diutmnarum
1377 2525 1554 2584 tempestatum

194 2610 299 2654 cauam
318 2598 344 2646 in
361 2598 392 2646 iis
409 2611 499 2661 nempe
517 2596 651 2645 consistere
669 2594 765 2644 videtur
782 2597 859 2642 totins
877 2591 1067 2656 meteorologiae
1085 2591 1199 2640 suenus.

283 2696 485 2775 Keplerus:
524 2692 612 2763 Quod
637 2713 752 2766 moues,
777 2691 863 2753 vides
886 2709 933 2750 me
958 2689 1065 2750 fecisse
1089 2689 1119 2748 in
1142 2687 1332 2767 prognostici
1351 2688 1552 2766 praefatione.

195 2784 239 2845 Tu
254 2785 322 2846 illas
337 2794 443 2847 excute
468 2782 651 2861 diligentius,
676 2782 820 2861 adjuncta
842 2797 909 2840 mea
929 2777 1134 2856 disputatione
1159 2775 1195 2836 de
1211 2776 1443 2853 Meteorologia,
1468 2777 1552 2855 cujus

196 2882 372 2953 argumenta
394 2883 498 2953 patere
524 2871 615 2931 altius
640 2870 669 2931 in
693 2879 777 2931 tuum
800 2868 930 2929 animum
955 2865 1151 2937 descendere,
1178 2872 1211 2923 ut
1234 2882 1272 2925 ea
1295 2863 1415 2943 penitus
1440 2883 1551 2943 appre-

196 2963 319 3038 hendas,
345 2982 402 3023 neu
426 2960 626 3023 transvolent.

265 3069 435 3120 Fabricius
454 3064 509 3128 (to.
529 3066 587 3116 Jau.
609 3062 705 3124 tunel:
733 3062 786 3127 Ego
805 3060 1017 3110 altitudinem
1035 3058 1163 3106 nubium
1182 3072 1231 3105 uon
1250 3070 1305 3106 raro
1323 3056 1450 3121 indagavi,
1471 3064 1497 3105 et
1514 3058 1553 3104 in·

196 3142 251 3189 veni
270 3140 355 3191 ‹liebm
373 3140 473 3191 sestiris
492 3154 541 3188 non
563 3137 630 3186 ultra
656 3132 723 3184 1000
740 3146 836 3198 passus.
873 3130 950 3180 Nulla
973 3130 1052 3179 nubes
1078 3127 1152 3177 altius
1180 3127 1273 3177 dimidii
1298 3127 1410 3178 milliaris
1428 3127 1551 3183 uasere,

195 3225 251 3260 cum
269 3216 312 3261 atr
330 3211 367 3261 sel
383 3214 457 3275 juxta
473 3216 520 3259 tua
537 3209 669 3258 mncinia
690 3221 740 3256 noa
764 3204 820 3269 plus
842 3204 868 3252 ln
891 3203 970 3253 altum
988 3202 1135 3265 porrigatur.
1172 3198 1289 3255 Memini.
1311 3215 1352 3249 use
1370 3199 1504 3264 aliquando
1522 3198 1554 3249 te

196 3284 333 3334 nominibus
352 3297 444 3332 arenae
463 3281 598 3331 summitati
617 3279 716 3344 Olympi
734 3276 857 3339 inscriptis
875 3274 965 3340 legisse
983 3271 1029 3322 dc.
1066 3271 1162 3336 (Comp.
1185 3268 1324 3336 Opticam.)

267 3353 342 3404 Ratio
361 3353 506 3403 observandi
526 3352 570 3402 alt.
589 3352 691 3401 nubium
709 3350 786 3400 haec:
805 3350 830 3397 in
847 3347 923 3411 plano
942 3354 967 3396 et
986 3344 1062 3393 libero
1082 3344 1136 3392 loco
1154 3348 1263 3407 tempore
1281 3342 1392 3392 meridiei
1411 3347 1555 3405 expectetur

197 3426 273 3475 unbm
292 3425 388 3490 aliqua,
413 3439 477 3489 quae
496 3440 543 3474 sua
560 3424 718 3474 extremitate
736 3421 854 3470 verticem
878 3418 1042 3467 observatoris
1061 3417 1177 3480 attingat
1217 3414 1310 3464 Eodem
1328 3420 1453 3464 momento
1472 3413 1554 3462 obser-

196 3504 280 3555 vetur,
304 3511 429 3561 quousque
455 3496 542 3545 umbra
560 3494 722 3545 extremitatis
741 3493 811 3542 istius
829 3504 913 3538 versus
931 3489 1124 3553 septentrionem
1150 3488 1174 3535 iu
1197 3486 1271 3549 plano
1291 3485 1383 3536 Terrae
1403 3485 1555 3549 projiciatur,

195 3562 361 3632 terminusque
379 3574 486 3617 nomme.
524 3565 566 3615 Sic
584 3566 690 3614 babetur
707 3562 857 3626 mlaugulum
884 3556 1074 3624 mctsngulum,
1102 3560 1173 3621 culus
1192 3558 1256 3607 alter
1279 3557 1345 3607 latus
1371 3563 1410 3607 est
1437 3557 1557 3606 manda

196 3641 297 3705 cognita
314 3639 425 3689 locorum
442 3640 469 3686 e't
486 3637 593 3701 angulus
611 3635 748 3684 slfimdiais
768 3631 832 3682 Solis
850 3630 1003 3679 mendlanse
1022 3630 1136 3693 cognitus

284 3727 483 3806 Keplerus:
518 3723 686 3785 Confirmss
709 3738 806 3782 meum
828 3717 986 3797 problema
1008 3716 1045 3776 de
1070 3715 1228 3776 altitudine
1253 3715 1333 3777 aeris
1348 3714 1556 3793 experimento

197 3817 332 3886 uubium;
366 3822 398 3873 et
421 3814 498 3872 forte
521 3822 553 3872 tu
579 3808 823 3890 probabilitatem
847 3805 942 3866 solam
967 3802 1125 3882 spectasti.
1168 3803 1213 3864 At
1235 3803 1335 3864 beasti
1359 3821 1420 3871 me,
1451 3803 1555 3863 oFa·

199 3902 283 3975 brici,
308 3898 501 3979 suppeditata
524 3896 782 3959 demonstratione
807 3893 988 3955 necessaria.
1035 3890 1067 3952 Si
1092 3891 1187 3951 nubes
1212 3898 1282 3952 suut
1300 3890 1455 3970 graviores
1475 3896 1555 3963 atre,

199 4008 265 4049 curn
289 3988 425 4049 emantur
453 4008 491 4048 en
514 3989 622 4063 Terra,
652 3987 814 4049 manebunt
836 4001 926 4062 super
949 3982 1090 4052 Terram,
1115 3985 1149 4039 ut
1172 3980 1314 4054 nebulae,
1349 3979 1556 4040 tautummodo

199 4078 276 4138 mole
301 4096 356 4137 sua
378 4078 468 4156 paulo
492 4077 708 4150 elevabuntur,
745 4084 778 4135 ut
812 4073 945 4135 habeant
976 4070 1109 4149 spatium
1137 4068 1271 4147 justum,
1306 4088 1363 4150 quo
1387 4066 1556 4147 capiantur.

198 4165 252 4229 Sin
278 4175 380 4229 autern
405 4167 574 4228 ascendunt
597 4166 707 4239 nubes,
746 4172 833 4226 eruut
861 4160 990 4225 leviores
1018 4165 1108 4232 atre,
1144 4168 1176 4218 ut
1204 4158 1230 4220 si
1259 4157 1361 4221 vesica
1389 4155 1496 4219 inflata
1519 4176 1557 4218 en

197 4257 283 4336 aquis
307 4256 464 4319 ascendat.
511 4256 543 4317 Si
569 4254 697 4316 leviores
721 4260 810 4325 altre,
846 4269 903 4313 uon
927 4257 1019 4309 vento
1043 4248 1172 4327 desuper
1195 4246 1384 4310 incumbente
1409 4247 1555 4325 agitatae,

198 4346 364 4407 ascendent
394 4344 487 4425 igitur
509 4363 562 4424 per
585 4344 702 4405 omnefn
733 4342 813 4403 atris
837 4338 1040 4409 altitudinem,
1074 4337 1173 4397 etsie
1197 4357 1254 4398 nou
1279 4335 1556 4417 poteritaeresse
1668 4336 1678 4359 ⁸

199 4435 288 4497 altior
311 4434 438 4496 nubibus
462 4426 562 4514 quiete
587 4430 833 4494 consistentibus.
880 4426 1078 4490 Namnubes
1103 4426 1247 4487 estnihil
1272 4426 1460 4505 uisivapor;
1494 4425 1555 4486 ita·

198 4542 253 4603 que
277 4542 372 4604 vapor
396 4523 543 4584 densatus
567 4521 595 4583 lu
620 4530 740 4600 guttam
764 4518 870 4580 statim
893 4517 999 4578 iterum
1024 4514 1146 4575 decidit.

268 4647 454 4697 Fabricius:
481 4647 575 4697 Aeris
594 4643 804 4693 altitudinem
826 4656 875 4691 aon
894 4642 984 4703 ubique
1003 4637 1108 4687 eandem
1128 4651 1182 4687 esse
1199 4638 1312 4700 putc,·iu
1331 4635 1391 4687 locis
1410 4636 1557 4685 mutibus

197 4717 362 4851 humiliorsnp,
391 4732 465 4783 quam
493 4719 519 4767 in
546 4715 692 4766 borealibus.
731 4712 878 4775 (Mones,
903 4727 964 4777 quas
991 4709 1064 4761 affert
1082 4709 1126 4764 F..
1152 4708 1268 4795 leguntur
1285 4709 1311 4757 iu
1330 4707 1380 4758 hac
1397 4707 1500 4771 Kepleri
1518 4722 1555 4756 re-

198 4804 335 4855 sponsione.

288 4889 495 4973 Keplerus:
530 4883 725 4952 Australibus
758 4893 790 4946 et
820 4882 953 4947 torridae
986 4888 1086 4943 aerem
1119 4881 1343 4963 profundiorem
1374 4878 1500 4959 probavi
1528 4878 1556 4940 iu
