3872 5836
385 349 452 422 m
806 352 907 403 Literse
923 351 1028 417 Keplsrl
1045 351 1197 415 adunque
1214 302 1319 401 mutuae

385 513 429 583 sio
451 519 571 596 potest,
605 519 639 575 ot
662 511 692 574 in
718 510 865 573 indultum
899 511 1052 591 progressi
1081 529 1204 590 semper
1225 509 1349 591 propius
1372 474 1565 581 accedamus,
1598 523 1655 566 nec
1675 501 1747 582 plns

385 622 446 666 una
474 602 591 664 unitate
621 600 795 664 deficiamus
828 600 857 661 in
891 600 960 678 ipsa
983 599 1124 679 quadrati
1156 599 1368 661 delineatione.
1414 597 1597 677 Incipiamus
1623 592 1704 655 esim
1726 611 1747 652 a

385 691 534 754 minimis:
558 689 602 753 sit
623 708 763 753 uumerus
787 688 947 750 divisibilis
970 689 1108 751 minimus
1131 687 1167 762 2,
1191 696 1296 769 partes
1319 686 1435 750 habens
1461 684 1475 748 1
1502 693 1535 747 et
1559 683 1592 753 1,
1621 698 1747 763 qnarnm

385 800 448 842 uua
467 780 533 860 jam
556 779 705 842 habeatur
727 796 782 860 pro
805 777 928 849 minori,
957 778 1055 840 altera
1077 796 1131 859 pro
1154 777 1269 857 majori.
1316 773 1369 837 Sic
1400 775 1493 854 igitur
1516 780 1604 836 erunt
1624 767 1747 835 termini

389 867 422 944 1,
447 867 481 943 i,
508 865 539 929 2.
586 866 623 930 Si
646 868 783 948 perfecte
806 875 892 928 esset
913 884 1058 944 expressa
1080 867 1236 948 proportio
1259 864 1375 936 divina,
1404 870 1559 945 oporteret
1579 868 1745 937 reetangu·

387 958 447 1018 lum
480 960 693 1019 extremorum
716 955 840 1036 aequsri
873 954 1022 1034 quadrato
1045 956 1149 1031 medii,
1183 963 1217 1016 at
1244 953 1364 1016 excedit
1386 954 1518 1025 unitate,
1549 960 1586 1014 nt
1605 949 1676 1024 [i]
1695 948 1748 1021 U;

385 1064 480 1125 pergo
504 1045 611 1124 igitur,
636 1063 820 1125 componens
843 1051 962 1124 partem
981 1045 1128 1123 majorem
1157 1043 1170 1106 1
1198 1060 1265 1105 oum
1292 1050 1358 1103 toto
1381 1039 1416 1118 2,
1448 1049 1482 1104 ut
1504 1043 1568 1103 sint
1589 1035 1625 1112 3,
1659 1042 1748 1098 erunt

386 1133 507 1195 termini
531 1135 578 1197 sic
605 1131 636 1207 1,
655 1132 696 1213 2,
722 1132 759 1208 3;
792 1132 841 1195 hio
864 1132 1072 1212 reetangulum
1095 1142 1295 1196 extremorum
1315 1139 1364 1193 aet
1387 1127 1423 1205 3,
1453 1130 1633 1210 quadratum
1655 1122 1746 1187 medii

386 1218 478 1286 est4
516 1224 597 1294 (Ha.
623 1221 686 1297 ΕΗ)
732 1222 831 1300 Pergo
864 1239 998 1289 rursum,
1031 1225 1174 1302 majorem
1197 1218 1227 1295 ,2
1260 1218 1374 1281 addens
1407 1219 1465 1282 toti
1497 1214 1537 1291 3,
1571 1224 1606 1279 ιιι
1636 1231 1747 1277 novum

385 1320 483 1373 totmu
506 1311 547 1371 eit
570 1308 607 1386 5;
632 1311 751 1375 termini
774 1309 806 1383 2,
831 1307 860 1382 3,
886 1307 917 1372 5.
963 1308 1184 1392 Rectanguluur
1204 1315 1403 1371 extremorum
1427 1307 1457 1382 2,
1482 1306 1502 1371 5
1527 1314 1577 1368 est
1593 1302 1644 1380 10,
1668 1321 1747 1383 qua-

386 1405 507 1505 dratum
529 1444 620 1505 medii
644 1440 734 1509 est9
762 1408 867 1560 (Qu
906 1403 1007 1560 Q).
1068 1441 1214 1506 Similiter
1247 1444 1324 1506 adde
1358 1439 1376 1505 3
1410 1450 1442 1503 et
1475 1440 1515 1513 5,
1552 1447 1587 1500 ut
1619 1435 1680 1497 sint
1712 1430 1744 1497 8.

387 1616 1194 1704 e><5:auae:eupngergnursre
1240 1585 1350 1730 (Q
1386 1581 1506 1728 ff)
1561 1615 1628 1688 ua,
1667 1610 1745 1691 quon

386 1754 436 1817 uni
460 1755 556 1823 deest.
581 1754 670 1816 altari
695 1754 833 1817 abundat
854 1766 1011 1835 perpetuo.
1057 1754 1126 1818 Non
1148 1763 1233 1836 pnto,
1257 1774 1305 1816 me
1327 1771 1418 1832 posse
1441 1750 1554 1815 elarius
1578 1755 1611 1810 et
1632 1745 1744 1826 palpa·

386 1843 475 1905 bilius
499 1862 561 1903 rem
584 1842 745 1922 explicare,
771 1862 860 1922 quarn
884 1843 910 1904 si
935 1844 1042 1918 dicam,
1067 1853 1099 1904 te
1121 1843 1224 1906 videre
1247 1843 1396 1923 imagines
1418 1841 1481 1905 illio
1504 1836 1671 1908 mentulas,
1688 1831 1745 1895 -hin

386 1932 504 1994 vulvae.
550 1932 655 1992 Efficit
678 1930 770 2011 igitur
793 1933 842 1994 hie
866 1952 1009 1994 excessus
1033 1933 1217 2012 alternisque
1241 1933 1378 1995 defectus
1401 1926 1585 2008 reotsngnli,
1609 1931 1644 1987 nt
1665 1940 1744 1985 nuu-

386 2038 474 2099 quam
498 2020 631 2098 perfecte
655 2020 857 2099 exprimemus
879 2020 1011 2083 numeris
1034 2022 1256 2101 proportionem
1280 2020 1423 2083 divinam.
1469 2018 1514 2081 Et
1534 2023 1639 2079 ems
1659 2029 1743 2075 eom·

386 2127 441 2189 per
463 2107 587 2188 propios
609 2108 650 2169 ad
672 2109 771 2188 ipsam
794 2110 986 2184 accedimus,
1021 2128 1079 2189 quo
1112 2110 1233 2190 saepius
1260 2109 1478 2190 componimus:
1512 2113 1547 2167 nt
1573 2103 1600 2165 si
1624 2098 1644 2166 5
1667 2096 1744 2163 et8

386 2215 558 2275 componas,
583 2204 671 2257 erunt
697 2194 755 2271 133
776 2199 842 2276 jam
870 2195 908 2261 13
932 2199 961 2260 in
985 2197 1006 2262 5
1030 2198 1231 2279 multiplicata
1254 2199 1328 2261 dant
1349 2192 1402 2272 65,
1427 2193 1534 2259 8vero
1556 2192 1655 2256 octies
1673 2195 1743 2251 suot

389 2280 432 2358 64
450 2287 536 2359 sien,
561 2285 755 2365 supradixi,
784 2284 912 2350 Sannio
939 2285 978 2351 13
1002 2287 1176 2368 contingere
1199 2287 1410 2349 conversiones
1434 2285 1590 2355 Veneris).
1635 2281 1743 2357 ltaque

387 2374 524 2437 defectus
554 2373 640 2435 unius
673 2376 841 2456 reetangnli
874 2376 1009 2456 proxime
1033 2384 1210 2456 compensat
1233 2395 1390 2439 excessum
1421 2373 1556 2456 proxime
1579 2365 1743 2450 sequentis,

388 2471 421 2524 ut
443 2464 488 2523 ita
509 2462 541 2523 in
565 2462 681 2525 duabus
697 2463 811 2527 vicibus
834 2466 973 2545 proxime
996 2465 1044 2527 bis
1069 2474 1187 2528 utamur
1209 2465 1401 2546 proportione
1425 2463 1537 2525 divina.
1582 2460 1634 2523 Ad
1657 2455 1743 2535 cujus

386 2551 431 2615 rei
453 2549 696 2627 similitudinem,
716 2554 742 2614 si
766 2572 804 2616 ex
827 2553 927 2634 aliquo
951 2553 1063 2637 Satyro
1087 2554 1239 2617 rusticano
1263 2573 1406 2634 quaeres,
1434 2550 1547 2634 quain
1569 2568 1603 2612 re
1626 2544 1745 2611 differet

387 2638 543 2720 generatio
568 2640 692 2719 plantae
716 2663 734 2702 a
757 2643 951 2721 generatione
974 2643 1112 2720 hominis,
1136 2643 1348 2722 respondebit,
1377 2642 1406 2704 in
1430 2643 1504 2715 hoo,
1537 2639 1616 2719 qnod
1639 2636 1745 2715 plenta

387 2729 501 2793 hebeat
532 2748 635 2791 semen
660 2730 689 2791 iu
714 2749 762 2806 se,
796 2731 898 2811 itaque
921 2752 1011 2795 unam
1034 2732 1171 2796 sufficere
1195 2732 1233 2794 ad
1256 2732 1364 2794 similis
1387 2728 1625 2811 generationem,
1658 2730 1692 2786 at
1714 2720 1745 2781 in

386 2818 504 2881 homine
527 2819 693 2880 mentulam
716 2828 749 2881 et
773 2822 892 2883 vulvam
916 2823 1075 2883 convenire
1098 2840 1222 2884 necesse
1245 2840 1329 2895 esee,
1362 2827 1411 2895 ut,
1435 2818 1514 2899 qnod
1537 2816 1588 2880 uni
1610 2813 1691 2877 desit
1713 2816 1745 2870 tt

387 2908 467 2980 hiet,
502 2906 591 2970 alteri
615 2908 748 2970 abundet
771 2918 804 2971 et
825 2912 1031 2989 propendeat,
1065 2912 1240 2990 duobusque
1265 2908 1433 2971 homiuibus
1452 2907 1567 2988 junctis
1600 2914 1633 2967 et
1655 2902 1743 2981 hujus

387 3015 513 3069 excessu
537 2996 567 3059 in
590 2996 673 3059 illius
697 2998 848 3060 defectum
870 3000 996 3074 inserto,
1021 2999 1130 3061 tertius
1153 2997 1260 3061 similis
1284 3004 1437 3061 nascatur.

475 3089 578 3166 Atque
602 3085 649 3147 hio
673 3105 816 3149 excursus
840 3095 916 3163 esto,
942 3107 1029 3169 quem
1052 3088 1124 3150 mihi
1147 3087 1276 3150 extorsit
1297 3086 1429 3167 prurigo,
1454 3081 1653 3146 aReinhardi
1673 3098 1745 3160 epe·

335 3228 339 3233 .
388 3174 589 3237 culationibns
612 3175 777 3238 concitata.
825 3177 910 3237 Ludo
934 3178 1043 3256 quippe
1065 3185 1099 3238 et
1122 3195 1179 3256 ego
1198 3175 1343 3259 symbolis
1367 3182 1398 3236 et
1413 3173 1587 3253 opusculum
1604 3168 1742 3233 institui:

388 3263 568 3336 „cabbalam
582 3263 830 3340 geometricam“‚
867 3283 943 3343 quae
967 3274 1016 3325 est
1030 3266 1067 3325 de
1081 3264 1158 3327 ideis
1182 3284 1279 3327 rerum
1303 3264 1483 3326 naturalium
1507 3262 1536 3323 in
1560 3259 1745 3341 geometria;

389 3350 443 3411 sed
467 3351 511 3412 ita
535 3349 620 3421 ludo,
654 3359 688 3411 ut
711 3370 758 3411 me
782 3351 885 3413 ludere
909 3373 968 3414 non
992 3353 1164 3416 obliviscar.
1211 3354 1296 3415 Nihil
1320 3353 1399 3415 enim
1422 3352 1567 3431 probatur
1590 3348 1745 3430 symbolis,

387 3438 461 3499 nihil
485 3438 617 3500 abstrusi
640 3438 755 3501 eruitur
777 3440 808 3501 in
832 3441 963 3503 naturali
986 3442 1178 3521 philosophia
1200 3461 1255 3523 per
1269 3442 1423 3524 symbolas
1438 3439 1649 3520 geometricae,
1671 3447 1745 3501 tau-

387 3534 450 3589 mm
473 3534 545 3588 ante
570 3534 643 3589 nota
666 3529 941 3603 accommodantur,
966 3530 1024 3592 nisi
1047 3532 1140 3593 certis
1164 3531 1331 3593 rationibus
1355 3530 1520 3603 evincatur,
1546 3548 1605 3592 non
1628 3536 1747 3591 tautum

387 3634 456 3677 esse
480 3614 656 3697 symbolica,
680 3617 735 3679 sed
758 3637 826 3679 esee
850 3619 1021 3698 descriptos
1046 3620 1239 3682 connexionis
1264 3619 1308 3681 rei
1332 3618 1486 3699 utriusque
1501 3618 1608 3680 modos
1623 3627 1656 3680 et
1670 3637 1745 3680 can·
1781 3619 1786 3627 ’

387 3724 454 3780 sas;
478 3714 512 3766 ιιι
534 3705 564 3766 in
589 3706 730 3769 meteoris
754 3716 803 3768 eet
825 3708 929 3787 aliqua
958 3727 1052 3770 causa
1079 3727 1191 3789 agens,
1221 3709 1348 3770 rationis
1372 3714 1403 3769 et
1426 3707 1612 3787 geometriae
1636 3726 1745 3787 capax,

388 3813 465 3874 quae
490 3793 529 3856 ad
553 3804 715 3857 nascentes
739 3796 768 3857 in
792 3797 877 3858 coelo
903 3807 1046 3878 aspectus
1069 3801 1148 3871 (rem
1163 3799 1392 3877 geometricam)
1417 3797 1628 3859 accommodat
1640 3796 1746 3859 modos

388 3894 420 3945 et
440 3902 639 3967 paroxysmos
663 3884 710 3946 sui
734 3885 844 3966 operis,
869 3887 948 3965 quod
972 3894 1022 3947 est
1044 3888 1196 3949 concitare
1211 3887 1350 3948 humores
1365 3885 1589 3960 subterraneos,
1615 3894 1648 3948 nt
1671 3904 1746 3948 eva-

386 3984 505 4051 porent.
552 3973 609 4035 Hie
645 3975 759 4037 frustra
791 3974 869 4037 alius
905 3974 1204 4057 symbolisationibne
1237 3975 1356 4036 innixus
1390 3994 1428 4036 ex
1456 3972 1477 4051 5
1509 3975 1628 4050 nivem,
1661 3981 1747 4044 exd

389 4064 500 4126 tonitru
524 4062 709 4141 expectabit,
734 4083 772 4124 ex
795 4063 825 4137 ll
848 4065 990 4143 pluviam,
1015 4084 1032 4126 e
1057 4065 1083 4140 ῼ
1107 4083 1214 4137 rorem,
1240 4083 1277 4126 ex
1301 4066 1323 4142 b
1347 4072 1468 4126 ventum
1483 4064 1537 4126 uo.
1584 4061 1648 4126 Sed
1671 4081 1747 4143 geo·

389 4151 499 4213 metria
530 4157 707 4228 aspectuum
739 4153 774 4213 lit
801 4172 895 4215 causa
924 4152 1096 4231 objectiva,
1131 4170 1254 4215 movens
1278 4153 1430 4215 Archenm
1454 4153 1685 4216 subterraneum
1706 4152 1746 4214 ad

389 4236 530 4317 impetum
555 4237 702 4318 aliquem,
737 4258 775 4302 ex
808 4260 865 4321 qno
898 4241 999 4304 omnia
1029 4244 1112 4306 dicta
1138 4240 1307 4323 promiscue
1339 4260 1393 4321 pro
1416 4261 1449 4304 re
1473 4248 1566 4317 nata,
1595 4242 1660 4323 jam
1692 4242 1748 4304 lroo

383 4325 449 4406 jam
471 4327 546 4391 illud
565 4327 702 4390 resultat.

477 4417 545 4479 Nou
570 4415 694 4494 dubito,¹
708 4418 929 4501 Pythagoricos
952 4420 1015 4482 tale
1039 4419 1110 4500 quid
1133 4417 1319 4497 respexisse,
1343 4418 1431 4497 quale
1455 4437 1511 4499 ego
1535 4418 1584 4480 hic
1608 4419 1749 4499 proposui

388 4506 425 4567 de
449 4524 575 4568 excessu
599 4514 631 4564 et
655 4506 774 4571 defecto
808 4508 1037 4587 quadratorum,
1066 4509 1136 4569 dnm
1160 4507 1289 4591 impares
1314 4525 1452 4569 numeros
1475 4526 1575 4570 mares
1598 4507 1747 4582 dixerunt,

388 4613 478 4674 peres
502 4611 574 4656 vero
600 4592 738 4660 feminas.
785 4596 827 4657 Et
848 4597 954 4670 Plato,
980 4606 1011 4659 ut
1034 4595 1280 4674 supradictum,
1305 4595 1432 4676 primum
1457 4596 1622 4676 imparem,
1645 4596 1676 4658 id
1700 4605 1751 4658 est

387 4683 545 4757 unitatem,
570 4683 790 4765 interpretatus
814 4695 861 4747 eat
884 4686 1007 4759 „ideam
1021 4705 1073 4747 seu
1091 4687 1226 4761 formem,
1251 4703 1327 4765 qnae
1346 4703 1412 4746 mas
1427 4684 1595 4759 habetnr“;
1620 4684 1749 4765 primurn

388 4791 459 4836 vero
482 4791 606 4854 parem,
638 4774 668 4837 id
692 4784 742 4837 est
765 4774 922 4850 binarium,
948 4774 1107 4837 materiam
1130 4774 1220 4847 fecit,
1255 4793 1331 4853 quae
1364 4773 1493 4836 feminae
1525 4773 1623 4837 instar
1644 4773 1749 4838 hamt
