3786 5808
305 366 313 385 ¹
413 376 433 440 2
1008 379 1170 428 Prooemium.

412 538 461 609 iis,
484 556 559 617 qnae
582 536 612 598 in
636 555 690 597 usu
714 544 793 611 sunt,
818 537 946 612 auxiliis,
970 555 1048 599 nova
1070 547 1158 617 paret
1172 554 1265 611 arma,
1290 537 1396 616 quibus
1419 555 1453 598 se
1476 534 1611 598 omnibus
1635 533 1760 614 impedi-

413 643 522 705 mentis
545 643 727 722 superiorem
751 643 814 704 fore
833 652 945 722 sperat.
984 642 1075 715 Quod
1089 645 1168 706 idem
1182 643 1313 731 Keplero
1327 643 1462 706 videmus
1476 641 1623 704 evenisse.
1661 640 1762 712 Videt,

412 758 595 831 quantopere
618 757 755 829 praestet
779 746 986 831 Copcrnicana
1008 750 1085 812 ratic
1109 750 1322 825 Ptolemaicae‚
1346 766 1404 811 non
1428 751 1562 829 ignorat,
1585 767 1675 828 quarn
1697 747 1762 809 foe-

413 857 509 918 cunda
532 874 663 918 errorum
686 865 782 916 mater
806 854 847 917 sit
870 856 1044 936 astrologia.
1083 859 1128 919 At
1149 857 1230 919 illinc
1246 855 1483 936 Copernicanam
1501 856 1648 918 rationem
1666 854 1761 916 desti-

413 970 509 1025 tutam
531 963 616 1024 videt
638 963 729 1025 certis
753 964 944 1042 argumentis,
970 962 1039 1024 hino
1063 963 1258 1041 astrologiam
1277 962 1406 1026 omnium
1425 969 1562 1024 aetatum
1580 961 1761 1024 auctoritate
1838 998 1843 1009 ›

412 1068 542 1131 defendi.
580 1065 662 1138 Quid
684 1067 797 1147 igitur?
821 1069 918 1144 cedet,
943 1070 1043 1146 credo,
1068 1069 1113 1133 vir
1135 1089 1266 1132 summus
1284 1078 1451 1150 temporum
1473 1086 1629 1148 rerumque
1651 1067 1761 1148 iniqui-

411 1175 492 1237 tati?
538 1176 600 1237 lrno
623 1194 694 1235 vero
719 1174 862 1237 fortitudo
886 1175 977 1237 animi
999 1194 1058 1237 non
1085 1174 1203 1254 defugit
1230 1184 1398 1250 certamen,
1430 1175 1583 1256 sagacitas
1611 1173 1763 1237 ministrat

412 1302 510 1358 arma,
538 1282 691 1343 indelessa
714 1278 862 1344 industria
884 1284 1017 1363 miraque
1041 1281 1213 1345 constantia
1235 1282 1274 1342 sd
1298 1300 1378 1356 enm,
1403 1300 1491 1363 quem
1515 1281 1645 1362 quaerit,
1675 1280 1762 1343 duem

411 1389 586 1469 perducunt.
612 1420 653 1429 -
677 1387 722 1450 At
744 1389 892 1470 Keplems
915 1408 986 1452 num
1008 1408 1040 1451 re
1063 1408 1136 1451 vera
1164 1390 1265 1463 finem,
1296 1407 1382 1470 quem
1411 1388 1572 1469 quaesivit,
1603 1395 1762 1450 maeonius

412 1496 481 1557 est?
526 1495 704 1557 Mundorum
727 1495 883 1558 harmonia
904 1496 1110 1577 praesagienti
1133 1496 1214 1559 illius
1237 1495 1334 1557 animo
1358 1494 1590 1569 obversabatur3
1616 1494 1655 1555 ad
1679 1494 1763 1556 illam

410 1602 650 1681 cognoscendam
675 1601 774 1664 divino
798 1603 925 1683 quodam
950 1603 1062 1683 impetn
1084 1600 1242 1681 abreptus,
1273 1619 1442 1681 quanquam
1465 1600 1601 1663 omnibus
1625 1601 1762 1662 fortunae

410 1709 480 1770 telis
503 1710 626 1791 petitus,
650 1710 740 1770 stetit
762 1707 940 1788 impavidus,
965 1728 1162 1790 aerumnaque
1186 1716 1219 1771 et
1241 1706 1426 1787 aegritudine
1451 1706 1508 1769 fuit
1530 1706 1675 1786 superior.
1722 1706 1764 1768 Et

410 1814 522 1877 abillo
548 1815 678 1896 quidem,
708 1816 786 1895 qnod
809 1816 991 1896 quaerebat,
1020 1815 1140 1895 penitus
1169 1814 1376 1895 cognoscendo
1405 1833 1494 1894 qnam
1517 1832 1610 1896 prope
1633 1815 1762 1883 affuerit,

366 1938 370 1957 ¹
410 1928 562 1983 testantur
585 1928 647 1983 tres
671 1921 742 1983 illae
766 1923 803 1985 ab
827 1940 863 1983 eo
886 1921 1026 1985 inventae
1048 1922 1131 2002 leges
1149 1921 1344 1996 immortales,
1370 1919 1485 2001 quibus,
1509 1928 1544 1983 ut
1558 1920 1761 1996 fundamento,

410 2017 494 2107 qnas'
509 2035 631 2089 nostrae
655 2028 765 2090 aetatis
794 2038 856 2103 est,
884 2028 1011 2109 physica
1034 2038 1065 2090 et
1088 2026 1272 2091 astronomia
1295 2034 1502 2107 superstructa
1524 2036 1581 2089 est.
1608 2058 1651 2071 —-
1674 2028 1760 2090 Pro-

409 2133 553 2195 dromus
572 2133 701 2214 quidem,
727 2134 799 2196 licet
816 2133 882 2197 illas
898 2133 984 2215 leges
1002 2153 1060 2196 non
1075 2136 1197 2209 referat,
1221 2141 1333 2208 tamen,
1355 2133 1425 2213 quid
1438 2134 1516 2196 hunc
1533 2134 1762 2215 „prodromnm“

409 2248 579 2302 secuturum
602 2247 694 2314 esset,
718 2240 882 2320 Keplerum
905 2243 1004 2304 animo
1023 2242 1088 2322 jam
1112 2249 1174 2303 tum
1196 2251 1390 2322 praeceptum
1408 2240 1559 2317 habuisse,
1583 2241 1673 2304 titulo
1695 2242 1764 2323 ipso

409 2347 533 2409 indicat.
579 2348 648 2428 Ipse
673 2355 774 2409 antem
797 2348 854 2409 hac
878 2348 915 2410 de
938 2368 969 2411 re
994 2348 1069 2412 dicit
1089 2348 1120 2409 in
1142 2357 1216 2410 nota
1239 2348 1279 2410 ad
1301 2349 1422 2411 titulum
1449 2347 1534 2418 libri,
1563 2347 1687 2411 editioni
1710 2368 1764 2412 se-

304 2468 310 2475 ·
408 2452 523 2516 eundae
538 2455 690 2532 praelixa:
718 2454 902 2535 „Postquam
918 2454 957 2516 ad
971 2453 1178 2534 philosophiae
1193 2452 1322 2516 studium
1337 2454 1462 2528 accessi,
1478 2473 1556 2516 anno
1571 2453 1683 2516 aetatis
1701 2452 1764 2531 tt,

408 2580 438 2620 a.
454 2557 510 2621 Ch.
529 2556 624 2635 1589,
648 2561 849 2623 versabantur
870 2561 900 2621 in
920 2560 1055 2622 manibus
1070 2561 1238 2641 juventutis
1258 2559 1491 2623 exercitationes
1510 2559 1681 2622 exotericas
1700 2559 1764 2623 Jul.

409 2664 499 2729 Caes.
515 2665 681 2747 Scaligeri:
705 2667 790 2748 cujus
815 2685 871 2747 ego
894 2665 962 2728 libri
985 2665 1143 2727 occasione
1167 2667 1251 2745 coepi
1276 2665 1445 2731 successive
1468 2666 1554 2727 varia
1576 2665 1762 2730 comminisci

407 2773 446 2835 de
469 2772 562 2836 variis
586 2773 820 2854 quaestionibus,
844 2781 879 2835 ut
902 2772 939 2835 de
962 2773 1057 2845 coelo,
1082 2772 1119 2834 de
1143 2772 1259 2846 animis,
1285 2772 1322 2834 de
1346 2770 1451 2853 geniis,
1477 2773 1513 2835 de
1526 2759 1701 2848 elementis,
1727 2775 1764 2836 de

408 2876 487 2960 ignis
506 2889 622 2956 natura,
649 2881 686 2943 de
710 2881 836 2943 fontium
860 2879 984 2960 origine,
1008 2881 1046 2942 de
1064 2881 1145 2942 fluxu
1169 2888 1200 2941 et
1222 2881 1336 2942 refluxu
1358 2880 1460 2956 maris,
1485 2880 1522 2942 de
1545 2882 1639 2961 ligura
1662 2882 1764 2943 conti·

406 2986 540 3049 nentium
568 2996 714 3050 terramm
745 2989 1015 3068 interfusorumque
1038 2986 1164 3049 marium
1188 2995 1219 3049 et
1241 2986 1360 3048 similia.
1402 2970 1521 3049 Verum
1539 3006 1605 3050 cnm
1629 2988 1764 3051 inventio

407 3094 468 3156 ista
490 3094 692 3175 proportionis
717 3094 832 3157 orbium
855 3094 1029 3156 coelestium
1054 3093 1126 3155 milri
1148 3093 1300 3155 videretur
1322 3092 1442 3164 eximia,
1467 3113 1525 3156 non
1544 3096 1765 3176 expectandum

406 3200 479 3261 mihi
501 3219 567 3261 snm
590 3208 689 3274 ratus,
713 3200 807 3261 donec
831 3219 934 3263 omnes
957 3207 1083 3261 naturas
1106 3206 1210 3278 partes
1234 3217 1431 3279 pervagarer,
1454 3220 1508 3263 neo
1530 3202 1587 3263 hoc
1609 3202 1765 3267 inventum

406 3304 503 3368 obiter
526 3306 742 3385 evulgandum,
767 3307 935 3385 conjectum
958 3306 989 3368 in
1012 3306 1160 3367 cumulum
1178 3306 1386 3386 quaestionum
1410 3315 1586 3387 ceteramm,
1610 3309 1671 3372 levi
1685 3328 1764 3391 qua·

407 3414 478 3475 darn
500 3412 716 3492 probabilitate
740 3413 897 3474 utentium.
945 3411 1024 3484 Quin
1047 3412 1210 3525 potins3ab
1233 3413 1321 3493 hujus
1349 3413 1465 3478 inventi
1493 3417 1623 3480 editione
1644 3415 1764 3479 initium

408 3520 654 3580 dissertationum
684 3538 816 3580 mearum
848 3519 947 3581 facere
977 3518 1111 3598 placuit:
1146 3538 1295 3600 aususque
1326 3540 1390 3583 snm
1418 3510 1458 3583 in'
1476 3523 1612 3585 omnibns
1638 3522 1763 3605 reliquis

365 3614 369 3621 ’
407 3625 635 3706 quaestionibus
659 3625 786 3687 similem
809 3643 930 3704 sperare
954 3644 1144 3705 successum:
1170 3627 1224 3688 sed
1248 3628 1370 3703 frustra,
1395 3629 1511 3691 coelum
1534 3630 1623 3706 enim,
1636 3630 1764 3713 ¹princi·

407 3732 487 3813 pium
506 3750 629 3810 operum
647 3732 715 3801 Dei,
740 3733 827 3812 longe
847 3731 1098 3812 praestantiorem
1122 3742 1260 3795 ornatum
1282 3734 1383 3810 habet,
1407 3753 1495 3815 qnam
1511 3734 1626 3815 reliqna
1646 3737 1767 3800 minute

407 3846 439 3899 et
453 3837 534 3900 vilia.
568 3839 675 3919 ltaque
693 3840 906 3919 prodromus
925 3839 1044 3920 qnidam
1059 3841 1198 3921 egregius
1213 3841 1289 3902 fuit:
1314 3841 1518 3921 epidromos
1538 3860 1619 3915 vero,
1644 3845 1765 3923 qnalem

408 3964 463 4024 ego
488 3953 558 4006 tunc
581 3963 803 4026 proposueram,
827 3945 926 4008 nullus
949 3953 998 4007 est
1016 3953 1154 4008 secutus:
1179 3946 1252 4027 quia.
1271 3947 1300 4007 in
1320 3947 1444 4027 reliquis
1461 3947 1768 4026 quaemieuihrmne-

407 4069 556 4131 quaqnam
583 4050 655 4113 mihi
684 4070 777 4132 aeque
806 4051 1040 4114 satisfaciebam.
1088 4052 1199 4114 Lector
1227 4060 1326 4129 tamen
1356 4071 1447 4132 opera
1470 4072 1536 4115 urea
1559 4058 1766 4121 astronomica

405 4166 437 4218 et
466 4157 600 4237 inprimis
629 4156 721 4220 libros
744 4158 1006 4234 Harmonioorum,
1037 4178 1091 4239 pro
1115 4158 1242 4239 genuino
1271 4170 1303 4221 et
1329 4161 1448 4241 proprio
1472 4162 1626 4240 epidromo
1648 4162 1764 4228 habere

405 4265 518 4343 poterit
542 4265 630 4346 hujus
655 4265 764 4339 libelli;
789 4267 857 4347 qnia
881 4266 986 4328 eadem
1011 4266 1146 4347 utrinque
1169 4267 1220 4328 via
1242 4267 1385 4329 curritur:
1410 4286 1544 4348 quaeque
1567 4276 1639 4330 tunc
1661 4270 1763 4352 impe·
1805 4324 1807 4328 ,
1887 4288 1888 4361 3

366 4376 371 4383 '
405 4375 470 4438 dita
489 4376 566 4438 satis
590 4384 665 4450 erat,
690 4375 773 4437 facta
795 4394 872 4475 nnnc
895 4382 945 4436 est
967 4374 1134 4448 tritissima,
1156 4382 1280 4454 atquae
1299 4374 1484 4436 tunebrevis
1503 4382 1558 4438 neo
1577 4377 1617 4438 sd
1636 4394 1764 4458 scopum

406 4484 592 4564 pertingens,
616 4483 670 4545 illa
692 4491 724 4544 et
747 4482 938 4544 continuatur
961 4482 989 4540 in
1005 4480 1205 4557 Harmonicis,
1229 4491 1261 4543 et
1283 4500 1385 4543 currus
1408 4481 1490 4544 circa
1512 4490 1625 4545 metam
1647 4485 1762 4565 agitur.

405 4589 490 4652 Talis
505 4590 561 4652 fuit
575 4590 761 4672 prodromus,
785 4587 941 4667 navigatio
961 4587 1057 4668 prima
1071 4588 1203 4650 Amerini
1219 4587 1374 4668 Vespucii,
1397 4588 1477 4650 tales
1501 4587 1645 4670 epidromi
1667 4594 1762 4656 nevi-

406 4698 544 4776 gationes
568 4696 730 4759 hodiernae
754 4714 870 4757 annuae
894 4693 923 4754 in
947 4693 1149 4756 Americam.“

492 4802 538 4863 De
554 4804 640 4866 titulo
660 4801 860 4884 ,Mysterimn
875 4799 1180 4883 Cosmographicnm“
1201 4804 1275 4865 haec
1289 4801 1394 4864 eodem
1408 4803 1475 4866 loco
1491 4804 1595 4867 addit:
1621 4804 1763 4880 „Extant

404 4911 483 4991 apud
509 4909 677 4973 Germanos
701 4907 962 4988 cosmographiae,
994 4907 1142 4971 Munsteri
1171 4910 1369 4991 aliommque,
1400 4910 1450 4987 ubi
1478 4911 1516 4979 de
1543 4917 1610 4974 toto
1637 4913 1761 4992 quidem
