3814 5818
370 271 465 405 ‘282
718 386 721 391 ,
863 334 892 385 ιη
911 337 982 399 spu.
1001 335 1080 396 ‘syon
1100 344 1188 387 mee
1205 300 1294 385 nean

473 501 523 554 De
542 500 607 553 lite
629 512 740 551 causa
758 497 1012 566 hypothesium
1032 496 1206 551 dominnm
1227 496 1422 565 Tychouem
1442 497 1544 551 inter
1569 504 1606 551 ot
1627 498 1754 555 Ursam.

475 614 541 667 Cum
563 628 580 665 a
600 628 644 666 me
665 617 775 682 peteret
794 611 904 681 quidam
924 612 1020 663 doctus
1042 598 1094 669 rir,
1124 616 1156 663 nt
1177 626 1261 678 super
1282 611 1334 663 hac
1353 627 1385 663 re
1401 610 1534 678 jushcinm
1555 628 1644 683 meum
1666 614 1700 665 ad
1724 628 1755 664 se

395 693 600 765 perscriberem,
622 691 750 761 respondi
772 691 799 743 in
820 691 893 743 hunc
913 691 971 743 fere
992 692 1107 751 modum,
1129 697 1261 759 quantum
1288 690 1352 743 mihi
1374 691 1516 743 succurrit.
1559 691 1678 744 Primum
1699 709 1754 745 non

394 771 570 834 dissimulari,
593 787 635 824 me
656 769 736 824 irasci
760 770 835 831 Urso,
858 770 903 841 qni
925 770 1046 839 epistola
1066 786 1130 823 mea
1151 770 1305 823 inconsulto
1326 786 1368 823 me
1388 770 1535 839 publicata
1554 772 1634 823 foede
1648 773 1754 824 abusus

394 860 446 907 est.
490 853 588 923 ltaque
611 851 700 919 ipsum
720 849 894 904 considerare
910 850 997 917 jussi
1020 865 1055 902 an
1078 850 1178 902 affectu
1201 850 1331 918 abripior.
1375 850 1482 903 Deinde
1509 850 1643 919 judicium
1664 867 1754 904 meum

394 936 427 987 de
449 931 641 986 scommatibus
664 929 736 983 ferre
757 945 848 983 coram
868 928 977 983 homine
997 929 1110 999 politico
1132 930 1215 981 nolui.
1259 930 1336 991 Quod
1362 937 1455 982 antem
1477 930 1665 1001 quaestionem
1681 932 1753 984 atti·

396 1022 456 1074 net,
487 1019 550 1066 uter
571 1010 687 1064 alterins
709 1017 823 1078 usurpet
844 1009 1031 1101 hypotheses,
1062 1009 1114 1061 etsi
1145 1008 1312 1077 hypothesin
1334 1009 1417 1062 aliam
1438 1027 1493 1080 ego
1515 1026 1628 1080 sequar
1660 1017 1754 1064 tamen

272 1122 281 1133 -
393 1070 509 1147 rideri
499 1107 575 1145 reum
597 1090 695 1143 Ursum
725 1087 874 1142 insimulati
904 1088 1031 1141 criminis.
1073 1079 1263 1141 Fundamenta
1293 1089 1363 1141 haec
1392 1091 1485 1143 there:
1522 1091 1628 1142 fatetur
1658 1090 1753 1151 Ursus,

393 1191 423 1225 se
445 1172 573 1225 schedam
600 1169 721 1239 aliquam
751 1167 880 1221 eDania
909 1168 1025 1221 allatam
1047 1169 1119 1237 apud
1140 1168 1355 1239 Rollenhagium
1384 1168 1549 1232 ostendisse,
1580 1175 1611 1222 et
1630 1169 1683 1222 hoc
1704 1186 1753 1238 ap·

394 1252 483 1321 pellat
503 1250 605 1304 furtum
627 1247 860 1318 philosophicam,
891 1254 1037 1317 monetque
1059 1248 1231 1318 Tychonem,
1253 1249 1341 1301 discat
1362 1250 1480 1317 posthac
1500 1265 1545 1301 res
1567 1264 1633 1301 suas
1654 1249 1754 1302 melius

393 1330 538 1385 enstorhre.
581 1331 698 1382 Fatetur
718 1328 796 1389 idern,
819 1345 873 1381 non
893 1345 923 1380 se
945 1328 1059 1397 primum
1075 1345 1136 1380 esse
1151 1327 1339 1398 hypotheseos
1355 1329 1428 1381 illius
1444 1333 1594 1389 auctorem,
1619 1328 1671 1381 nisi
1686 1345 1752 1399 qua·

394 1420 473 1465 tenus
489 1410 599 1463 Terram
623 1409 690 1462 fecit
702 1407 874 1460 revolutione
889 1407 987 1460 diurna
1001 1408 1136 1461 mobilem.
1167 1408 1359 1476 Aitdenique,
1385 1409 1502 1460 indidem
1526 1425 1555 1460 se
1579 1410 1753 1477 excerpsisse

393 1490 572 1565 hypotheses,
588 1489 659 1541 nndc
674 1494 704 1540 et
717 1488 811 1557 Tycha
826 1487 1012 1556 excerpserit:
1037 1492 1100 1539 nam
1124 1494 1238 1539 exstare
1263 1487 1289 1540 in
1305 1488 1456 1556 Cupernico
1479 1493 1508 1540 et
1522 1489 1683 1541 Ptolemaeo
1702 1505 1753 1540 ex-

392 1586 497 1640 presse.
539 1572 579 1621 At
598 1568 650 1621 hoc
673 1567 798 1620 ultimum
822 1567 922 1620 falsum
946 1573 997 1628 est,
1022 1584 1073 1619 nec
1087 1568 1157 1620 enim
1176 1573 1292 1620 exstant
1306 1567 1384 1620 dictis
1399 1567 1465 1620 locis
1489 1567 1555 1620 iliae
1569 1568 1751 1637 hypotheses.

391 1651 468 1720 Ergo
482 1664 519 1701 ex
533 1647 586 1700 hoc
609 1648 681 1701 falso
694 1654 724 1699 et
739 1646 826 1699 tribus
850 1646 943 1715 primis
958 1646 1039 1707 reris,
1064 1649 1134 1716 quod
1157 1664 1209 1700 non
1224 1646 1261 1699 sit
1275 1647 1402 1699 inventor
1423 1646 1527 1716 primus'
1550 1647 1750 1716 hypotheseos,

392 1730 462 1800 quod
477 1728 540 1782 inde
554 1728 661 1780 habeat
673 1727 841 1796 hypothesin
856 1727 927 1779 unde
941 1733 971 1778 et
980 1727 1082 1797 Tycha,
1098 1727 1169 1796 quod
1184 1727 1311 1779 schedam
1326 1726 1471 1795 Tychnnis‚
1492 1726 1520 1779 in
1535 1742 1590 1796 qua
1604 1734 1667 1779 erat
1680 1726 1752 1779 haeo

391 1807 571 1880 hypothesis,
595 1806 757 1869 abstulerit,
782 1805 860 1875 quasi
882 1824 918 1859 ex
942 1805 1086 1859 elementis
1109 1800 1271 1876 quibusdam
1295 1806 1467 1875 componitur
1488 1805 1559 1858 haec
1581 1806 1750 1875 conjectura,

390 1887 528 1958 Tychonis
543 1884 713 1955 hypothesin
728 1886 764 1937 ah
780 1885 849 1938 Urso
864 1890 973 1953 raptam
988 1892 1018 1937 et
1033 1902 1082 1953 pro
1097 1902 1149 1938 sua
1168 1886 1343 1938 vindicatam.
1388 1887 1465 1947 Quod
1480 1893 1573 1939 antem
1588 1903 1642 1939 non
1656 1894 1752 1939 exstet

392 1966 531 2040 Tychonis
546 1964 710 2036 hypothesis
736 1964 762 2017 in
778 1964 928 2032 Copernico
943 1972 973 2017 et
987 1965 1157 2027 Ptolemaeo,
1182 1972 1262 2034 patet
1286 1983 1323 2017 ex
1346 1965 1546 2034 depravatione
1570 1966 1691 2019 locorum
1715 1966 1752 2019 nh

392 2047 462 2102 Urso
477 2046 673 2116 collegatorum,
690 2060 757 2113 quos
772 2044 865 2096 ordine
881 2043 1039 2096 videbimus.

471 2126 534 2179 Lib.
559 2125 580 2177 1.
604 2139 664 2191 cap.
693 2124 738 2176 10.
780 2123 850 2176 Toto
873 2122 922 2176 illo
945 2124 1037 2193 capite
1053 2124 1218 2193 Capernicus
1242 2127 1364 2177 modeste
1387 2129 1416 2176 et
1440 2125 1516 2176 lento
1539 2138 1690 2196 progressu
1713 2140 1750 2176 ex

392 2206 474 2260 Mart.
491 2205 608 2273 Capella
622 2202 766 2256 occasione
780 2203 863 2255 ducta
886 2205 920 2256 ad
934 2202 1150 2272 explicationem
1170 2210 1202 2255 et
1215 2216 1346 2256 summam
1361 2202 1555 2256 necessitatem
1579 2219 1651 2256 suaa
1661 2204 1750 2272 hypo·

392 2286 503 2339 theseos
518 2283 633 2338 accedit.
673 2282 743 2335 Nam
768 2282 833 2360 quia
851 2283 969 2351 Capella
996 2283 1045 2345 ait,
1071 2285 1204 2336 Venerem
1228 2291 1258 2335 et
1271 2282 1435 2337 Mercurium
1459 2283 1533 2336 eirca
1555 2299 1655 2352 corpus
1677 2283 1749 2337 Solia

391 2380 539 2417 conversas
562 2361 671 2416 absides
695 2362 808 2425 hahere,
833 2379 871 2416 ex
893 2362 946 2415 boc
969 2369 1096 2432 apparet,
1121 2363 1198 2416 illum
1213 2364 1337 2415 conferre
1351 2369 1447 2416 centra
1461 2362 1566 2416 orbium
1589 2363 1697 2416 illormn
1721 2363 1749 2415 in

391 2443 493 2499 Solem.
534 2442 573 2496 Iit
596 2448 696 2510 postea
719 2441 858 2511 sequitur:
881 2441 945 2494 hinc
959 2450 1050 2495 sumta
1064 2444 1218 2504 occasione,
1244 2443 1341 2513 siquis
1357 2434 1512 2512 (intelligm
1537 2443 1559 2495 si
1578 2458 1633 2514 ego
1647 2442 1749 2511 Caper·

392 2518 483 2589 nicus)
498 2522 646 2577 Saturnum
660 2537 776 2591 quoqne,
791 2521 887 2574 Jovcm
902 2530 931 2575 et
944 2521 1062 2575 Martem
1077 2525 1111 2576 ad
1126 2523 1193 2575 illud
1208 2522 1296 2592 ipsum
1311 2528 1434 2576 centrum
1449 2523 1583 2584 conferat,
1606 2539 1659 2574 nnn
1673 2537 1748 2575 erra·

392 2602 441 2666 bit,
466 2602 492 2656 id
516 2602 587 2673 quod
612 2599 744 2654 canonica
765 2600 875 2654 illorum
898 2608 1020 2655 motuum
1042 2602 1115 2655 ratio
1139 2603 1272 2665 declarat,
1296 2608 1326 2655 et
1340 2602 1411 2672 quod
1435 2602 1591 2655 declarabit
1613 2602 1749 2669 hocopus

390 2698 489 2746 meum,
503 2682 531 2734 iu
546 2698 598 2752 qno
613 2680 772 2733 canonicam
786 2681 1007 2736 honorationem
1021 2699 1059 2735 ex
1073 2683 1124 2736 tali
1139 2682 1286 2753 hypothesi
1302 2681 1453 2735 construxi.
1496 2682 1549 2735 Hic
1563 2681 1647 2735 Ursus
1667 2680 1748 2735 simu·

390 2764 441 2824 lat,
464 2761 615 2830 Copernioo
630 2760 664 2813 de
679 2759 830 2813 mutatione
845 2761 940 2832 aliqua
960 2777 1027 2816 suae
1041 2763 1230 2832 hypotheseos
1246 2777 1396 2814 sermonem
1411 2776 1480 2825 esse,
1506 2778 1567 2814 cum
1581 2762 1748 2830 Copernieus

391 2843 509 2897 nondum
532 2857 611 2894 suam
633 2838 774 2910 propriam
798 2841 975 2911 explicuerit,
1002 2845 1050 2894 sed
1067 2841 1128 2909 jam
1149 2843 1192 2894 his
1208 2842 1276 2910 ipsis
1289 2841 1382 2894 serbis
1406 2841 1509 2894 aditum
1531 2840 1582 2894 sibi
1602 2841 1691 2893 iaciat
1712 2842 1748 2892 ad

390 2923 468 2976 illam
492 2920 695 2990 explicandam.
737 2918 808 2972 Nam
832 2921 855 2974 si
876 2921 1042 2990 Copernicus
1066 2922 1181 2975 vidisset
1204 2923 1275 2990 qnod
1289 2921 1392 2989 Tycha,
1414 2936 1496 2987 posse
1510 2920 1600 2974 Solem
1621 2920 1747 2973 mobilem

390 2998 482 3057 annuo
496 3006 572 3054 motu
595 2997 769 3052 nihilominus
793 3015 904 3055 manere
927 3006 1050 3054 centrum
1065 3000 1082 3054 5
1098 3002 1273 3070 planetarum
1289 2996 1357 3067 (uon
1381 3000 1472 3069 potnit
1487 3007 1579 3053 autem
1603 3000 1629 3052 id
1643 3000 1745 3061 ridere,

390 3082 455 3153 qnia
463 3080 623 3134 realitatem
635 3078 740 3131 orbium
750 3076 885 3144 credidit),
902 3097 950 3133 cur
958 3082 1044 3149 paulo
1055 3087 1120 3149 post
1130 3081 1255 3142 dixisset,
1272 3080 1437 3133 alterutrum
1448 3094 1640 3142 recenseam,
1654 3086 1688 3133 ut
1698 3086 1747 3132 aut

389 3162 469 3215 nulla
483 3161 521 3213 sit
535 3158 609 3213 orbis
625 3157 737 3210 Terreni
752 3159 894 3229 proportio
909 3161 943 3212 ad
959 3161 1051 3214 orbem
1066 3160 1193 3222 lixarum,
1211 3167 1260 3213 aut
1278 3159 1387 3212 infinita
1401 3159 1452 3212 illa
1475 3160 1622 3213 secundum
1635 3166 1746 3212 veteres

391 3241 497 3295 orbium
510 3237 657 3292 multitudo
668 3238 852 3291 concedatur?
885 3239 955 3291 Nam
971 3240 1016 3308 qui
1030 3256 1091 3292 cum
1105 3240 1236 3308 Tychone
1251 3240 1344 3301 sentit,
1370 3239 1410 3292 illi
1427 3245 1553 3292 neutrum
1568 3245 1612 3291 est
1624 3254 1744 3291 necesse.

552 3328 597 3376 rig.
613 3327 634 3367 s.
870 3317 995 3371 Lih.ll1.
1018 3334 1079 3385 cap.
1096 3318 1143 3371 25,
1187 3318 1239 3371 Hic
1253 3336 1306 3371 non
1321 3319 1492 3372 intellectum
1508 3319 1545 3371 ab
1560 3319 1629 3372 Urso
1644 3318 1746 3387 Coper·

791 3397 880 3451 uicum
900 3403 950 3449 aut
972 3396 999 3449 id
1020 3398 1110 3451 studio
1135 3415 1188 3451 non
1209 3400 1281 3453 bono
1304 3398 1512 3462 dissimulatum,
1537 3414 1615 3451 nemo
1635 3397 1682 3468 qui
1696 3398 1746 3451 Co-

790 3474 931 3546 pernicum
953 3476 1089 3547 intelligit
1111 3476 1239 3532 dubitare
1260 3484 1361 3547 potest.
1405 3476 1556 3546 Cupernico
1580 3480 1613 3531 de
1637 3477 1746 3531 theoria

790 3554 863 3610 Solis
877 3562 921 3608 est
935 3572 1032 3617 sermo,
1055 3557 1098 3610 cui
1119 3558 1190 3611 liber
1214 3558 1261 3610 ille
1276 3559 1430 3610 destinatus
1452 3565 1504 3610 est.
1547 3557 1632 3611 Ursus
1654 3564 1746 3610 autem

791 3641 882 3705 putat,
905 3634 983 3690 illum
996 3637 1072 3705 loqui
1092 3641 1125 3691 de
1149 3637 1331 3691 universitate
1355 3637 1550 3707 hypothesium
1574 3640 1662 3708 deque
1681 3653 1745 3706 par·

791 3714 859 3770 tium
873 3718 1071 3770 mundanarum
1084 3724 1180 3772 mutuo
1195 3734 1339 3772 consensu.
1369 3718 1406 3771 Ut
1420 3734 1464 3770 res
1474 3723 1582 3785 pateat,
1597 3718 1651 3769 duo
1666 3717 1745 3770 sche-

791 3801 868 3849 mata
888 3811 997 3864 ponam,
1019 3813 1103 3852 unum
1123 3797 1348 3865 repraesentabit
1367 3797 1455 3866 ipsam
1470 3796 1612 3866 Cepernici
1631 3796 1746 3865 primam

793 3875 967 3939 sententiam,
992 3877 1111 3931 alterurn
1124 3895 1190 3929 vero
1205 3876 1320 3929 habebit
1334 3876 1410 3930 illam
1425 3875 1619 3939 variationem,
1644 3878 1678 3929 de
1693 3891 1747 3946 qua

792 3954 849 4008 illic
873 3955 1024 4025 Coperuico
1049 3974 1136 4010 sermo
1164 3964 1216 4009 est.
1258 3959 1283 4008 A
1307 3952 1369 4027 (ng.
1396 3951 1428 4022 8)
1452 3964 1575 4009 centrum
1602 3954 1746 4009 ecoent-rioi

793 4036 905 4098 Terrae,
928 4052 1024 4104 nempe
1039 4036 1086 4090 Sol
1101 4036 1169 4105 ipse,
1184 4036 1207 4088 Β
1223 4035 1394 4106 epicyclium,
1411 4038 1482 4104 quod
1496 4052 1587 4089 annno
1601 4042 1677 4089 motu
1693 4032 1746 4089 unis

792 4129 853 4167 cnm
875 4115 1029 4171 cocenmico
1052 4116 1079 4169 in
1093 4122 1190 4185 partes
1205 4117 1348 4183 oppositas
1364 4115 1530 4179 restituitur,
1555 4117 1640 4185 paulo
1654 4123 1745 4169 tarnim

791 4194 934 4249 deficiente
944 4195 1130 4256 restitutione,
1145 4196 1184 4248 sio
1194 4202 1226 4249 ut
1239 4213 1276 4249 ex
1286 4196 1335 4249 illo
1349 4198 1459 4250 defectu
1474 4202 1608 4264 aequatur
1617 4211 1743 4266 progres-

792 4289 838 4327 sus
852 4275 986 4343 apopsei;
1009 4276 1163 4329 Coentrum
1184 4274 1312 4344 epicyclii
1331 4274 1450 4335 secundi,
1474 4276 1500 4327 in
1518 4292 1572 4344 quo
1587 4276 1674 4329 Terra
1697 4275 1746 4329 cir·

599 4353 1747 4419 fftmmfflmfflmmmmm

791 4432 957 4501 Copernious
972 4433 1105 4503 allegatis
1121 4435 1157 4487 ab
1172 4434 1241 4488 Urso
1260 4434 1352 4488 rerhis
1367 4435 1407 4488 sic
1430 4434 1471 4488 ait
1484 4434 1587 4488 variari
1603 4450 1694 4504 posse,
1715 4442 1746 4487 ut

791 4512 828 4565 sit
839 4512 948 4582 quidem
962 4516 987 4565 A
1001 4511 1093 4565 mundi
1107 4519 1239 4577 centrum,
1259 4516 1306 4567 sed
1321 4531 1375 4569 non
1389 4513 1518 4583 ipsissimi
1532 4515 1654 4583 corporis
1668 4515 1745 4569 Sola·

681 4604 684 4610 ’
790 4591 836 4652 ris,
859 4591 932 4644 circa
953 4594 1024 4661 quod
1049 4592 1136 4645 Terra
1158 4592 1185 4647 in
1204 4595 1230 4646 D
1254 4592 1313 4665 (ng.
1335 4590 1364 4658 9)
1388 4600 1465 4647 motu
1488 4609 1580 4647 annuo
1599 4594 1747 4649 circumeat

791 4664 863 4736 (NB.
888 4671 976 4723 Terra
988 4670 1139 4725 etiamnum
1158 4671 1302 4738 circumit).
1344 4673 1392 4727 Sol
1415 4672 1453 4727 sit
1473 4672 1537 4727 inc
1560 4679 1591 4726 ct
1604 4682 1746 4728 moveatur

789 4748 899 4817 quidem
923 4749 951 4802 in
964 4749 1105 4820 epicycliis
1119 4752 1151 4816 B,
1178 4752 1207 4814 C,
1228 4755 1278 4807 sed
1299 4752 1342 4806 ita
1364 4754 1454 4815 tarde,
1477 4760 1510 4807 ut
1530 4770 1584 4806 uno
1605 4769 1678 4807 auno
1694 4769 1746 4806 non

792 4827 878 4881 faciat
892 4828 1050 4884 sanabilem
1058 4846 1245 4902 progressum.
1267 4832 1372 4887 NamB
1386 4832 1550 4902 epicyclium
1558 4832 1640 4889 annis
1649 4832 1746 4887 25000

791 4907 843 4958 sub
866 4907 929 4960 flxis
943 4908 1115 4973 restituitur;
1140 4911 1161 4965 0
1183 4927 1250 4965 rcro
1273 4911 1437 4981 epicyclium
1461 4912 1540 4964 annis
1554 4910 1643 4965 3434.
1685 4912 1745 4965 Jarn
