3788 5828
687 418 825 482 Caput
841 417 922 470 svn.
1457 419 1518 486 iffi

157 573 350 635 nihilomiuus
373 594 430 655 ego
454 595 512 638 uon
537 578 661 655 dubito,
696 578 765 661 quin
795 586 915 657 creator
939 578 976 639 ad
1001 578 1114 661 figurae
1137 578 1223 657 hujus
1246 580 1465 659 praescriptum
1488 580 1518 641 in

158 660 289 724 motibus
312 663 463 727 Mercurio
487 666 654 729 tribuendis
678 668 855 747 respexerit.
902 664 972 741 Quo
995 658 1136 728 divinior
1146 667 1244 747 magis
1267 668 1423 748 magisque
1446 668 1520 731 mihi

133 759 188 825 ¹et
212 751 400 814 astronomia
422 760 454 815 et
477 751 636 835 Coperuici
659 755 774 837 placita
798 764 830 818 et
853 754 960 818 haec
951 774 1019 836 rpsa
1042 753 1062 818 5
1086 773 1215 836 corpora
1237 756 1385 818 videntur.

246 837 404 911 Quaerant
428 841 488 918 alii,
513 844 563 924 qui
586 846 745 921 volueriut,
769 854 936 908 ceteramm
957 844 1049 905 etiam
1068 843 1329 907 ecceutricitatum
1347 864 1457 907 causas
1481 865 1519 907 ex

158 929 221 992 suis
230 949 379 1030 ‘quasque
403 933 588 1010 corporibus
624 931 699 996 Cum
724 934 802 996 enirn
826 952 921 1014 neque
944 933 1002 995 bae
1026 933 1264 997 exorbitationes
1283 933 1381 996 aDeo
1405 941 1519 996 temere

157 1028 188 1080 et
212 1017 277 1079 siue
301 1037 395 1081 carrea
421 1024 527 1084 ιιιιιιι
556 1022 681 1103 singuiis
709 1023 841 1103 planetis
874 1022 1009 1084 indultae
1040 1022 1123 1083 sint:
1157 1041 1215 1084 nou
1250 1022 1439 1102 desperanda
1472 1032 1520 1084 est

156 1126 252 1190 oeque
275 1107 382 1170 harum
405 1128 563 1173 causarum
587 1112 792 1192 investigatio.
808 1115 836 1186 ⁰)

244 1195 348 1270 Porro,
374 1206 408 1260 ut
424 1200 557 1262 varietas
572 1200 714 1265 Mercurii
733 1202 772 1263 ad
796 1199 959 1263 octaedrou
984 1199 1237 1272 accommodetur,
1262 1199 1306 1260 sic
1330 1199 1380 1279 agi
1403 1209 1518 1280 posset

156 1283 333 1347 Sumeretur
354 1290 509 1368 proportio
533 1298 663 1354 eccentr.
689 1291 772 1369 bad
797 1288 974 1352 distantiam
998 1286 1129 1348 mediam
1158 1283 1241 1364 a&
1272 1306 1326 1367 pro
1357 1297 1456 1362 certa,
1487 1297 1521 1350 ut

155 1376 225 1455 quia
247 1375 277 1437 in
303 1372 470 1456 Copemico
499 1378 646 1443 distantia
675 1380 769 1452 (sicut
792 1377 908 1442 vidos
900 1398 929 1438 ιι
955 1377 1110 1438 schemate
1134 1372 1178 1438 23
1202 1385 1233 1437 et
1256 1373 1314 1450 24)
1343 1377 1520 1457 longissima

156 1474 207 1526 est
226 1460 312 1538 488,
345 1466 526 1530 brevissima
548 1465 632 1544 231,
665 1469 765 1531 media
792 1468 884 1547 igitur
907 1466 965 1528 erit
989 1462 1074 1537 360,
1105 1473 1140 1541 et
1167 1465 1323 1527 crassities
1354 1474 1420 1528 tota
1442 1464 1518 1528 257.

156 1551 274 1615 Haec
259 1572 325 1631 Jsm
348 1557 507 1618 crassities
530 1558 732 1637 corrigeretur
760 1555 1044 1636 proportionaliter,
1077 1562 1111 1616 ut
1139 1553 1209 1633 quia
1231 1555 1361 1616 circulus
1385 1555 1520 1617 ocmedri

157 1660 209 1722 pro
231 1638 315 1718 488,
340 1663 461 1707 numero
486 1644 668 1726 Copernici,
699 1646 827 1727 largitur
850 1665 907 1706 uon
930 1645 998 1724 plus
1022 1638 1101 1718 474,
1132 1661 1205 1721 ergo
1228 1643 1384 1705 crassities
1409 1644 1467 1706 erit
1489 1643 1518 1705 iu

158 1731 213 1793 bac
239 1733 433 1813 proportione
458 1732 543 1809 250,
577 1744 610 1796 et
639 1736 739 1798 media
765 1744 902 1797 correcta
929 1732 1076 1794 distantia
1105 1726 1180 1794 349.
1227 1732 1299 1793 Jam
1326 1732 1415 1807 vide,
1450 1731 1521 1813 qnid

156 1821 268 1883 orbis
259 1841 289 1882 ιιι
313 1810 468 1885 octaedro
482 1824 636 1899 admittat,
660 1825 779 1887 scilicet
798 1820 873 1888 387.
911 1821 1092 1883 Differentia
1114 1820 1205 1899 igitur
1229 1821 1308 1882 iuter
1328 1817 1403 1896 387,
1429 1821 1519 1883 altis-

155 1909 261 1971 simam
285 1909 366 1972 orbis
389 1920 423 1974 st
445 1908 510 1976 349
538 1915 687 1988 mediam,
720 1921 768 1976 est
792 1908 853 1984 38,
887 1920 919 1974 ιι
949 1910 1071 1990 duplum
1095 1907 1157 1984 76,
1190 1908 1346 1971 crassities
1375 1910 1456 1972 orbis
1480 1910 1519 1972 ad

153 1999 274 2061 modum
297 2009 484 2076 cetercmm,
514 2002 610 2082 major
634 1961 754 2082 quidem
779 2001 876 2063 adhuc
900 2019 988 2080 quam
1011 1998 1161 2073 Veneris,
1191 1999 1244 2059 sed
1268 2005 1369 2059 tamen
1394 1998 1521 2061 nonita

154 2086 304 2151 ἰιιιιιιιιιίι.
346 2088 478 2170 Reliqua
500 2090 669 2153 differentia
692 2091 771 2153 inter
795 2089 975 2151 altissimam
999 2085 1080 2148 orbis
1109 2083 1173 2150 387
1198 2092 1230 2147 ιι
1252 2085 1434 2151 altissimam
1457 2088 1518 2149 cir-

154 2177 212 2239 culi
236 2171 317 2251 474,
348 2196 424 2258 quae
449 2187 499 2240 eat
521 2177 579 2256 87,
609 2180 736 2243 debetur
764 2178 908 2259 peculiari
931 2176 1146 2238 exorbitatioui
1170 2175 1323 2237 Mercurii.
1369 2175 1436 2237 Hoc
1460 2174 1517 2238 inc·

151 2288 276 2348 χιιρημι
299 2284 337 2329 au
362 2267 571 2348 abjiciendum,
595 2289 634 2331 an
658 2269 878 2333 conciliandum
901 2284 968 2328 curu
991 2260 1131 2342 ὑπιθιιῳ
1156 2265 1252 2327 forma
1275 2272 1410 2343 motarum
1431 2264 1462 2327 iu
1486 2267 1517 2344 b,

152 2375 190 2417 au
219 2374 300 2419 nova
326 2365 460 2419 motuum
489 2358 567 2419 ratio
601 2353 831 2430 constituenda,
864 2354 1057 2418 considerent
1089 2354 1233 2416 artifices.
1279 2353 1344 2415 Nec
1368 2353 1447 2416 subu
1472 2354 1518 2416 ita

95 2528 101 2534 .
153 2444 228 2507 bene
241 2445 394 2525 explorati
407 2455 478 2509 suut
491 2466 608 2509 errores
622 2447 711 2528 hujus
730 2444 849 2521 sideris,
874 2454 908 2508 ut
930 2443 996 2523 ejus
1019 2442 1101 2505 orbis
1124 2441 1311 2506 correctione
1331 2462 1388 2506 nou
1414 2451 1514 2523 egeat.

500 2624 545 2686 IN
569 2621 711 2687 CAPUT
732 2621 931 2686 DECIMUM
953 2617 1170 2683 SEPTIMUM

682 2743 796 2796 uorsa
816 2741 992 2794 snororus

234 2850 265 2923 a)
288 2854 378 2917 Quale
409 2853 446 2908 sit
466 2854 548 2916 illud,
580 2855 651 2925 quod
682 2852 802 2908 artifices
831 2852 1011 2922 peculiariter
1040 2853 1200 2907 adscribunt
1226 2854 1375 2918 Mercurio,
1413 2855 1515 2910 rectius

153 2943 232 3006 petes
268 2952 305 2988 ex
335 2934 496 2989 Ptolemaeo
525 2935 599 3004 ipso,
634 2950 725 3003 exque
755 2931 904 2987 Purbschii
932 2939 961 2986 et
989 2932 1131 2986 Maestliui
1161 2932 1314 2988 Theoticis:
1332 2929 1370 3003 ⁵¹)
1400 2934 1516 3005 denique

153 3017 286 3086 quomodo
310 3014 477 3085 Coperuicus
507 3014 574 3068 illud
605 3012 708 3084 duplici
734 3010 782 3066 ria
812 3012 889 3082 (quia
916 3012 969 3066 sibi
998 3013 1058 3082 ipse
1088 3029 1141 3066 non
1163 3010 1314 3081 satisfecit)
1343 3014 1371 3068 in
1401 3014 1516 3069 formam

153 3111 264 3150 auarum
284 3095 480 3166 hypothesium
501 3094 691 3157 transtulerit,
723 3111 753 3146 se
774 3093 864 3163 ipsum
885 3098 979 3147 ιιιιιιι
1006 3092 1171 3156 contuderit,
1204 3093 1267 3163 plus
1298 3093 1401 3165 aliquid
1432 3110 1516 3164 prae·

155 3182 234 3229 staua
271 3173 332 3246 (per
362 3191 426 3229 suos
455 3182 546 3230 motus
580 3173 807 3246 triaugnrlaticuis
843 3172 961 3243 alicujus
996 3167 1134 3245 ιιιιιιιιιι)
1166 3189 1248 3243 quam
1283 3192 1320 3228 ex
1353 3174 1515 3229 Ptolemaeo

153 3255 208 3309 sibi
234 3262 418 3326 proposuerat
445 3255 663 3326 exprimendum:
696 3255 721 3308 id
749 3261 837 3309 totum
863 3270 915 3307 uec
935 3255 1005 3308 adeo
1029 3254 1214 3307 necessarium
1238 3259 1283 3307 est
1303 3254 1356 3308 hcc
1382 3256 1443 3309 loco
1465 3272 1514 3308 ex-

152 3336 263 3407 plicari,
295 3352 355 3390 cum
381 3336 418 3390 sit
442 3337 476 3390 de
504 3336 678 3406 opinionibus
699 3334 849 3398 homiuum,
878 3351 932 3387 non
952 3336 986 3388 de
1006 3333 1126 3388 raritate
1146 3350 1250 3396 rerum;
1281 3335 1356 3389 etsi
1376 3336 1439 3405 quid
1459 3336 1514 3388 uti·

153 3417 220 3471 liter
239 3417 292 3470 dici
313 3422 422 3486 potest,
452 3416 554 3470 rectius
577 3416 708 3471 aliorsum
728 3414 862 3485 rejicitur.
905 3415 936 3468 lu
956 3432 987 3468 re
1007 3414 1089 3477 enim,
1110 3415 1162 3468 hoc
1183 3421 1240 3479 est,
1270 3416 1340 3484 quod
1360 3416 1513 3470 Mercurius

154 3497 224 3551 facit
245 3513 382 3551 enormem
411 3495 645 3552 ecceutricitatem
672 3496 766 3551 circuli
788 3495 829 3549 sui
859 3511 878 3550 a
897 3494 976 3559 Sole,
1007 3512 1086 3566 quem
1107 3494 1238 3549 circulum
1258 3495 1435 3551 Ptolemaeus
1456 3497 1514 3566 epi·

152 3578 275 3648 cyclum,
297 3594 352 3648 ego
373 3575 554 3630 ecceutricnm
574 3577 647 3639 dico,
670 3578 795 3647 quodque
816 3576 843 3629 iu
865 3575 914 3629 illo
934 3575 1020 3630 etiam
1040 3575 1192 3630 eccentricc
1213 3582 1339 3630 moretur
1359 3576 1513 3648 inaequali·

152 3665 204 3722 ter,
227 3660 262 3711 ad
283 3655 488 3727 proportionem
507 3656 731 3712 ecceutricitatie.
773 3656 819 3709 Ex
839 3656 883 3710 bis
904 3655 1045 3726 principiis
1066 3663 1097 3710 et
1116 3674 1153 3710 ex
1173 3656 1379 3711 ecceutricitate
1394 3657 1513 3711 Telluris

153 3739 286 3808 quomodo
317 3737 437 3791 conflata
466 3736 504 3790 ait
531 3737 684 3806 phantasia
704 3736 755 3790 ills
774 3735 891 3804 duplicis
921 3736 950 3789 in
970 3734 1106 3790 Mercurio
1135 3735 1276 3806 perigaei,
1308 3743 1338 3792 ct
1362 3738 1403 3791 sic
1423 3744 1513 3791 motus

153 3818 232 3888 quasi
253 3816 450 3888 triangularis:
481 3816 507 3870 id
527 3817 715 3887 explicabitur
735 3815 763 3869 in
784 3814 1018 3869 demonstratione
1039 3822 1161 3869 motuum
1182 3815 1326 3878 Mercurii3
1357 3835 1408 3871 uec
1428 3817 1513 3887 plane

152 3904 300 3969 praetereo
321 3913 454 3951 summam
473 3897 516 3950 rei
536 3898 564 3951 iu
584 3896 660 3967 Epit.
682 3900 758 3950 Astr.
780 3895 828 3949 lib.
850 3895 897 3949 Vl.
939 3895 1047 3949 Sufficit
1066 3896 1119 3948 hoc
1139 3895 1200 3948 loco
1221 3894 1288 3948 illud
1309 3912 1432 3960 mouere,
1457 3914 1512 3950 uon

155 3996 217 4033 esse
246 3977 331 4047 huius
363 3976 569 4048 singularitatis
589 3976 762 4032 Mercurialis
785 3990 897 4030 causam
919 3974 1040 4045 aliquam
1071 3974 1280 4044 archetypicam
1310 3995 1346 4031 ex
1369 3978 1510 4040 octaedro,
1573 4014 1575 4019 >

153 4075 242 4130 coque
261 4059 362 4113 taluam
383 4057 465 4126 buius
487 4056 586 4128 capitis
608 4057 791 4128 hypothesin:
818 4054 1045 4123 jucundissimam
1074 4060 1167 4109 tamen
1188 4056 1407 4111 recordationem
1427 4056 1511 4124 hrrius

151 4138 369 4210 epichirematis,
399 4145 433 4192 ιιι
451 4145 601 4208 appareat,
629 4138 727 4209 quibus
748 4135 926 4208 ignorantiae
945 4134 1080 4207 gradibus
1104 4135 1138 4189 ad
1160 4136 1346 4190 astronomiae
1366 4137 1510 4191 scientiam

152 4224 183 4274 et
202 4217 428 4273 constitutionem
448 4219 626 4273 ascenderim.

232 4296 262 4365 b)
284 4300 380 4369 Neque
400 4298 454 4353 boc
472 4297 648 4369 undiquaque
669 4297 709 4351 sic
728 4296 829 4350 habet:
860 4295 973 4348 Saturni
994 4294 1101 4365 quidem
1122 4311 1190 4349 vera
1209 4294 1402 4350 occentricitas
1423 4295 1513 4364 major

151 4387 196 4434 eat
215 4378 331 4445 Jcriali,
352 4378 429 4433 Joris
449 4394 515 4431 vero
536 4379 622 4433 multo
643 4377 730 4431 minor
749 4374 874 4430 Martiali
894 4374 1025 4431 inferiori.

231 4458 257 4525 c)
279 4460 366 4514 Nemo
396 4459 505 4522 extitit,
537 4458 583 4528 qui
604 4463 760 4530 quaereret
802 4456 935 4518 Quaerite
965 4463 995 4509 et
1024 4455 1179 4510 invenietis.
1222 4455 1366 4519 Quaesivi,
1398 4463 1427 4509 et
1447 4473 1511 4510 ecce

152 4539 253 4604 iuraui,
274 4539 322 4595 lib
345 4539 379 4593 V.
400 4539 639 4603 Harmonicorum,
662 4553 760 4591 causas
780 4535 1046 4607 praestantissimas.
1088 4537 1166 4589 Adeo
1187 4535 1288 4591 bouum
1308 4543 1339 4590 et
1357 4536 1438 4590 lidum
1460 4535 1513 4589 hoc

152 4637 231 4675 omen
255 4620 325 4674 tuit:
353 4618 427 4675 Nou
448 4620 649 4692 desperare:
678 4620 748 4671 adeo
768 4616 878 4687 pollens
898 4623 929 4669 et
948 4631 1109 4687 praegnans
1131 4613 1243 4669 axioma
1267 4615 1312 4669 hic
1333 4623 1511 4687 usurpatum:

151 4700 253 4756 Nihil
274 4716 293 4756 a
312 4700 540 4789 Dec'temere
561 4698 801 4763 constitutum,
