3786 5808
398 416 438 485 14
597 360 620 428 Ῠ
987 401 1148 471 usnemun.

395 583 523 643 demere.
570 577 686 650 Quodsi
708 578 866 642 existimas
890 579 1000 641 licere:
1030 587 1187 661 sequetur,
1210 598 1266 641 nos
1289 598 1378 659 posse
1402 579 1512 641 habere
1535 577 1741 660 exactissimos

396 678 503 731 motus.
549 669 628 731 Nam
650 669 751 730 media
773 670 840 730 loca
863 677 933 730 sunt
956 687 992 729 ex
1014 668 1071 731 hoc
1093 668 1202 743 modo:
1234 668 1341 731 deinde
1373 669 1574 732 dimensiones
1597 666 1742 753 recontri-

395 760 519 820 citatum
543 776 581 820 ex
604 757 784 838 emporibus.
832 754 1028 819 Consideravi
1052 765 1161 828 autem,
1185 766 1359 820 utmm'non
1376 754 1517 820 debilitas
1529 755 1743 820 illaasnmmi

395 847 542 910 inferioris
566 847 604 908 ad
627 847 715 908 imam
739 846 901 925 superioris
924 847 1125 926 computanda
1147 846 1206 907 sit:
1240 855 1274 908 nt
1296 848 1340 909 ita
1362 865 1416 926 per
1439 847 1608 909 crassitiem
1631 846 1743 908 orbium

395 936 477 998 nulla
500 936 653 997 accideret
674 934 852 998 debilitatio.
900 933 961 996 Sed
989 953 1044 997 nec
1071 936 1127 996 hoc
1159 935 1279 1012 sufficit.
1325 936 1404 999 Nam
1432 936 1555 1010 Venus,
1589 936 1683 997 Terra
1713 941 1745 995 et

394 1026 478 1087 Mars
502 1025 647 1086 deberent
669 1024 779 1086 habere
802 1024 963 1085 maximam
988 1025 1158 1085 crassitiem
1182 1024 1210 1085 in
1233 1025 1425 1105 proportione
1448 1044 1521 1087 suas
1543 1025 1681 1104 propriae
1696 1024 1743 1085 di·

395 1114 547 1175 stantiae:
580 1132 646 1175 cum
669 1123 768 1175 tamen
791 1112 822 1187 ii
844 1121 876 1174 et
900 1115 924 1188 ὅ
950 1112 1083 1176 habeant
1105 1113 1249 1192 aequales
1272 1123 1304 1175 et
1327 1113 1482 1188 minimas,
1516 1122 1588 1193 post
1609 1109 1629 1189 ii
1653 1123 1685 1174 et
1708 1110 1742 1185 Ω,

395 1204 464 1264 inde
487 1211 513 1272 d
535 1210 568 1264 et
590 1206 615 1278 ὃ
640 1220 705 1263 cum
729 1202 831 1274 Luna,
860 1221 903 1264 sc.
927 1202 953 1263 si
977 1202 1074 1281 ipsam
1096 1202 1178 1264 orbis
1200 1203 1352 1265 crassitiei
1375 1220 1562 1279 accenseam,
1585 1201 1742 1264 maximam

395 1311 466 1354 vero
489 1291 604 1353 habeat
627 1293 658 1368 ζῖ.
705 1292 806 1370 Atque
830 1290 905 1352 haec
930 1290 1086 1352 hacteuus.
1132 1290 1181 1352 Ex
1204 1292 1309 1371 quihus
1323 1293 1419 1363 vides,
1443 1310 1489 1354 me
1511 1302 1655 1372 nugatum
1677 1308 1744 1351 esse

395 1382 425 1443 in
454 1380 596 1462 proximis
624 1380 719 1442 literis
748 1380 786 1441 de
814 1379 978 1459 quadrante
1002 1381 1126 1441 fixamrn
1150 1379 1282 1442 ambitus
1304 1382 1413 1443 mundo
1436 1381 1617 1461 invergsndo
1639 1396 1744 1441 remus

396 1470 508 1533 Solem.
553 1466 620 1549 Ego
651 1477 732 1530 certe
760 1468 920 1530 artificiose
947 1488 995 1530 me
1023 1469 1119 1548 ipsum
1150 1469 1266 1548 decepi,
1296 1478 1328 1532 et
1350 1470 1459 1532 misere
1482 1470 1607 1550 quidem.
1654 1466 1745 1531 Nulla

396 1577 523 1640 unquam
547 1557 708 1620 calculatio
730 1558 798 1637 plus
821 1558 971 1638 temporis‘
989 1558 1155 1638 occupavit,
1180 1558 1248 1638 plns
1272 1558 1429 1639 spirituum
1451 1559 1562 1633 hausit,
1587 1574 1676 1638 quam
1693 1557 1746 1620 illa

397 1649 464 1730 ipsa
482 1657 546 1709 tam
568 1666 648 1709 vana
670 1656 791 1727 tamque
815 1646 995 1708 frustranea.
1041 1647 1083 1708 Et
1106 1655 1206 1708 tamen
1231 1648 1361 1710 fortasse
1384 1649 1481 1710 simile
1500 1648 1640 1729 quiddam
1655 1648 1743 1720 inest,

368 1814 370 1817 ι
398 1738 476 1819 qnod
499 1750 556 1816 ego
580 1745 700 1799 secutus
724 1754 798 1796 sum.
845 1734 907 1797 Sed
931 1743 999 1797 utut
1022 1735 1103 1811 insit,
1129 1736 1241 1797 accidit
1263 1738 1370 1798 mundo
1395 1744 1427 1798 et
1444 1737 1590 1799 creatoris
1607 1734 1743 1810 consilio,

397 1828 461 1888 sive
484 1826 544 1906 ipsi
567 1834 692 1887 naturae
717 1822 818 1897 Solis,
842 1843 908 1886 unm
931 1824 1043 1885 nnllam
1066 1825 1179 1887 haheat
1201 1844 1342 1887 causam:
1367 1827 1419 1888 sed
1434 1846 1470 1888 ne
1486 1824 1645 1888 verisimile
1660 1824 1745 1906 quic·

340 1964 342 1969 ,
398 1935 486 1996 quarn
517 1923 638 1993 praeter
668 1912 920 1992 pulchritudinem
952 1914 1044 1974 stulte
1076 1913 1220 1975 creditam
1259 1923 1291 1976 et
1322 1915 1430 1995 quietis
1458 1916 1582 1977 lixarum
1613 1932 1745 1975 oausam.

325 2058 327 2065 ,
398 2005 511 2066 Verum
535 2020 761 2082 supervacanea
783 2009 832 2063 est
854 2012 947 2062 causa
968 2001 1039 2077 illa,
1073 2022 1138 2064 cnm
1170 2004 1231 2065 alia
1262 2004 1303 2066 sit
1329 2005 1421 2065 multo
1444 2003 1541 2085 magis
1564 2003 1744 2065 neccssaria.

397 2094 475 2157 Nam
500 2092 557 2153 etsi
582 2092 691 2170 exigna
714 2091 815 2171 aliqua
838 2091 933 2152 virtus
956 2108 1079 2152 movens
1103 2091 1145 2153 sit
1166 2109 1258 2173 propo
1281 2094 1374 2168 fixas,
1399 2111 1457 2155 non
1481 2102 1581 2155 movet
1602 2092 1673 2155 illas
1696 2102 1745 2155 ta·

397 2202 475 2258 men,
502 2181 652 2261 quianon
678 2181 799 2242 suntin
824 2179 899 2241 loco.
943 2174 1024 2243 Nam
1049 2181 1130 2242 locus
1153 2199 1192 2243 ex
1214 2181 1261 2243 his
1282 2182 1435 2262 principiis
1457 2183 1495 2244 ad
1518 2190 1631 2244 motum
1645 2181 1746 2261 requi-

397 2272 490 2334 ritur:
528 2270 589 2337 tale
613 2287 718 2348 nempe
742 2268 821 2347 quid,
846 2269 876 2329 iu
900 2286 957 2348 qno
980 2270 1076 2331 virtus
1101 2290 1120 2330 a
1142 2268 1213 2332 Sole
1236 2289 1391 2350 emergens
1414 2273 1529 2334 nitatur
1550 2279 1582 2333 et
1603 2271 1746 2334 reflecta-

307 2362 312 2367 '
397 2371 456 2422 tur.
482 2359 525 2432 (in
548 2359 705 2438 margine:
729 2356 860 2419 Axioma
882 2357 1098 2427 divinissimum
1120 2358 1281 2421 valiturum
1303 2378 1358 2440 per
1385 2379 1488 2422 omnes
1519 2359 1662 2422 scientias
1692 2376 1747 2439 ego

397 2450 461 2528 jam
485 2448 582 2511 animo
606 2446 761 2526 suspicor:
786 2465 829 2507 sc.
854 2443 1039 2526 Quidquid
1063 2448 1252 2509 constanti
1276 2449 1391 2511 utitur
1413 2467 1558 2512 numero
1581 2448 1617 2511 in
1640 2449 1747 2510 coelo

397 2539 459 2599 vel
478 2538 609 2610 Terra,
633 2536 712 2615 ejus
734 2534 874 2598 numeri
897 2535 997 2596 ratio
1021 2535 1076 2597 vel
1099 2537 1258 2620 mediate
1280 2540 1341 2601 rel
1364 2538 1579 2601 immediate
1597 2535 1746 2600 shoor-

397 2626 548 2707 poribus
572 2623 796 2686 deducenda.
842 2623 937 2686 Utin
961 2643 1032 2685 rosa
1054 2625 1181 2706 quinque
1205 2633 1276 2687 sunt
1297 2627 1407 2689 fratres
1422 2628 1521 2701 etc.).'
1550 2627 1635 2689 Haec
1649 2626 1748 2690 omnia

398 2714 511 2797 poterit
531 2715 570 2776 D.
594 2720 772 2796 praeceptor
796 2731 884 2774 mauu
907 2710 1119 2776 Emdschochii
1144 2714 1297 2795 descripta
1324 2716 1416 2777 etiarn
1448 2717 1487 2778 ad
1519 2715 1594 2777 alios
1626 2716 1747 2778 mittere

399 2814 430 2866 et
453 2803 612 2885 praecipue
632 2803 671 2864 ad
693 2801 871 2863 Rdslinum:
895 2801 944 2882 qni
967 2803 1068 2882 procul
1093 2803 1182 2865 dubio
1200 2805 1264 2884 jam
1286 2822 1375 2885 porro
1399 2805 1521 2868 fatiscet
1543 2804 1597 2867 sub
1616 2806 1748 2885 pondere

398 2895 450 2956 illo
474 2892 567 2955 totius
590 2892 665 2953 coeli
690 2890 858 2953 eccentrioi.
904 2891 1005 2954 Etiam
1036 2893 1066 2953 iu
1089 2891 1146 2954 hoc
1168 2893 1239 2955 mihi
1260 2894 1497 2973 gratificaretur,
1530 2893 1555 2955 si
1577 2892 1747 2956 Hohenfel·

399 2983 460 3045 deri
474 2977 503 3056 ⁸)
526 2991 561 3043 ut
578 2980 702 3055 nobiles,
727 2998 811 3042 suam
835 2980 1017 3042 sententiam
1041 2981 1172 3043 carmine
1194 2982 1244 3044 vel
1266 3001 1365 3062 prosa,
1390 2990 1424 3044 nt
1438 2983 1530 3056 lubet,
1554 2983 1747 3045 demonstra-

396 3081 473 3135 rent.
521 3072 602 3134 Nam
625 3069 668 3131 illi
692 3068 776 3131 liberi
807 3079 887 3131 suut.
933 3069 979 3131 Do
1012 3070 1080 3132 aliis
1110 3071 1282 3133 academiae
1307 3072 1418 3151 juratis
1440 3079 1560 3144 metuo,
1593 3078 1627 3132 ut
1653 3071 1750 3134 velint

331 3190 336 3194 ·
397 3160 510 3242 aliquid
534 3168 638 3221 contra
660 3162 812 3238 receptam
836 3158 1016 3219 sententiam
1041 3158 1151 3239 largiri.
1199 3159 1259 3221 Vsl
1288 3160 1318 3221 in
1342 3161 1545 3241 disputatione
1567 3160 1605 3222 de
1619 3160 1750 3222 Lunae

396 3270 444 3314 mc
467 3248 640 3329 conscripta
660 3247 717 3309 hoo
739 3245 783 3308 M.
808 3247 953 3309 Miillems
978 3247 1211 3324 demonstravit,
1236 3267 1324 3328 quarn
1347 3249 1458 3330 alioqui
1480 3249 1656 3312 defensurus
1680 3251 1749 3312 fne-

397 3347 447 3401 rat
469 3337 616 3399 Besoldns
631 3330 668 3409 ⁶).
714 3332 850 3415 Denique
874 3334 910 3395 de
934 3335 1122 3416 typographo
1145 3344 1228 3397 tuam
1242 3336 1423 3399 sententiam
1437 3338 1566 3409 audiam,
1590 3358 1627 3400 an
1643 3336 1749 3420 Grup·

397 3425 594 3509 penbachium
619 3431 814 3504 opportunum
830 3430 861 3484 et
874 3430 1012 3501 paratum
1035 3442 1184 3498 censeres,
1210 3444 1248 3501 an
1265 3426 1495 3489 Francofurtum
1505 3427 1684 3490 mittendum
1699 3427 1748 3502 sit,

397 3525 429 3578 et
452 3535 526 3595 quae
550 3514 670 3575 soleant
692 3511 759 3573 iniri
774 3511 970 3573 conditiones.
1008 3511 1084 3592 Ego,
1108 3513 1220 3593 optime
1233 3523 1422 3596 praeceptor,
1438 3534 1582 3597 propero:
1607 3535 1667 3578 non
1681 3536 1748 3579 meo

397 3605 562 3668 commodo.
608 3603 687 3665 Nam
710 3599 785 3661 haec
808 3598 858 3662 ubi
880 3600 1023 3680 evulgata
1043 3602 1161 3679 fuerint,
1186 3603 1236 3667 alii
1257 3604 1358 3666 forsan
1376 3605 1464 3684 plura
1485 3605 1646 3680 invenient,
1672 3624 1749 3688 qnae
1785 3670 1793 3681 ,

398 3695 469 3757 mihi
490 3692 657 3774 potuissem
680 3707 845 3753 reservare.
896 3688 957 3751 Sed
980 3709 1082 3752 sumus
1105 3710 1207 3755 omnes
1231 3695 1278 3765 (et
1300 3712 1356 3773 ego
1379 3694 1571 3775 praesertim)
1594 3692 1747 3775 dpnpspor.

396 3785 463 3864 Ego
486 3799 558 3844 vero
585 3781 709 3855 studeo,
743 3786 777 3840 ut
798 3778 874 3840 haec
897 3777 936 3839 ad
958 3779 1016 3841 Dei
1039 3779 1177 3860 gloriam,
1214 3782 1262 3862 qni
1293 3783 1359 3844 vult
1380 3798 1419 3845 er
1442 3783 1516 3846 libro
1540 3791 1667 3846 naturae
1691 3803 1748 3864 ag-

397 3871 490 3948 nosci,
514 3890 601 3953 qnam
624 3866 797 3948 maturrime
820 3867 996 3948 vulgentur:
1020 3886 1077 3949 quo
1102 3870 1169 3950 plus
1194 3870 1246 3932 alii
1264 3869 1337 3932 'inde
1361 3873 1554 3946 extruxerint,
1578 3873 1747 3954 hocmagis

397 3962 543 4042 gaudebo,
566 3959 640 4022 nulli
662 3957 810 4020 invidebo.
856 3954 908 4019 Sic
931 3958 1000 4019 vovi
1022 3957 1099 4034 Deo,
1124 3959 1167 4021 sic
1191 3966 1254 4021 stat
1276 3961 1437 4023 sententia.
1484 3960 1654 4039 'lheologus
1678 3981 1747 4024 esse
1856 4020 1857 4045 ,

397 4051 551 4114 volebam:
581 4048 630 4111 diu
654 4046 801 4127 angebar:
825 4044 908 4108 Deus
932 4065 1002 4108 ecce
1024 4046 1093 4109 meri
1116 4046 1209 4127 operi
1232 4049 1323 4111 stiam
1346 4051 1377 4112 in
1400 4051 1583 4113 astronomia
1606 4051 1746 4114 celebra·
1856 4048 1857 4121 J

397 4149 455 4203 tur.
502 4137 582 4211 Quin
605 4137 727 4200 tandem
751 4153 816 4197 oum
831 4135 920 4197 Petro
944 4136 1090 4198 attonitas
1114 4156 1254 4217 erumpo:
1276 4138 1338 4201 Abi
1363 4160 1382 4201 a
1403 4158 1460 4215 me,
1484 4139 1555 4220 quia
1567 4140 1656 4202 homo
1671 4160 1747 4222 pec-
1856 4200 1857 4217 ,

397 4238 483 4292 catur
505 4247 580 4290 sum.
628 4224 663 4289 Si
685 4242 823 4306 unquam,
846 4225 895 4286 rel
919 4224 967 4286 hic
989 4225 1081 4287 etiarn
1095 4222 1141 4286 'de
1164 4227 1312 4289 industria
1334 4229 1496 4291 voluissem
1520 4248 1587 4291 esse
1603 4237 1746 4292 mtrono-
1856 4230 1857 4303 i

397 4339 480 4394 mus,
513 4317 539 4378 si
567 4335 624 4378 non
657 4314 757 4377 omnia
779 4314 990 4377 delectationis
1014 4332 1107 4377 causa
1130 4315 1349 4394 suscepissem,
1383 4318 1478 4379 minus
1502 4317 1635 4380 mirarer.
1683 4319 1746 4384 sad
1856 4354 1857 4393 ι

396 4408 516 4470 nimium
531 4425 577 4468 me
601 4406 726 4478 effundo,
751 4402 866 4482 gaudeo
890 4421 936 4465 ms
959 4404 1060 4465 vidore
1083 4404 1170 4466 finem
1193 4405 1324 4467 chartae.
1372 4407 1449 4469 Vale
1470 4407 1652 4487 Praeceptor
1667 4407 1746 4471 Gla-
1856 4400 1857 4411 ’

397 4497 514 4560 tissime
537 4504 569 4558 et
589 4514 637 4556 me
661 4512 761 4555 amare
778 4510 879 4572 perge.
925 4494 1024 4555 Datne
1048 4490 1078 4556 3.
1103 4491 1172 4556 Oct.
1198 4502 1237 4557 st.
1262 4514 1291 4556 n.
1317 4515 1394 4557 anno
1418 4492 1471 4560 95.
1517 4494 1655 4575 Salutem
1676 4497 1746 4559 dico

398 4586 532 4649 omnihus
555 4581 814 4663 Praeceptoribus.

915 4669 1118 4732 Humanitatis
1141 4671 1224 4732 Tuas

1012 4759 1247 4822 officiosissimus
1269 4767 1302 4821 et
1323 4760 1512 4840 gratissimus
1535 4747 1699 4842 discipulus

1231 4848 1277 4911 ur.
1300 4849 1352 4912 ro.
1375 4848 1504 4932 napea
