3888 5844
711 378 1037 445 maerensmaerens.
1489 376 1557 447 437

196 533 328 614 gandam
349 534 569 601 multitudinem
593 536 711 600 omnino
735 544 801 598 arte
826 553 900 617 opus
923 545 986 609 est,
1010 544 1043 599 et
1065 536 1235 615 cognitione
1249 556 1351 602 eornm
1375 558 1451 618 quae
1469 558 1554 603 com-

158 653 161 659 -
196 621 327 686 munitor
350 625 467 688 animos
489 626 667 705 percellunt.
713 625 820 705 Itaque
853 625 948 688 sicubi
971 643 1077 705 pacem
1106 634 1138 686 et
1164 626 1295 705 quietem
1325 646 1394 688 esse
1416 636 1555 707 praestat

196 718 230 773 et
250 711 362 774 seditio
386 714 480 775 metui
502 722 615 797 potest,
639 722 804 777 cour-entus
826 714 966 794 Augusto
990 723 1022 776 et
1045 710 1217 794 Septembri
1239 735 1278 777 ne
1300 717 1388 790 fiant,
1413 723 1467 776 aut
1489 716 1554 777 dis-

114 807 118 813 '
196 799 341 881 sipsntnr,
366 802 424 864 imo
448 822 560 865 musae
583 804 698 867 animos
721 810 939 883 exasperantes
963 810 1080 865 mature
1103 803 1264 878 tollautnr3
1294 816 1347 867 aut
1374 804 1496 883 objecta
1523 821 1555 864 re

196 906 277 951 nova
308 891 510 970 cogitationes
543 891 693 955 hominum
725 893 902 954 niterentur.
950 888 1004 954 Sin
1037 892 1138 953 audax
1165 892 1286 970 aliquod
1314 893 1431 954 facinus
1455 892 1553 952 susci-

195 978 347 1057 piendum,
371 980 451 1060 quod
472 979 560 1042 illato
583 989 697 1043 terrore
720 980 935 1043 condolendum
958 979 1007 1050 alt,
1031 980 1189 1059 Augustus
1213 989 1389 1060 occupetur3
1414 980 1460 1041 sin
1485 981 1552 1040 ani-

196 1084 263 1128 mus
285 1069 377 1130 etiam
401 1069 440 1130 ad
463 1069 597 1132 laborem
620 1070 782 1144 durandus,
808 1068 989 1148 September
1012 1076 1089 1131 etto.
1131 1068 1176 1139 At
1199 1069 1225 1129 si
1247 1070 1344 1132 hostis
1369 1069 1415 1130 his
1439 1068 1552 1131 mensi-

196 1155 251 1219 bns
274 1156 387 1236 aliquid
410 1158 537 1231 audeat,
557 1159 722 1222 animorum
744 1157 981 1221 consternationi
1005 1156 1251 1220 convenientibus
1273 1157 1414 1220 remediis
1434 1157 1554 1219 obviam

196 1251 292 1306 eatur.
337 1245 418 1308 Esse
450 1248 527 1310 enim
561 1248 635 1310 haec
667 1247 758 1309 etiam
789 1247 820 1308 in
851 1253 1007 1327 potestate
1030 1254 1150 1322 nostra,
1185 1241 1331 1326 quomodo
1350 1247 1474 1320 cadant,
1499 1264 1554 1307 nec

196 1331 335 1397 motura
357 1335 549 1409 necessaria,
584 1332 819 1399 luculentissimo
849 1335 986 1415 exemplo
1011 1335 1068 1398 xvel
1095 1334 1278 1415 praeteritus
1307 1350 1402 1397 annus
1431 1342 1480 1397 est
1502 1342 1551 1396 te-

195 1428 306 1485 statas.
929 1460 937 1467 -

728 1511 865 1573 Thasia
888 1511 1018 1573 LXXII.

231 1656 233 1663 .
283 1597 416 1659 Deinde‘
429 1616 570 1679 maguum
603 1600 747 1662 exercitui
780 1599 964 1679 praesidium
996 1605 1045 1661 est
1075 1598 1104 1659 in
1134 1597 1242 1661 fidncia
1274 1608 1305 1662 et
1328 1600 1551 1663 existirrratione

198 1685 388 1768 imperatoris
396 1706 406 1761 3
430 1686 527 1748 omnis
551 1689 628 1750 enim
652 1688 780 1751 victoria
802 1689 832 1749 in
856 1689 946 1750 animi
969 1689 1083 1769 impetn
1106 1688 1255 1750 consistit
1287 1690 1332 1750 At
1355 1690 1381 1752 si
1404 1689 1442 1750 ob
1457 1707 1551 1769 gene·

194 1793 264 1837 sens
288 1775 519 1837 afflictationem
543 1776 603 1838 dux
626 1776 655 1838 in
680 1784 833 1839 contemtu
856 1784 1011 1839 versatur:
1044 1775 1207 1855 pericnlum
1230 1797 1284 1857 per
1307 1776 1552 1858 imaginationem

193 1863 225 1927 iu
256 1864 422 1926 exercitum
454 1872 487 1927 et
514 1865 664 1927 fortunam
692 1866 765 1928 belli
797 1865 955 1928 redundat.
1003 1863 1079 1929 Cum
1101 1864 1203 1945 itaque
1231 1867 1284 1928 illa
1303 1866 1414 1944 &96
1436 1866 1551 1929 Polono

193 1952 225 2014 iu
248 1961 347 2015 ortum
371 1952 501 2028 incidat,
526 1961 558 2015 et
581 1952 664 2017 Solis
695 1955 817 2035 eclipsis
840 1955 870 2016 in
892 1954 1051 2017 Moscovia
1080 1961 1111 2015 et
1133 1955 1259 2027 Polonia
1287 1956 1419 2017 maxima
1451 1954 1550 2030 fuerit,

125 2080 130 2089 ι
193 2050 228 2106 et
251 2041 361 2104 bellum
380 2036 446 2121 jam
469 2041 511 2105 sit
537 2042 593 2113 ibi,
625 2050 699 2144 puto
728 2045 845 2106 cladem
872 2042 917 2105 illi
939 2042 1122 2125 significari:
1155 2042 1205 2123 qui
1237 2043 1263 2105 si
1295 2044 1372 2105 hano
1404 2062 1551 2123 geneseos

194 2130 432 2193 stimulationem
454 2133 484 2192 in
508 2132 715 2195 fortitudinem
738 2140 854 2207 vertat,
877 2132 995 2195 cladem
1019 2132 1083 2212 ipse
1106 2129 1234 2194 inferet:
1268 2132 1314 2194 sin
1342 2151 1405 2213 pax
1436 2132 1552 2194 interea

193 2220 280 2282 firma
301 2219 464 2295 coalescat,
488 2221 715 2300 plane'nullnm
739 2228 788 2284 est
809 2220 972 2302 pericnlum
995 2239 1033 2282 ex
1056 2220 1121 2282 solo
1145 2221 1239 2283 coelo.

726 2309 857 2373 Tueris
880 2290 1025 2372 nxxlrr.
1075 2312 1078 2319 ·

282 2394 385 2457 'lertio
419 2403 451 2457 et
477 2404 612 2458 nostram
642 2396 774 2478 patriam
806 2398 908 2477 signat
943 2398 998 2460 illa
1029 2398 1095 2478 jam
1133 2396 1216 2460 dicta
1251 2398 1436 2476 conjunctio,
1474 2416 1551 2477 quae

194 2503 262 2546 cnm
284 2485 328 2546 sit
350 2484 586 2564 speciosissima,
606 2488 752 2567 jamnon
776 2488 907 2557 coelum,
940 2488 995 2549 sed
1027 2504 1137 2549 causae
1161 2486 1338 2548 sublunares
1361 2482 1462 2548 certas
1486 2486 1552 2565 ejus

192 2581 298 2653 partes
322 2573 454 2653 signant.
501 2574 581 2637 Nam
614 2576 673 2637 etsi
696 2576 751 2639 Sol
784 2578 923 2639 universa
950 2584 1108 2639 contuetur
1140 2582 1171 2636 et
1199 2575 1330 2648 calfacit,
1361 2594 1417 2637 nou
1442 2574 1551 2655 ubique

195 2670 296 2725 tamen
320 2662 404 2724 olera
426 2661 575 2741 producit,
600 2685 655 2726 neo
678 2666 736 2727 nisi
760 2665 809 2728 ubi
833 2664 983 2728 seminata
1006 2673 1086 2727 sunt.
1114 2663 1262 2725 Attamen
1286 2664 1324 2724 ob
1349 2664 1460 2724 terrae
1483 2682 1549 2724 mo-

194 2759 277 2826 tum,
311 2757 343 2812 et
373 2768 517 2830 geneses,
552 2762 584 2815 et
613 2753 746 2834 eclipsin·
762 2753 859 2828 Solis,
891 2771 967 2833 qnae
991 2752 1083 2815 Gallo
1107 2759 1139 2812 et
1160 2751 1326 2830 Hispaniae
1349 2752 1447 2813 locum
1470 2749 1552 2812 Solis
1652 2751 1659 2754 ’

193 2839 332 2920 attingit,
356 2839 550 2919 peculiariter
573 2842 684 2923 aliquid
709 2843 746 2904 de
769 2841 895 2916 Suavis,
920 2841 1077 2912 Helvetia,
1110 2839 1249 2901 lneubria
1270 2847 1304 2902 et
1325 2839 1423 2900 vicina
1447 2837 1552 2901 Gallia

192 2927 429 3009 expectabimus.

746 3018 878 3080 Thetis
901 3016 1048 3080 LXXIV.

282 3102 430 3167 Sextilem
454 3106 546 3181 illum,
571 3112 660 3168 utet
683 3109 713 3185 ό
726 3107 798 3183 ild
820 3107 888 3169 ideo
913 3106 1030 3180 addidi,
1060 3105 1131 3186 qnia
1152 3120 1281 3182 geneses
1304 3104 1451 3182 quaedam
1474 3106 1551 3167 nole

193 3213 320 3265 sessore
343 3194 485 3257 attinent.
538 3195 637 3258 Erunt
669 3196 772 3278 itaque
805 3215 950 3277 operosae
982 3196 1037 3256 hoo
1066 3213 1159 3269 ann03
1192 3191 1320 3253 feliciter
1350 3214 1388 3255 au
1418 3193 1550 3255 inlausta

193 3282 279 3362 (post
301 3283 413 3357 Deum)
437 3303 530 3364 penes
553 3285 686 3364 ipsarum
709 3286 865 3349 arbitrium
898 3295 956 3348 est.
1002 3284 1150 3346 Fervidus
1182 3291 1283 3344 tamen
1312 3283 1437 3362 planeta
1465 3283 1552 3345 Mars

193 3379 345 3447 amoram,
376 3372 402 3434 si
426 3392 483 3436 non
505 3375 667 3437 admodum
691 3376 778 3438 fortis
802 3384 864 3451 est,
889 3375 1036 3437 afflictare
1059 3374 1172 3453 possit,
1206 3390 1273 3433 cnm
1296 3372 1346 3434 diu
1369 3373 1399 3435 iu
1424 3373 1551 3452 Virgine
1668 3458 1670 3461 ι

130 3461 131 3464 ’
193 3459 377 3536 obambulet,
402 3471 434 3524 et
455 3483 558 3535 mense
577 3465 690 3553 Martiq
714 3464 779 3527 Soli
803 3463 940 3544 objectus
964 3462 1098 3524 natalem
1121 3462 1255 3523 infestet.

392 3568 395 3577 ’
730 3553 860 3614 Thesis
883 3551 1013 3613 LXXV.
1075 3626 1077 3631 y

282 3636 354 3700 Scio
365 3639 462 3701 solere
486 3639 658 3718 astrologos
670 3658 707 3700 er
717 3639 925 3720 conjunctione
935 3639 1021 3700 Jovis
1033 3644 1065 3697 et
1079 3635 1200 3711 Martis,
1225 3654 1301 3716 quae
1322 3634 1550 3700 in17⁰Librae

193 3725 308 3799 incidit,
333 3736 461 3789 mortem
485 3727 607 3809 egregio
632 3727 722 3790 alicui
744 3729 816 3790 belli
840 3728 907 3789 duci
930 3724 1113 3805 praedicere,
1137 3725 1316 3803 praesertim
1337 3725 1363 3785 si
1379 3725 1444 3806 quis
1458 3745 1549 3806 prae-

193 3814 310 3894 oipunm
335 3814 464 3893 aliquem
488 3816 586 3879 locum
608 3835 755 3896 geneseos
779 3817 820 3879 ibi
843 3817 965 3878 habeat.
1011 3813 1048 3877 ld
1075 3831 1111 3873 ne
1145 3813 1175 3872 in
1199 3812 1378 3875 calumniam
1398 3813 1549 3888 trahatur,

193 3900 280 3981 quasi
303 3903 418 3965 coelum
441 3904 593 3967 conditum
617 3905 736 3967 dicatur
759 3906 798 3967 ad
821 3903 1035 3982 interimendos
1062 3900 1216 3976 homines,
1251 3901 1422 3964 aliter·est
1450 3903 1550 3983 expli-
1600 3926 1616 3967 1

193 3990 332 4052 eandum.
381 3987 497 4054 Sensus
520 3994 599 4057 enim
622 4012 729 4056 revera
750 3994 799 4056 hic
823 4002 887 4056 est:
913 3993 992 4074 quod
1016 3998 1050 4053 ut
1073 3997 1216 4069 aspectus
1238 3990 1287 4053 hie
1310 4009 1365 4070 per
1383 4011 1416 4053 se
1443 3991 1551 4072 igneus

187 4086 225 4140 ,et
248 4079 396 4141 clarorum
418 4081 607 4160 planetarum
631 4091 698 4157 est,
720 4084 768 4146 ita
790 4082 977 4164 experientia
999 4087 1146 4154 testatur,
1180 4087 1213 4141 et
1235 4079 1402 4141 illustribus
1427 4080 1550 4142 familiis

193 4186 261 4230 esse
285 4168 475 4233 familiarem.
522 4171 567 4233 At
590 4191 656 4234 curn
679 4173 774 4235 omnis
799 4173 862 4234 fere
885 4170 1018 4251 eorporis
1046 4170 1094 4230 vel
1119 4169 1210 4231 animi
1237 4169 1398 4230 commotio
1427 4177 1480 4232 ant
1511 4169 1551 4231 ad

193 4276 302 4321 novum
326 4266 440 4323 statum
463 4259 614 4323 traductio
638 4270 708 4323 tunc
731 4262 804 4338 fiat,
837 4279 903 4322 cum
924 4258 1035 4359 genesi
1068 4257 1183 4320 coelum
1210 4259 1374 4338 respondet
1402 4258 1497 4339 (quod
1519 4258 1549 4320 in

191 4349 338 4429 partubus
360 4349 522 4430 praecipue
546 4350 707 4432 apparet),
726 4351 761 4412 fit
775 4341 819 4412 'nt
840 4349 1015 4429 plerumque
1030 4347 1122 4429 aliqui
1145 4346 1279 4409 illustres
1294 4347 1350 4407 sub
1370 4346 1425 4408 hos
1439 4365 1550 4426 aspec-

191 4446 242 4503 tus
265 4445 298 4500 et
320 4436 434 4500 similes
457 4457 526 4500 sese
549 4446 771 4514 commoveant,
806 4457 872 4501 cum
900 4438 930 4499 in
954 4445 1044 4500 tanta
1065 4436 1256 4499 multitudine
1279 4434 1371 4514 aliqui
1394 4436 1450 4498 snb
1474 4435 1549 4498 tali-

192 4527 248 4587 bus
271 4533 305 4589 et
325 4527 391 4589 nati
415 4527 485 4605 sint.
531 4528 590 4590 Illa
612 4545 684 4590 vero
707 4530 868 4591 commotio
892 4526 936 4588 uti
960 4526 1038 4605 male
1066 4524 1224 4603 dispositis
1253 4524 1396 4603 subjectis
1424 4524 1453 4586 in
1477 4544 1549 4605 per-

192 4613 301 4676 niciem
318 4616 409 4690 cedit,
433 4616 479 4678 ita
501 4617 655 4692 firmiores,
679 4616 729 4678 vel
752 4616 865 4679 aetatis
889 4615 939 4678 vel
952 4612 1136 4678 valetudinis
1154 4615 1282 4688 ratione,
1303 4613 1405 4676 adres
1422 4633 1550 4694 magnas

193 4704 311 4765 evehit:
337 4724 461 4787 quarum
483 4712 640 4788 unumque
664 4706 695 4768 in
718 4706 847 4768 diversis
871 4705 963 4768 etiam
985 4706 1043 4767 hoc
1067 4722 1160 4781 auno,
1193 4704 1248 4766 sed
1275 4702 1359 4766 nulla
1380 4704 1470 4784 plane
1493 4721 1549 4765 ne-

168 4844 172 4855 .
193 4791 347 4870 cessitate,
369 4793 438 4861 fleri,
455 4801 569 4875 potest.
