3814 5818
736 343 820 395 Μ·
835 345 952 395 ΕΜ·-
1174 404 1177 411 .
1458 345 1524 413 279

164 506 190 551 st
206 512 353 566 oppsgnsre
370 504 513 565 muttit,
530 501 621 555 Sontas
638 505 739 569 quidam
757 508 859 555 amone
878 505 932 565 fuit,
951 504 1091 555 medicinae
1110 504 1247 557 Galenicaa
1266 504 1364 566 doctor,
1385 514 1410 555 et
1427 507 1522 557 Aristo·

164 570 246 621 telese
271 571 440 637 philosophiae
464 589 540 638 supra
556 574 656 625 modum
674 576 802 633 addictus,
831 591 903 641 quem
927 576 969 625 hio
987 576 1114 625 nominare
1140 575 1196 623 nolo
1222 579 1275 637 ejus
1297 576 1383 626 honori
1409 591 1524 639 parcens.

167 642 226 691 Vult
244 643 342 706 quidem
366 644 497 709 isgeuere
516 645 604 695 nobilis
626 646 726 701 haberi,
752 649 788 696 uti
807 648 837 697 de
856 663 883 696 se
907 649 959 711 ipso
984 646 1121 695 nonnullibi
1138 646 1263 700 insinuat.
1291 647 1335 695 sed
1353 655 1437 696 tamen
1457 648 1522 697 dioto

163 712 305 777 philosopho
324 713 422 764 ethnico
440 717 512 765 nimis
530 716 650 765 serviliter
667 718 762 779 potiore
781 720 818 767 sui
836 725 921 782 parte,
941 719 966 766 h.
987 732 1008 767 e.
1027 716 1101 781 genio
1120 716 1277 782 et'ingenio,
1300 720 1326 765 in
1344 718 1391 767 hoc
1408 731 1521 780 praeser-

164 786 207 833 tim
226 783 257 834 de
277 787 378 834 cometis
397 788 504 851 negotia
524 790 688 851 mancipatus.
727 788 788 837 cnm
806 790 848 840 iile
867 804 896 839 ex
914 790 1091 838 intercessione
1110 789 1239 851 enjusdam
1257 789 1295 836 sni
1313 790 1470 839 conterrenei
1481 803 1522 840 me

163 856 202 905 hic
224 856 354 905 inruentis
378 856 465 906 librum
492 865 602 907 nostrum
630 859 765 909 seeundum
784 861 816 910 de
841 860 951 910 aetherei
974 860 1058 909 mundi
1084 858 1274 922 phoenomenis,
1300 862 1341 923 qni
1367 861 1398 908 de
1417 859 1523 911 Cometa

164 927 222 975 anni
239 923 283 974 77.
303 927 400 977 affatim
418 934 519 985 uastat,
539 932 623 978 statim
641 938 717 993 atque
735 933 756 979 is
773 934 839 995 typis
858 931 983 981 aboletus
1002 935 1066 986 erst,
1085 931 1231 992 accepisset.
1249 931 1346 993 scriptis
1359 931 1392 980 ad
1409 946 1450 980 me
1461 932 1520 981 lite·

161 999 195 1046 ris
213 998 362 1047 mutones
379 1000 570 1050 mistirio
588 1002 789 1064 comprehensas,
818 1004 963 1065 praeseru'm
988 1001 1053 1065 qnod
1072 1008 1195 1051 cometam
1222 1002 1290 1051 iilum
1312 1003 1338 1051 iu
1363 1002 1522 1052 aetheros

162 1068 268 1117 mundi
295 1070 422 1134 regione
450 1078 477 1121 et
493 1084 650 1136 nequsqasm
669 1072 816 1124 clemonem·
833 1072 935 1135 (nonus
956 1087 1031 1137 qnam
1054 1073 1138 1121 deurit
1156 1069 1314 1131 Aristoteles)
1333 1088 1432 1122 cursum
1448 1088 1521 1123 saum

162 1139 295 1188 absolsism
312 1140 475 1201 ostenderim,
502 1144 529 1191 in
549 1143 650 1192 dubim
669 1158 758 1194 vocare
776 1151 803 1194 et
820 1151 940 1209 qnantum
964 1145 1062 1206 inipso
1090 1150 1144 1192 erat
1170 1144 1323 1193 labefactare
1343 1151 1447 1193 conatus
1473 1150 1519 1192 est

162 1209 340 1259 Existimabam
368 1219 434 1261 certe
453 1214 485 1262 ab
508 1214 588 1271 initio,
615 1214 739 1264 bominem
765 1217 845 1266 amice
872 1223 897 1264 et
922 1214 1028 1264 candide
1050 1216 1160 1263 veritatis
1188 1216 1295 1277 penitius
1319 1214 1519 1264 manifestandae

161 1281 244 1345 gratia
261 1281 286 1330 id
303 1282 383 1344 ipsum
401 1297 485 1347 agere.
523 1283 596 1345 Quod
613 1292 639 1333 et
657 1285 727 1335 multi
747 1286 787 1334 alii
806 1302 856 1334 non
874 1286 989 1335 ineruditi
1008 1285 1052 1333 riri
1068 1298 1164 1332 meeum
1179 1286 1271 1348 opinati
1285 1291 1356 1339 sunt,
1382 1287 1446 1333 inter
1459 1299 1518 1349 qnos

161 1358 216 1399 erat
232 1352 379 1415 magnificus
405 1353 445 1402 iilo
463 1354 480 1403 J
486 1369 529 1403 ac.
550 1354 692 1407 Curtius.
721 1358 815 1420 imperii
841 1357 1047 1421 procanceiiarius
1066 1353 1111 1403 dte.
1150 1358 1183 1404 At
1202 1355 1276 1405 Scoto
1299 1354 1369 1410 hnic,
1396 1370 1451 1404 cnm
1469 1370 1519 1405 non

160 1422 237 1470 solum
256 1424 430 1472 Aristoteleam
448 1428 623 1475 anctoritatem
641 1427 745 1476 multum
763 1435 850 1477 contra
867 1442 912 1476 nos
929 1428 1072 1481 venditarit.
1091 1427 1135 1475 sed
1149 1428 1225 1476 mam
1237 1428 1414 1490 geometricum
1433 1429 1518 1476 nescio

161 1492 217 1557 qnid
234 1508 278 1555 pro
297 1507 344 1542 sua
361 1496 474 1558 opinione
492 1497 643 1545 stabilienda
660 1499 816 1559 pertexuerit,
836 1499 882 1562 ipsi
901 1499 946 1547 soii
963 1498 1075 1547 modeste
1094 1497 1241 1547 obviandum
1260 1499 1363 1553 censui,
1381 1499 1472 1560 partim
1489 1503 1518 1546 nt

161 1567 213 1625 ejus
232 1564 397 1626 objectores.
424 1580 488 1629 qnae
512 1569 620 1630 metiens
638 1570 763 1631 quandam
782 1571 832 1618 veri
851 1582 910 1632 prae
927 1583 955 1617 ee
979 1570 1094 1617 ferebant
1121 1576 1147 1617 et
1164 1570 1278 1617 incantos
1306 1568 1380 1617 facile
1398 1569 1424 1616 iu
1443 1567 1518 1617 deria

161 1635 271 1697 &ipsse
288 1641 413 1698 poteraut.
432 1637 565 1691 uiuum.
592 1640 682 1701 partim
707 1648 735 1689 ut
753 1641 873 1690 nonnulla
890 1642 915 1689 in
934 1641 1021 1689 eodem
1040 1639 1071 1688 ll.
1090 1648 1157 1689 tomo
1182 1644 1303 1689 watenis
1319 1638 1416 1701 plenius
1435 1645 1462 1687 et
1477 1638 1516 1687 di·

161 1704 264 1755 lucidius
291 1706 439 1769 explicarem
464 1715 539 1772 atque
557 1709 589 1758 de
608 1725 635 1759 re
654 1714 775 1760 cometica
792 1712 946 1776 generaliore
970 1711 1077 1774 quodam
1095 1711 1167 1759 modo
1190 1710 1310 1759 nonnulla
1337 1710 1438 1758 ulterius
1458 1723 1515 1757 cou-

161 1777 301 1840 signarem:
324 1792 436 1840 mans,
454 1794 495 1828 me
513 1780 560 1843 ipsi
578 1786 605 1828 et
623 1781 678 1831 aliis
695 1784 807 1831 raritatis
830 1782 878 1832 hac
897 1784 922 1829 in
946 1788 1018 1844 parte
1036 1781 1213 1831 scrutatoribus
1231 1795 1283 1829 rem
1305 1780 1372 1829 haud
1391 1781 1516 1844 ingratam

162 1848 197 1897 sic
224 1849 405 1908 praestiturum.
449 1848 532 1910 Quare
558 1854 697 1915 conscripta
723 1859 914 1916 extemporanea
939 1853 1047 1916 quedam
1071 1850 1192 1916 Apologia
1219 1865 1275 1899 eam
1302 1852 1328 1899 in
1347 1849 1457 1899 Scotiam
1485 1851 1517 1898 ad

160 1919 343 1982 antagonistam
361 1926 470 1968 nostrum
489 1922 614 1970 transmisi
640 1923 793 1987 eandemque
813 1937 867 1972 cunr
885 1923 1031 1986 quibusdam
1061 1923 1115 1971 aliis
1133 1923 1159 1969 in
1179 1922 1314 1970 Germania
1332 1921 1387 1968 viris
1406 1934 1515 1969 commu-

159 1989 248 2045 nicari,
276 1996 406 2040 uteorum
425 2004 543 2041 censuras
561 1993 654 2054 puriter
672 1995 830 2057 exquirerem.
869 1992 947 2054 (Hinc
966 2000 1020 2041 orta
1039 2007 1093 2041 esse
1112 1992 1207 2041 ridetur
1225 1992 1290 2041 falsa
1308 1992 1389 2054 opinio
1408 2005 1514 2054 quorun·

159 2059 216 2107 dam
233 2059 301 2108 bane
320 2060 457 2125 apologiam
476 2062 565 2125 publici
586 2065 647 2124 iuris
666 2064 759 2113 factam
779 2063 855 2121 esse.)
892 2064 921 2112 ln
939 2063 988 2112 hac
1008 2064 1123 2127 apologia
1151 2077 1191 2111 me
1209 2062 1347 2111 modestiae
1365 2062 1455 2110 limites
1473 2068 1515 2110 ns'·

158 2130 225 2193 piam
242 2138 422 2195 megressnm
441 2139 485 2181 ant
502 2133 560 2196 quid
578 2135 641 2182 eitra
659 2149 710 2183 rem
728 2135 858 2198 protulisse
882 2134 1007 2196 mihiipsi
1033 2150 1082 2182 non
1101 2147 1155 2181 sum
1183 2134 1303 2182 consuas.
1341 2131 1528 2195 ecquomodo

158 2200 314 2263 pbilosopbss
331 2201 373 2252 iiie
390 2204 561 2255 Aristotelicas
579 2212 689 2253 nossem
707 2204 925 2256 hauo‘ceudidsm
944 2207 1034 2268 stipsi
1051 2206 1089 2253 sti
1107 2204 1238 2267 sperabam
1257 2209 1388 2266 acceptam
1406 2203 1523 2253 umm-

157 2272 319 2320 inteutionem
336 2276 467 2336 exceperit,
487 2275 536 2324 dici
548 2276 587 2324 rix
598 2282 689 2339 petest
726 2277 860 2341 Postquam
877 2278 945 2326 enim
962 2277 1085 2340 usquein
1103 2276 1204 2324 tertium
1217 2287 1311 2324 annum
1330 2274 1395 2325 hauc
1408 2273 1516 2323 ornicum

157 2342 297 2406 spehghm
313 2358 398 2394 meum
414 2346 558 2395 retinuiuet
580 2346 690 2410 nihilque
707 2351 817 2411 responsi
845 2354 917 2397 tauto
935 2353 1047 2410 tempore
1070 2347 1265 2409 perscripsisset,
1295 2360 1352 2394 enm
1370 2344 1407 2394 rel
1425 2344 1515 2392 posuis

156 2413 323 2463 diiuitiombus
347 2417 498 2479 acquievisse
518 2423 544 2466 ot
561 2418 587 2466 iu
603 2417 651 2467 has
669 2420 811 2469 transivisse
830 2424 914 2481 partes
933 2419 1121 2475 existimabam,
1152 2416 1199 2471 rei,
1219 2416 1283 2479 quod
1303 2415 1515 2465 contradictiones

158 2499 205 2533 oon
225 2483 299 2533 facile
317 2485 418 2535 ulterius
438 2496 602 2543 occurrerent,
622 2489 780 2540 continuisse.
817 2489 929 2538 Tandem
947 2503 1019 2545 roro.
1045 2494 1116 2551 rupto
1135 2486 1175 2536 illo
1194 2486 1247 2535 alto
1268 2486 1377 2547 silentio,
1398 2486 1516 2548 scriptum

157 2554 281 2618 quoddam
299 2557 525 2621 antapologeticum
543 2559 615 2622 paulo
634 2560 789 2609 virulentiore
809 2568 834 2609 et
843 2560 996 2608 mordaciore
1012 2561 1102 2615 animo,
1123 2572 1197 2621 qnam
1216 2560 1281 2619 prius
1294 2573 1338 2620 per
1349 2557 1434 2606 literas
1454 2571 1512 2619 ege-

156 2632 204 2682 rat,
222 2628 249 2675 in
267 2641 311 2674 nos
330 2628 432 2676 vibravit
450 2626 495 2677 dc.
533 2628 642 2678 Titulum
660 2630 721 2679 fecit
737 2632 795 2681 hnic
814 2630 970 2679 stomachose
990 2637 1016 2679 et
1034 2630 1149 2679 insolenti
1163 2630 1266 2689 scripto:
1287 2626 1514 2691 Oapnnranius

156 2698 326 2745 restinctio
345 2713 398 2747 sen
416 2707 606 2749 cometarum
628 2702 659 2748 in
678 2700 815 2750 aethera
840 2696 1084 2749 sublimationis
1105 2699 1266 2748 refutatio
1285 2696 1331 2747 dte.
1369 2697 1513 2747 solidiorem

156 2773 182 2816 et
199 2768 333 2831 specialem
350 2771 403 2830 eins
421 2771 607 2832 replicationem
623 2774 676 2819 nnt
694 2786 749 2820 cnm
769 2772 925 2821 convenienti
942 2772 1092 2819 refutatione
1111 2769 1186 2818 alicui
1205 2782 1235 2815 ex
1253 2770 1343 2817 nocuis
1363 2769 1448 2817 amicis
1467 2774 1514 2816 sut

155 2840 230 2887 esiam
248 2839 372 2901 discipulis
390 2840 477 2890 limum
494 2854 576 2891 rerum
593 2844 676 2904 gnaris
694 2857 738 2891 sne
756 2849 866 2904 tempere
883 2842 1053 2903 emendam
1071 2837 1257 2890 commendabo.

226 2909 299 2959 Haec
311 2909 395 2971 Tycha
413 2909 440 2972 (e
457 2913 534 2962 literis
554 2912 578 2960 d.
589 2912 691 2961 Uranib.
710 2914 734 2962 d
755 2910 795 2961 ii.
809 2913 867 2962 Jan.
889 2908 957 2959 1595
975 2914 1002 2960 in
1021 2912 1115 2973 ,Epist
1126 2908 1243 2959 Astron-“⁴
1263 2910 1305 2959 iib.
1319 2909 1340 2958 1.
1354 2924 1377 2971 p.
1393 2904 1445 2956 284
1458 2922 1510 2972 sqq.

156 2980 195 3029 ed.
208 2980 322 3030 Frsueoi.
342 2995 366 3029 a.
387 2980 477 3044 itio).
515 2983 658 3033 Gssmudus
676 2984 702 3032 in
720 2985 772 3034 sits
784 2984 908 3045 Tyclronis
920 2984 1003 3037 refert.
1023 2981 1125 3031 Scotum
1138 2982 1204 3030 huuc
1214 2976 1343 3029 <Medicum
1360 2978 1445 3034 fuisse,
1464 2994 1510 3027 no·

155 3053 222 3101 niue
240 3048 418 3115 Crsigium,
438 3061 464 3103 et
482 3053 780 3117 Longomontanum.
804 3054 927 3118 Tychonis
946 3053 1091 3116 discipulum
1111 3050 1284 3113 conscripsisse
1304 3049 1450 3113 Apologium
1469 3064 1512 3111 pre

155 3120 284 3185 syceono,
312 3126 415 3185 quaesi
433 3127 517 3189 utique
536 3127 675 3188 conscripta
693 3134 761 3176 certe
779 3142 828 3174 non
842 3125 932 3188 publici
941 3126 1003 3187 juris
1016 3125 1141 3172 factaest.
1156 3120 1253 3184 (Gomp.
1269 3120 1364 3169 Molleri
1379 3118 1513 3181 ,Cymbria

155 3191 284 3323 liwqqt3a5⁸
310 3191 343 3242 11.
365 3210 389 3258 p.
415 3192 471 3243 110.
498 3202 525 3244 et
548 3193 678 3245 Scheibelii
700 3197 858 3261 ,Eiuleitung
877 3211 920 3244 zur
937 3193 1160 3245 mathematisehen
1181 3189 1442 3245 Bucheriouutniss‚“
1464 3188 1511 3247 ΙΙΙ,

225 3334 255 3383 Is
272 3334 359 3384 eodem
378 3342 462 3384 autem
480 3336 602 3386 volumine
621 3337 844 3401 Manuscriptornm
856 3337 1108 3400 i'etropoiitanornm,
1128 3351 1142 3384 e
1161 3349 1208 3399 qno
1228 3334 1389 3383 desumsimus
1409 3332 1513 3396 Kepleri

154 3407 320 3470 fragmentum
338 3420 489 3456 concernens
508 3408 564 3457 Ursi
581 3409 767 3470 refutationem,
796 3409 1000 3470 deprehendimus
1029 3407 1096 3457 alind
1119 3409 1286 3471 fragmentum
1305 3404 1408 3466 Kepleri
1436 3416 1515 3453 mma

155 3478 271 3540 scriptum
290 3474 325 3536 (c.
344 3477 441 3525 initium
459 3481 518 3527 anni
531 3476 619 3537 itui),
639 3481 793 3543 inscriptumr
821 3480 992 3530 Refutatio
1011 3479 1129 3535 libelli,
1150 3478 1199 3528 cni
1217 3475 1334 3525 titulus
1353 3474 1512 3539 Capnura·

155 3550 230 3597 niae
248 3549 433 3598 restinctio.

224 3617 302 3670 Stetit
326 3633 384 3683 ergo
401 3619 525 3682 Koplerus
552 3618 601 3668 lide
626 3632 699 3683 quam
717 3619 828 3681 Tyohoni
853 3621 969 3679 dederat,
998 3621 1108 3684 quamr'a
1133 3619 1310 3669 refutationem
1320 3617 1397 3688 ,haue
1421 3618 1514 3681 pariter

156 3696 230 3755 etque
248 3690 316 3740 illam
335 3686 392 3740 Ursi
409 3705 460 3739 nou
479 3690 617 3741 euolutam
635 3690 768 3754 reliquerit

224 3812 297 3863 Haec
316 3819 400 3863 sutem
419 3820 478 3862 sunt
497 3827 560 3878 quae
579 3814 645 3863 dicto
662 3812 718 3863 loco
737 3818 849 3862 exstant:

234 3940 262 3995 Si
283 3940 463 4009 Gapaurania
483 3949 541 4001 tera,
563 3941 605 3993 vir
625 3940 789 4003 doctissime,
811 3941 844 3992 do
865 3938 920 3993 tuis
942 3942 986 3993 vel
1002 3937 1139 4009 Tyohonis
1154 3935 1276 4006 'privatis
1298 3934 1382 3988 rebus
1403 3940 1513 4004 ageret,

155 4021 205 4075 abs
228 4027 257 4074 te
277 4027 415 4090 peterem,
436 4020 478 4073 uti
497 4020 563 4074 milii
584 4019 757 4090 ignosceres,
782 4020 854 4090 quod
874 4018 987 4090 ignotus
1009 4027 1039 4073 et
1060 4020 1213 4073 Germanus
1234 4024 1264 4070 te
1285 4014 1396 4068 Scotum
1415 4015 1513 4067 adver·

156 4101 258 4155 urium
284 4100 350 4153 milri
373 4100 539 4170 delegerim,
567 4107 697 4172 tuumque
723 4101 847 4153 libellum
874 4098 1050 4153 refutandum
1076 4096 1226 4151 sumserim.
1267 4094 1414 4148 Petiliouis
1435 4108 1513 4147 meae

155 4196 255 4234 musas
276 4181 408 4234 haberem
427 4187 474 4233 sat
494 4180 644 4250 speciosas.
685 4181 731 4233 Ex
752 4198 805 4250 quo
826 4195 943 4247 namque
965 4196 1042 4249 spem
1072 4177 1184 4247 concepi
1206 4176 1265 4229 fore
1286 4180 1318 4229 ut
1336 4172 1513 4235 astronomia,

155 4277 237 4332 mam
257 4261 436 4314 vehementer
456 4276 531 4321 amo,
553 4260 691 4329 Tychonis
713 4277 800 4330 opera
821 4258 991 4327 perficiatur:
1023 4275 1077 4313 uon
1098 4274 1210 4326 possum
1230 4273 1285 4309 non
1305 4253 1399 4307 itidem
1419 4268 1515 4305 amare

155 4341 243 4395 virum
263 4347 323 4393 tam
342 4339 481 4394 eximium.
524 4340 600 4393 Unde
622 4340 754 4409 sequitur,
776 4346 809 4392 ut
829 4338 958 4409 quidquid
978 4339 1065 4407 ipsius
1081 4338 1173 4390 famae
1194 4333 1395 4403 commodisque
1415 4334 1513 4385 adrer-

156 4427 249 4483 sstur,
270 4420 296 4472 ei
317 4436 368 4479 me.
390 4425 522 4489 quantum
543 4419 601 4472 ficri
622 4425 717 4487 potest
737 4428 767 4473 et
788 4420 919 4472 honestas
941 4418 1056 4487 patitur.
1078 4432 1223 4485 epponem.

234 4502 389 4552 decederet
407 4508 439 4552 et
459 4499 535 4561 illud,
557 4500 636 4568 qued,
658 4515 719 4551 cum
740 4499 767 4551 ia
781 4500 877 4552 emens
892 4514 950 4550 oum
965 4498 1128 4567 Tychone
1143 4496 1226 4563 culpa
1242 4510 1330 4563 pones
1343 4500 1374 4545 et
1387 4492 1513 4545 Maest-

155 4579 263 4632 llsum
283 4586 491 4648 praeceptorem
512 4595 616 4640 meum
647 4594 702 4630 non
722 4579 805 4631 venio
825 4579 926 4637 solum,
956 4578 1005 4630 sed
1025 4583 1056 4629 et
1075 4576 1157 4629 laude
1178 4575 1291 4643 dignum
1307 4571 1372 4638 jure
1392 4586 1513 4639 pronun·

156 4657 261 4721 oiares,
284 4657 307 4709 si
328 4657 429 4711 famam
448 4658 519 4725 ejus,
542 4657 594 4711 etsi
616 4665 765 4725 praeterea
786 4656 854 4709 nihil
876 4673 1001 4727 agerem,
1023 4661 1122 4709 contra
1142 4661 1205 4707 tuas
1227 4651 1430 4705 criminationes
1452 4649 1513 4701 lite·

155 4738 245 4792 retias
266 4753 428 4791 assererem.
471 4738 532 4791 Nou
552 4738 636 4790 debet
656 4736 727 4789 enim
753 4736 852 4789 mortui
874 4744 904 4789 et
924 4735 1027 4789 ethnici
1049 4732 1237 4803 praeceptoris
1264 4729 1416 4784 auctoritas
1438 4729 1511 4796 apud

156 4826 184 4871 te
205 4824 385 4871 sacrosancta
405 4833 476 4879 esse,
498 4818 571 4885 apud
592 4832 633 4868 me
655 4814 709 4867 vivi
731 4822 760 4868 et
781 4815 931 4867 Christiani
953 4814 1015 4867 vilis
1036 4814 1144 4867 haberi.
