3814 5818
165 483 222 548 ΔΕ
243 490 406 565 aequator,
439 479 498 545 OG
521 482 585 563 ojus
608 482 675 545 axis

165 583 196 635 01
221 572 295 654 poli.
346 571 406 633 HD
436 572 587 647 zodiacus,
621 572 675 633 BF

163 663 228 742 ejus
252 662 320 724 axis
342 669 376 722 01
397 659 474 741 poli;
504 660 564 722 erit
599 656 673 723 lKL

162 752 276 832 primus
299 748 382 812 orbis
411 749 440 811 in
465 749 584 812 theoria
605 750 672 811 Lu-

46 858 47 863 ’
163 860 218 904 nae
232 839 394 902 secundum
402 837 571 912 Eudoxum,
584 838 669 917 ejus-

163 948 218 1010 que
246 928 308 1009 poli
334 927 366 1000 1,
407 926 448 989 K.
490 924 581 997 NOQ
617 944 668 988 se·

162 1018 289 1092 enudus,
322 1016 389 1095 ejus
410 1015 473 1094 poli
492 1017 538 1091 N,
568 1013 669 1077 Onl-
719 1057 738 1110 Β

43 1126 45 1153 l
161 1106 212 1169 dxi
255 1106 352 1186 primo
391 1104 438 1166 IK
476 1104 507 1166 in
550 1103 669 1184 punctis

42 1218 44 1265 3
113 1192 116 1196 ⁵
161 1196 196 1268 P,
210 1195 255 1258 Μ.
278 1193 359 1256 BST
380 1192 499 1263 tertius,
519 1193 586 1273 ejus
608 1192 669 1273 poli

42 1274 44 1295 '
161 1284 204 1360 R,
228 1283 268 1358 Τ,
293 1282 375 1344 affixi
397 1281 574 1344 secundoin
589 1299 668 1361 pun-
692 1346 710 1406 C

41 1390 42 1395 ’
161 1376 218 1437 0110
242 1372 284 1446 V,
307 1371 348 1433 X.

248 1460 353 1522 Habes
383 1445 506 1520 Eudoxi
539 1475 669 1519 concen-

160 1552 262 1624 trioos,
287 1549 380 1623 Urso,
409 1548 438 1610 in
462 1547 581 1608 theoria
603 1547 668 1608 Lu·

160 1659 227 1703 nae.
285 1638 302 1699 I
342 1654 419 1699 nunc
460 1642 493 1697 et
533 1643 669 1698 veterum

159 1726 376 1790 astronomiam
398 1723 526 1787 extolle!
566 1724 668 1785 Theo-

159 1817 205 1879 ria
243 1815 319 1877 haec
356 1833 414 1876 uon
451 1820 575 1875 constat
610 1812 668 1875 uisi

159 1902 367 1977 conceutricis‚
392 1921 465 1964 saue
490 1903 560 1981 quia
581 1908 667 1962 cete·

159 2015 209 2058 ras
223 1994 330 2073 Lunae
353 1991 587 2071 inaequalitates
601 1989 666 2053 Eu-

159 2085 255 2146 doxus
278 2080 440 2162 ignoravit

247 2170 343 2232 Porro
389 2186 480 2249 quare
523 2165 668 2228 Eudoxus

160 2261 251 2323 etiam
274 2259 305 2322 in
329 2256 489 2320 Theoriam
513 2253 595 2317 Solis
618 2255 791 2325 latitudinis
811 2261 953 2324 circulum
982 2260 1193 2339 introduxerit,
1218 2262 1268 2327 din
1292 2282 1408 2329 mecum
1431 2283 1528 2347 quae·

160 2350 226 2411 siri.
273 2348 353 2410 Nam
386 2344 445 2407 etsi
473 2343 530 2406 hoc
553 2344 658 2423 procul
692 2349 782 2412 dubio
812 2352 852 2413 et'
872 2350 911 2412 D.
941 2350 1044 2433 Tycho
1067 2350 1169 2413 Brabe
1203 2351 1312 2428 iaciat,
1346 2354 1397 2434 qui
1429 2364 1531 2418 muta·

161 2439 274 2501 tionem
305 2436 438 2515 aliquam
477 2432 647 2495 latitudiuis
679 2436 805 2501 lixarum
838 2439 1051 2520 deprehendit:
1089 2439 1146 2502 hoc
1182 2445 1284 2504 tamen
1322 2450 1386 2504 tam
1418 2443 1531 2507 subtile

30 2556 32 2559 ·
113 2522 118 2538 '
160 2526 312 2609 negotium
346 2542 402 2586 nec
433 2521 491 2584 uisi
520 2529 593 2602 post
624 2528 720 2587 multa
752 2529 856 2591 secula
889 2526 1071 2609 deprehendi
1108 2536 1226 2610 potest,
1264 2549 1321 2592 nec
1353 2531 1380 2593 si
1411 2532 1531 2595 Eudoxi

159 2625 296 2697 tempore
328 2612 480 2694 potuisset
515 2611 714 2676 animadverti
748 2615 876 2680 Eudoxo
905 2617 1015 2679 inisset
1053 2617 1222 2697 cognitum,
1255 2619 1305 2698 qui
1334 2621 1429 2683 multo
1462 2622 1529 2683 eri-

159 2705 298 2768 dentiora
337 2699 504 2781 praeteriit.
560 2701 777 2780 Interpretatio
818 2723 890 2768 vero
922 2704 1155 2768 Fracastorii
1187 2706 1285 2769 locum
1321 2726 1381 2770 nou
1415 2708 1528 2772 habet:

160 2794 257 2870 „haec
280 2791 386 2871 igitur,
410 2789 522 2870 inquit,
554 2810 575 2850 a
602 2792 735 2854 secunda
761 2812 816 2874 per
838 2792 955 2855 zodiaci
991 2793 1207 2873 longitudinem
1231 2794 1412 2867 ducebatur,
1444 2806 1529 2859 motu

161 2892 263 2946 autem
291 2899 345 2942 suo
373 2878 522 2948 faciebat,
557 2885 590 2940 ut
617 2881 709 2942 stella
738 2901 795 2945 non
824 2882 853 2945 in
883 2882 988 2944 eadem
1017 2881 1150 2944 maxima
1177 2882 1380 2946 declinatione
1409 2903 1530 2965 semper

161 2977 308 3044 maneret,
337 2967 392 3030 sed
415 2967 504 3030 Luna
525 2967 614 3029 modo
637 2967 667 3029 iu
700 2989 758 3031 uno
782 2970 869 3051 signo
898 2970 987 3033 modo
1012 2971 1042 3032 in
1066 2969 1126 3031 alio
1149 2971 1315 3047 videretur,
1349 2969 1405 3034 Sol
1428 2974 1528 3053 magis

158 3072 190 3124 et
211 3062 311 3123 miuus
335 3056 502 3118 declinaret
525 3057 563 3117 ab
587 3054 887 3137 aequinoctiali.“¹')
933 3055 1017 3131 Quid
1035 3058 1115 3121 euim
1139 3077 1214 3139 opus
1229 3067 1278 3122 est
1299 3078 1355 3141 pro
1379 3061 1528 3124 varianda

73 3188 79 3197 ,
158 3150 241 3215 Solis
265 3146 466 3210 declinatione
490 3164 599 3207 novum
622 3146 762 3211 inducere
785 3149 942 3224 circulum,
967 3167 1035 3211 cum
1057 3146 1088 3209 id
1112 3148 1242 3211 officium
1273 3147 1365 3211 tertio
1396 3149 1447 3230 qui
1470 3149 1527 3215 snb

158 3240 284 3303 zodiaco
308 3235 422 3298 incedit
451 3234 492 3296 sit
519 3236 692 3315 proprium?
736 3237 781 3301 Et
802 3238 897 3300 verba
919 3236 1015 3318 ipsius
1038 3255 1097 3299 nou
1122 3244 1193 3300 sunt
1212 3237 1390 3300 astronomi.
1427 3239 1526 3317 Luna,

158 3329 265 3410 inquit,
290 3324 453 3389 secundum
474 3324 623 3388 maximae
648 3326 862 3390 declinationis
886 3326 925 3389 ab
950 3334 1112 3408 aequatore
1135 3334 1279 3407 punctum
1310 3345 1389 3390 nunu
1413 3328 1444 3391 in
1467 3346 1526 3391 uuo

159 3420 257 3499 signo,
280 3433 358 3477 nuno
381 3414 411 3475 in
435 3413 496 3475 alio
519 3415 705 3477 cernebatur.
752 3417 797 3479 At
816 3418 904 3480 Luna
916 3416 1092 3480 Fracastori
1114 3416 1252 3498 nuspiam
1271 3416 1340 3497 plus
1355 3416 1395 3479 ab
1410 3436 1526 3498 aequa-

158 3517 225 3570 torc
249 3505 396 3577 declinat,
423 3522 511 3584 quam
538 3503 568 3565 in
593 3517 639 3576 eo,
669 3509 704 3578 ᾖ
713 3548 721 3575 ,
753 3525 810 3567 000
844 3504 941 3567 minus
976 3525 1064 3587 quam
1088 3503 1152 3568 Sol.
1198 3504 1344 3587 Adeoque
1368 3505 1433 3586 jam
1462 3507 1526 3569 iere

39 3610 45 3615 '
161 3592 381 3659 concludebam
404 3611 530 3666 mecum,
557 3592 689 3654 voluisse
713 3592 871 3655 Eudoxum
895 3602 1008 3657 motum
1024 3594 1155 3657 fortasse
1174 3596 1301 3657 lixarum
1316 3595 1525 3657 demonstrare

126 3742 143 3755 ,
163 3704 217 3766 per
241 3681 404 3746 secundum
426 3677 518 3750 n'OQ
548 3679 704 3754 circulum,
738 3682 828 3743 aliter
859 3682 1028 3745 revolutum
1056 3690 1086 3744 et
1115 3701 1206 3763 super
1234 3681 1303 3744 aliis
1330 3684 1427 3762 polis,
1457 3702 1524 3746 cum

109 3818 114 3822 -
160 3771 359 3839 occurrebant
387 3767 564 3849 sequeutia:
596 3769 649 3845 „in
674 3770 789 3850 majore
813 3778 914 3832 autem
938 3770 1097 3832 latitudine
1121 3770 1264 3833 inflexum
1286 3789 1355 3832 esse
1378 3791 1463 3847 eum,
1494 3771 1525 3834 iu

162 3881 220 3944 qno
244 3862 341 3932 Luna,
366 3877 456 3939 quam
478 3857 509 3918 in
534 3876 591 3938 qno
615 3856 670 3921 Sul
694 3859 842 3921 seratur.“
888 3857 1005 3930 Quibus
1029 3858 1129 3921 verbis
1161 3859 1257 3921 omnis
1279 3859 1370 3938 plane
1394 3859 1523 3922 diversi-

160 3962 210 4014 tas
232 3948 312 4012 iuter
335 3946 418 4009 Solis
442 3953 474 4008 et
497 3947 602 4009 Lunae
626 3948 761 4010 theorias
780 3947 911 4023 tollitur,
945 3948 1001 4009 hoo
1029 3966 1088 4009 uno
1116 3955 1258 4027 excepto,
1288 3949 1367 4028 quod
1390 3946 1452 4010 OV
1474 3949 1524 4011 vel

158 4040 220 4103 Nx
242 4038 340 4100 minor
362 4035 405 4099 sit
424 4036 456 4099 10
479 4034 566 4110 Sole,
600 4056 688 4116 quam
716 4037 746 4099 in
770 4038 867 4099 Luna.
915 4036 1050 4098 Tandem
1073 4035 1193 4111 incidit,
1231 4036 1350 4099 Eudoxi
1373 4036 1523 4101 intentum

158 4148 218 4191 non
242 4137 305 4189 tam
329 4144 397 4188 esse
421 4124 655 4188 astronomicum
681 4146 771 4206 quam
793 4124 1043 4207 philosophicum.

247 4214 370 4277 Etenim
399 4222 432 4275 et
453 4212 597 4276 Eudoxus
621 4223 812 4277 astronomus
840 4214 920 4277 iuter
942 4212 1138 4295 philosophos
1165 4219 1198 4274 01
1220 4212 1340 4294 quidem
1363 4213 1522 4296 Pythago-

159 4307 238 4371 ricus
261 4325 281 4366 a
303 4302 429 4365 Laertio
452 4310 636 4365 recensetur.
684 4302 850 4366 Consilium
873 4303 966 4384 igitur
988 4303 1044 4364 boo
1068 4301 1162 4365 inisse
1184 4300 1321 4377 Eudoxo,
1346 4303 1466 4383 qnando
1488 4312 1523 4367 nt

158 4394 270 4457 lumine
294 4393 338 4455 sic
360 4392 492 4453 motibus
514 4390 674 4472 plurimum
688 4390 741 4453 Sol
765 4399 797 4454 01
811 4393 898 4454 Luna
912 4391 1031 4454 differre
1046 4390 1206 4452 rideantur
1225 4391 1380 4466 acetaria,
1405 4410 1522 4473 aequa·
1604 4446 1613 4457 .

157 4484 277 4546 litatem
310 4480 511 4542 omnimodam
537 4480 617 4542 inter
644 4480 804 4543 luminaria
833 4480 1004 4556 instituere,
1038 4479 1162 4560 Solique
1190 4479 1229 4541 ad
1252 4480 1357 4542 Lunae
1386 4499 1522 4544 normam

157 4572 291 4636 tribuere
306 4568 508 4646 latitudinem,
532 4569 587 4632 sed
605 4569 810 4632 insensibilem
825 4579 878 4632 aut
897 4577 981 4632 certe
999 4567 1215 4631 insensibiliter
1228 4568 1417 4645 variabilem,
1442 4570 1522 4649 quod

156 4661 194 4724 iis
217 4659 300 4723 innui
322 4658 423 4720 verbis
446 4658 600 4734 existimo,
629 4656 735 4738 quibus
763 4660 908 4738 majorem
930 4659 1035 4721 Lunae
1066 4675 1156 4737 quam
1180 4653 1245 4719 Soli
1272 4656 1378 4720 tribuit
1410 4656 1520 4719 latitu-

158 4751 270 4814 dinem.
317 4749 404 4810 Haec
427 4747 506 4809 enim
526 4746 696 4827 aequalitas
719 4746 888 4809 rationibus
912 4748 976 4827 ejus
999 4745 1214 4827 philosophicis
1238 4745 1340 4808 forsan
1360 4744 1521 4809 admodum

156 4848 225 4904 erat
248 4842 464 4902 consentanea.
509 4836 575 4900 Neo
606 4834 740 4913 dubium,
774 4834 844 4916 quin
873 4836 1000 4901 eandem
1022 4834 1061 4898 ob
1084 4852 1207 4897 causam
1233 4834 1312 4897 inter
1339 4839 1460 4895 ceteras
1488 4838 1521 4897 01
