3786 5808
401 375 445 444 38
814 388 818 403 ¹
996 372 1159 435 medem

399 538 464 605 qued
481 539 601 589 maximus
620 545 646 589 et
664 541 769 604 optimus
787 545 885 591 aserim
902 538 985 595 Deus,
1003 538 1101 603 publice
1120 538 1181 589 istas
1199 535 1348 602 hypotheses
1368 552 1424 589 cum
1442 536 1569 603 Scriptura
1588 553 1612 587 s.
1634 537 1776 593 condiisse

398 609 473 662 relies
492 616 518 659 et
534 624 697 675 propugnare,
717 618 811 662 certum
829 617 928 668 metuo,
947 616 976 659 ut
992 610 1018 659 in
1037 609 1202 659 dissensiones
1221 616 1246 658 et
1265 623 1366 659 narrum
1384 624 1423 659 ree
1441 608 1537 660 isthaec
1554 618 1698 674 crumpat:
1726 625 1775 675 quo

399 695 459 733 casn
476 680 549 730 velim
567 696 622 747 epo,
641 697 680 732 me
699 682 759 732 istas
779 683 943 749 cogitationes
961 687 1027 737 tuas,
1046 682 1071 730 ln
1090 695 1116 730 se
1136 681 1235 746 quidem
1253 686 1279 730 et
1297 679 1475 731 mathematice
1498 680 1680 732 consideratas
1699 694 1772 746 prae·

400 753 481 805 claras
500 757 526 802 ct
542 753 651 808 nobiles.
678 766 804 818 nunqnam
827 754 924 803 vidisse·
961 751 1018 803 lam
1037 752 1127 802 dudum
1146 753 1255 801 enimin
1274 750 1382 801 ecelesia
1397 751 1497 802 Domini
1517 753 1571 816 plns
1595 753 1774 802 contentionis

400 830 452 878 est.
472 837 546 888 quam
563 824 664 874 infirmis
683 825 807 888 expediat.
846 823 895 875 Sed
914 826 997 874 nescio
1016 839 1062 888 qno
1080 839 1120 873 me
1139 824 1245 888 abripiat
1262 822 1360 885 stylus,
1387 825 1425 874 rel
1448 824 1529 887 potius
1546 824 1683 873 haecum
1701 837 1774 874 meus

282 942 293 953 ,
397 898 424 946 iu
441 903 467 946 te
487 910 571 945 arnon
599 898 640 960 qui
664 897 711 945 uisi
729 896 787 946 talis
805 898 830 945 in
848 903 874 946 te
893 902 975 951 emet,
1003 896 1082 959 qualis
1101 901 1154 956 est,
1182 895 1365 945 ardentissimus
1383 897 1496 945 nimirum
1515 901 1541 945 et
1559 895 1772 949 candidissimus.

398 973 452 1018 tum
469 966 572 1016 liberam
590 966 654 1029 stylo
672 966 798 1017 licentiam
816 983 866 1017 non
883 968 1054 1032 permisissem.
1092 966 1142 1018 Sed
1166 967 1206 1017 hic
1230 966 1296 1016 idern
1315 981 1383 1016 amor
1403 968 1450 1018 duo
1470 967 1513 1017 abs
1531 974 1557 1017 te
1574 967 1716 1030 postulat,
1745 973 1775 1016 ut

399 1039 512 1089 nimirum
536 1044 662 1088 strenuum
688 1039 756 1087 nobis
785 1052 846 1103 agas
873 1038 1076 1088 mathematicum
1103 1044 1130 1088 et
1153 1051 1228 1103 quam
1247 1044 1323 1088 antea
1340 1037 1385 1086 tibi
1403 1038 1605 1088 commendatam
1627 1052 1688 1088 esse
1709 1037 1771 1096 scio,

399 1109 521 1161 ecclesiae
548 1109 753 1174 tranquillitatem
777 1115 920 1160 constanter
948 1110 1039 1158 loreas.
1076 1108 1153 1159 Hisce
1181 1117 1207 1159 te
1234 1108 1290 1159 Deo
1308 1106 1339 1158 0.
1358 1108 1393 1158 Μ.
1420 1122 1472 1159 uua
1496 1123 1552 1160 eum
1576 1114 1640 1159 tnta
1659 1109 1774 1160 ecclesis

399 1180 488 1231 Christi
505 1180 546 1244 pie
565 1181 717 1231 commendo.
754 1180 882 1246 Tubingae
902 1181 925 1230 d
946 1178 988 1231 12.
1008 1181 1098 1245 Aprilis
1118 1177 1194 1229 teta.

469 1246 563 1312 Quibus
591 1252 798 1302 exhortationibus
827 1259 907 1302 motus
926 1251 1049 1316 Keplerus
1080 1253 1220 1316 promisisse
1242 1251 1354 1307 ridetur,
1382 1265 1508 1316 nunquam
1525 1266 1552 1301 se
1570 1251 1723 1302 immiscere
1742 1267 1769 1301 se

397 1322 459 1373 relic
478 1323 683 1387 disputationibus
703 1323 896 1380 ecclesiasticisr
916 1330 987 1374 extat
1005 1325 1071 1374 enlm
1089 1324 1194 1388 epistola
1211 1321 1244 1372 Η.
1267 1318 1302 1383 (d.
1322 1321 1346 1371 d.
1366 1318 1391 1371 d.
1411 1325 1476 1391 Aug.
1497 1319 1587 1383 1⁵98),
1606 1323 1635 1372 in
1656 1337 1713 1387 qua
1730 1323 1772 1373 hic

397 1408 489 1459 magno
507 1394 598 1459 gaudio
617 1400 748 1458 acceptam
768 1394 909 1460 aKeplem
927 1396 1110 1459 promissionem
1128 1395 1218 1451 relert,
1249 1393 1331 1452 „illum
1350 1393 1424 1457 pluris
1442 1394 1525 1445 lacere
1544 1393 1677 1444 ecclesiae
1700 1400 1771 1444 tran

397 1465 561 1532 quillitatem,
583 1480 664 1530 ,quam
690 1480 845 1533 quoscunque
873 1467 1026 1533 ingeniorum
1049 1465 1211 1515 nobilissimos
1236 1470 1262 1515 et
1286 1464 1434 1515 clarissimos
1458 1465 1546 1515 tmtue.
1586 1465 1624 1515 Et
1643 1467 1771 1528 quamuis.

398 1537 484 1601 inquit,
506 1536 537 1587 de
555 1534 661 1587 thesium
679 1540 782 1588 raritate
801 1537 884 1588 adhuc
903 1538 1001 1603 quidem
1020 1538 1190 1595 dissideamus,
1210 1551 1247 1588 eo.
1267 1536 1331 1599 qnod
1349 1542 1451 1601 uterque
1469 1536 1580 1586 nostrum
1597 1537 1655 1586 suis
1675 1536 1770 1587 funda·

396 1608 486 1658 mentis
504 1609 598 1667 nititur,
617 1611 676 1673 quia
693 1614 779 1659 tamen
796 1615 895 1674 propter
912 1617 990 1666 mam,
1009 1623 1058 1673 qua
1074 1609 1123 1658 irui
1140 1608 1185 1657 tibi
1203 1607 1301 1667 rideris,
1321 1621 1406 1658 sensns
1419 1606 1607 1664 abundantiam,
1628 1623 1684 1657 non
1699 1610 1770 1674 quic·

341 1690 344 1697 ’
396 1694 471 1745 quarn
489 1693 631 1742 succenseo,
651 1681 686 1731 sic
704 1681 780 1729 multo
799 1681 878 1729 minue
897 1687 925 1730 tu
942 1680 1000 1729 mihi
1018 1681 1110 1744 poteris
1128 1678 1261 1744 indignari.
1280 1678 1322 1742 qul
1334 1677 1478 1729 firmioribus
1491 1678 1607 1729 suffultus
1622 1681 1769 1730 rationibus

395 1751 471 1802 libere
490 1751 615 1809 dissentio,
634 1752 732 1802 interim
750 1753 835 1802 tamen
852 1752 1043 1804 mathematicas
1061 1751 1281 1815 contemplationes
1300 1757 1420 1816 perpetua
1439 1750 1603 1808 admiratione
1626 1765 1769 1802 venerans.

397 1820 446 1874 Sed
463 1824 530 1873 rirat
549 1829 575 1874 et
593 1824 678 1888 rigeat
696 1823 817 1873 ecclesiae
835 1824 878 1887 pia
895 1830 1031 1887 sanctaque
1050 1821 1239 1886 tranquillitas.“

466 1893 506 1945 De
518 1894 682 1945 Haienrefferi
699 1894 775 1944 literis
792 1894 856 1945 haec
874 1895 950 1945 relert
965 1895 1121 1960 Keplerus
1139 1892 1330 1950 Maesulus,
1349 1892 1499 1945 concludens
1515 1890 1605 1945 literas
1624 1895 1767 1963 longiores,

397 1979 501 2033 numum
518 1969 598 2030 major
616 1980 674 2030 pars
692 1966 757 2018 inira
776 1971 907 2033 sequetur:

567 2125 681 2189 Restat
694 2145 782 2189 unum
798 2127 905 2201 adhuc,
930 2135 963 2189 et
984 2146 1060 2215 pena
1083 2126 1286 2206 praecipuum.
1321 2120 1388 2196 Quo
1408 2125 1532 2189 consilio
1547 2127 1587 2191 ad
1600 2128 1643 2190 D.
1661 2129 1765 2191 Hale-

396 2217 534 2279 retlerum
557 2215 739 2295 scripserim,
763 2216 853 2279 nosti.
900 2215 1080 2296 Respondit,
1105 2233 1222 2278 summe
1236 2214 1388 2276 liternmm
1403 2215 1477 2276 haec
1491 2223 1559 2278 est:
1585 2216 1764 2280 abstineam

396 2324 416 2366 a
438 2304 589 2366 mentione
614 2322 767 2367 sacrarum
780 2305 935 2367 literarum
949 2305 979 2367 in
997 2304 1128 2385 publico.
1176 2303 1331 2368 Offensum
1351 2303 1386 2365 iri
1408 2304 1519 2368 multos
1542 2305 1658 2370 bonos:
1685 2326 1762 2388 quos

394 2394 473 2457 inter
496 2401 582 2456 etse
606 2412 664 2455 non
689 2393 814 2457 obscure
836 2402 952 2461 censet.
1001 2394 1129 2459 Omnino
1152 2395 1271 2458 videtur
1294 2400 1446 2465 metuere,
1476 2413 1512 2456 ne
1535 2395 1673 2458 munitus
1705 2415 1762 2475 ego

396 2482 560 2545 autoritate
587 2483 731 2551 Frideuici
757 2483 900 2564 psincipis
933 2503 987 2564 per
1014 2483 1074 2545 vim
1102 2484 1262 2546 extrudere
1290 2481 1381 2544 velim
1411 2482 1616 2547 defensionem
1651 2494 1763 2548 contra

394 2590 548 2635 sacrarum
572 2572 946 2653 literarumobjcotiones,
971 2573 1044 2635 dicit
1067 2572 1158 2648 enim,
1192 2578 1343 2652 repertum
1365 2571 1420 2646 iri,
1450 2572 1586 2651 quirem
1610 2574 1761 2653 impedire

392 2660 497 2723 velint.
544 2662 666 2724 luteres
684 2662 773 2741 jubet
796 2682 842 2725 me
867 2669 987 2725 strenue
1010 2680 1137 2744 pergere
1160 2662 1190 2723 in
1214 2662 1260 2723 hie
1284 2660 1516 2742 hypothesibus,
1541 2671 1695 2742 quatenus
1721 2663 1759 2723 ad

395 2750 609 2815 astronomiam
634 2751 758 2815 iaciunt.
804 2751 966 2815 Enimvero
990 2752 1068 2833 quod
1092 2759 1184 2814 antea
1208 2749 1319 2819 censui,
1338 2750 1404 2828 jam
1419 2749 1625 2831 multomagis
1650 2753 1759 2814 credo:

394 2858 453 2902 non
477 2859 544 2903 esse
567 2840 698 2902 alienum
722 2861 741 2902 a
765 2839 932 2922 Cepernieo
956 2841 1116 2917 hominem,
1140 2841 1195 2903 sed
1218 2842 1296 2904 iuter
1319 2839 1476 2918 theologos
1499 2848 1618 2903 ceteros
1644 2861 1755 2904 neces-

395 2929 476 2991 sario
500 2929 641 2992 standum
664 2928 722 3009 ipsi
745 2949 799 3010 pro
823 2931 986 2994 autoritate
1011 2934 1059 3003 (ut
1072 2932 1195 3012 putant)
1220 2927 1396 3007 scripturae.
1442 2928 1572 3008 Ideoque
1595 2948 1686 2993 suam
1701 2949 1757 3010 ge-

395 3018 515 3081 nuinam
538 3020 720 3082 sententiam
742 3019 813 3081 mihi
837 3039 894 3083 unu
920 3021 1063 3100 explicat.
1110 3017 1190 3089 Quid
1214 3017 1358 3098 agemus?
1381 3016 1460 3078 Tota
1475 3020 1662 3080 astronomia
1677 3017 1757 3081 tanti

395 3127 452 3173 non
476 3114 541 3184 est,
574 3115 608 3171 ut
634 3129 710 3171 nnus
739 3129 776 3171 ex
798 3109 916 3189 pusillis
940 3107 1055 3172 Christi
1080 3108 1257 3170 offendatur.
1305 3104 1381 3169 Cum
1403 3105 1505 3185 itaque
1527 3126 1598 3188 pars
1622 3108 1759 3172 maxima

394 3197 549 3259 doctorum
574 3197 665 3259 etiarn
689 3198 727 3258 ad
751 3198 828 3260 hano
853 3198 1054 3260 astronomiae
1080 3198 1128 3270 (ut
1150 3197 1240 3276 vulgo
1264 3195 1396 3268 videtur)
1421 3196 1637 3260 sublimitatem
1662 3197 1755 3261 intel-

398 3286 477 3348 lectu
501 3305 555 3348 suo
578 3305 636 3347 non
660 3286 821 3349 ascendat:
847 3305 904 3366 age
927 3286 1155 3367 Pythagoraeoe
1177 3285 1225 3345 vel
1249 3284 1371 3346 tandem
1394 3285 1486 3347 etiam
1509 3287 1659 3349 institutis
1684 3286 1756 3349 inri-

397 3382 504 3436 tcmur.
550 3374 700 3436 Privatim
723 3393 777 3435 nos
801 3376 850 3455 qui
875 3375 953 3448 adit,
979 3373 1227 3441 communicemus
1250 3372 1294 3435 illi
1318 3373 1443 3435 candide
1469 3382 1604 3438 nostram
1625 3386 1753 3438 senten-

396 3463 482 3525 tiam.
529 3460 651 3527 Publice
685 3471 847 3527 taceamus.
896 3461 958 3525 Cur
993 3462 1209 3524 astronomiam
1246 3461 1430 3525 astronomici
1465 3465 1614 3545 perditum
1652 3461 1754 3528 imus?

399 3551 496 3614 Totus
518 3553 645 3614 mundus
668 3551 838 3628 hujusmodi
862 3560 961 3615 scatet
984 3550 1169 3626 hominihus,
1200 3551 1250 3631 qui
1272 3550 1371 3631 parati
1395 3561 1465 3615 sunt
1490 3561 1585 3619 totam
1608 3565 1751 3617 astrono-

398 3640 508 3713 miam,
534 3640 560 3702 ei
585 3638 753 3721 Cepernico
776 3659 857 3702 mere
881 3641 1059 3716 adhaereat,
1088 3641 1197 3702 mundo
1220 3641 1328 3721 ejicere
1356 3643 1574 3723 commodisque
1603 3645 1753 3707 artificum

396 3729 556 3793 obsistere.
589 3730 732 3793 Artifices
746 3748 818 3792 vero
841 3749 878 3791 er
902 3749 935 3792 se
958 3730 1033 3811 ipsis
1056 3729 1104 3791 vel
1129 3749 1166 3792 ex
1184 3749 1258 3792 aura
1280 3730 1381 3791 vivere
1399 3748 1457 3793 non
1471 3740 1607 3812 possunt.
1647 3732 1750 3804 Quare

396 3820 441 3882 ita
463 3819 494 3881 in
518 3819 727 3882 astronomicis
752 3838 900 3899 agamus,
940 3828 973 3882 ut
1000 3819 1133 3882 fautores
1162 3819 1362 3881 astronomiae
1391 3821 1572 3884 retineamus
1600 3831 1633 3883 et
1655 3830 1691 3884 ut
1713 3837 1749 3881 ne

394 3907 572 3971 esuriamus.
620 3907 707 3980 Quod
732 3909 799 3971 ideo
824 3909 931 3986 scribo,
957 3909 1028 3989 quia
1049 3908 1215 3990 penultimi
1237 3907 1291 3971 tui,
1313 3909 1444 3988 epistolis
1466 3910 1569 3973 adme
1589 3908 1748 3991 scripsisti,

394 4007 426 4059 te
450 3998 549 4077 quoad
572 3998 688 4061 ludicra
710 3998 823 4060 tractet
846 3999 1063 4074 Haierederus,
1094 3998 1215 4061 ludicris
1238 4016 1406 4072 occanere,
1431 4000 1484 4061 sed
1507 4008 1645 4079 paratum
1668 4017 1746 4070 esse,

393 4087 419 4149 si
444 4086 553 4149 seriam
577 4086 632 4150 tibi
655 4097 775 4150 moveat
798 4088 1044 4164 controversiam,
1068 4106 1121 4169 pro
1146 4087 1252 4150 rnerito
1271 4087 1354 4149 illum
1368 4087 1515 4168 excipere.
1553 4090 1655 4153 Nolim
1670 4089 1747 4151 euim

395 4185 425 4239 te
447 4176 495 4239 vel
519 4176 549 4240 in
578 4196 675 4240 meam
704 4177 751 4238 vel
782 4177 811 4239 in
836 4177 930 4257 ipsius
954 4177 1046 4240 etiarn
1069 4176 1207 4240 veritatis
1240 4178 1330 4257 (quae
1363 4177 1471 4240 nullius
1503 4178 1632 4241 hominis
1661 4178 1746 4240 sniu-

393 4274 455 4328 tem
477 4273 532 4331 aut
554 4267 739 4330 commodum
762 4266 931 4339 concernit)
954 4266 1085 4345 gratiam
1108 4265 1243 4329 inimicos
1266 4265 1320 4327 tibi
1335 4265 1495 4330 conciliare
1510 4276 1564 4330 sut
1581 4266 1745 4331 incommo-

394 4354 460 4416 dius
484 4373 583 4435 agere.
630 4357 675 4418 Tu
699 4356 747 4436 qui
771 4355 1025 4431 animadvertisti,
1054 4363 1187 4419 tractare
1214 4356 1310 4417 virum
1337 4353 1420 4417 illum
1447 4356 1529 4418 seria
1549 4375 1604 4437 per
1639 4359 1744 4425 insum,

307 4470 311 4479 ‚
393 4444 512 4506 clavum
535 4445 621 4506 clavo
644 4445 756 4525 pellere
780 4453 867 4525 potes
891 4455 921 4507 et
945 4447 992 4507 uel
1017 4444 1095 4506 seria
1117 4451 1301 4506 tractantem
1325 4443 1391 4505 lusu
1414 4446 1551 4526 excipere
1574 4448 1665 4519 semo,
1691 4459 1744 4505 nes

394 4532 455 4595 alia
476 4551 606 4612 persona
628 4534 657 4597 in
683 4553 804 4596 arenam
828 4534 1021 4598 descendere.
1063 4533 1148 4596 Haeo
1176 4552 1232 4613 ego
1261 4532 1379 4615 quidem
1405 4524 1613 4619 παρρήσιαζων
1635 4555 1690 4598 nec
1713 4539 1743 4593 te

394 4621 532 4697 imitans,
565 4623 615 4703 qui
643 4623 723 4686 soles
750 4623 841 4685 nihil
870 4624 1053 4695 dubitare,
1082 4624 1151 4702 quin
1174 4622 1231 4685 iroc
1254 4640 1310 4701 ego
1334 4628 1432 4701 agam,
1457 4624 1536 4704 quod
1559 4644 1607 4687 ms
1629 4619 1743 4687 hortari

391 4729 445 4791 pro
470 4711 635 4773 autoritate
657 4730 783 4792 posses,
811 4721 845 4773 nt
868 4730 998 4791 agerem
1046 4710 1161 4781 Quodsi
1184 4712 1276 4774 aliter
1296 4710 1352 4772 tibi
1375 4712 1492 4774 videtur
1513 4713 1542 4775 in
1566 4712 1623 4775 hec
1640 4729 1739 4782 oausa,

393 4819 511 4881 semper
531 4799 602 4863 milri
626 4802 683 4864 erit
705 4801 866 4879 integrum,
896 4809 977 4862 tuum
1006 4799 1088 4879 sequi
1117 4800 1289 4863 consilinm:
1328 4818 1394 4860 nam
1423 4801 1451 4862 in
1475 4802 1648 4881 praeseutia
1670 4797 1740 4862 nihil

391 4889 557 4977 respondeo
580 4890 620 4955 D.
635 4890 831 4964 Halereffero,
856 4888 911 4953 nisi
937 4897 970 4951 ut
991 4907 1046 4978 per
1068 4890 1254 4955 occasionem
1278 4887 1362 4952 illum
1385 4889 1499 4955 salutes
1523 4889 1738 4957 officiosissime
