3814 5818
380 326 446 394 tri
802 258 904 380 meaa
922 326 1026 394 raas
1044 329 1196 395 summa
1213 334 1315 379 aaa„
1404 408 1432 465 ς

378 490 719 570 successioneque
743 490 861 569 longios
883 489 914 551 in
937 496 992 551 tua
1013 488 1211 570 persuasione
1234 492 1397 569 provectus
1420 486 1529 559 fueris,
1562 486 1619 548 hoc
1640 450 1739 566 magis

378 589 408 642 te
432 580 504 641 milri
527 579 591 640 iore
615 584 789 657 suspectum
812 578 1004 640 credulitatis
1027 578 1146 641 nimiae.
1192 575 1254 638 Sed
1277 577 1371 639 heus!
1408 575 1547 649 Peccavi,
1571 594 1609 637 us
1634 575 1734 648 leriae,

378 669 499 730 inermis
517 668 634 730 adsum.
674 666 750 729 Cum
766 667 844 728 enirn
859 667 970 728 nemini
990 676 1021 730 te
1034 667 1220 747 parciturum
1235 666 1281 727 aie
1301 666 1412 744 (comp.
1430 664 1474 727 lit
1488 664 1578 726 Febr.
1598 682 1629 743 p.
1645 659 1736 736 306),

378 757 479 818 cautio
507 754 579 818 mihi
608 764 658 819 est
685 756 869 831 adhibenda,
903 775 941 817 ne
970 764 1002 823 et
1032 774 1078 817 rue
1107 756 1227 817 hostem
1256 752 1313 816 tibi
1344 752 1472 833 deligas.
1523 753 1614 814 Nova
1642 770 1737 832 eaque

378 844 510 908 absurda
532 864 581 907 me
605 862 721 926 quoque
745 844 775 906 in
799 843 1043 924 meteorologicis
1073 844 1236 906 adduxisse
1262 851 1358 922 puto:
1395 842 1492 904 multa
1522 860 1639 921 quoque
1667 842 1737 902 iun-

378 934 521 996 datnenta
544 933 671 1016 physica
708 941 741 995 et
770 934 954 1013 theologiam
984 934 1100 996 eminus
1129 933 1302 1011 spectantia
1330 930 1500 1012 aperuisse3
1542 948 1634 1011 quare
1662 930 1737 991 haec

377 1022 477 1084 omnia
499 1040 547 1084 rue
570 1040 629 1085 nou
654 1030 771 1084 tautum
795 1021 976 1104 aequissimo
1000 1029 1174 1102 spectatore
1207 1021 1375 1083 sedetiam
1408 1019 1542 1081 nonnihil
1573 1024 1738 1100 praeeunte

377 1113 497 1173 leceris.

446 1214 638 1267 Fabricius:
669 1214 708 1266 'fu
726 1215 806 1265 nullos
831 1213 968 1280 epirotae
994 1214 1125 1272 concedis.
1153 1212 1398 1278 praeterhumidnm
1416 1208 1539 1271 radicalea
1570 1210 1635 1276 quod
1653 1224 1737 1261 rerum

377 1295 416 1338 eet
432 1294 548 1351 respectu
565 1288 687 1338 interioris
706 1294 732 1337 et
749 1288 919 1338 concurrentia
938 1298 1041 1343 cumae.
1060 1293 1181 1349 exparte
1204 1285 1322 1337 concedo.
1359 1284 1495 1335 Humidum
1513 1282 1624 1334 radicale
1641 1282 1738 1334 relrltur

377 1359 458 1409 calido
476 1360 576 1419 innato,
595 1359 736 1424 siquando
755 1359 882 1422 utriusque
901 1359 995 1421 optima
1014 1364 1052 1407 est
1070 1359 1209 1422 proportio,
1228 1364 1289 1407 tune
1307 1357 1359 1406 rita
1377 1355 1501 1421 longaera
1517 1355 1697 1419 praesumitur.
1716 1355 1737 1405 ei

377 1444 433 1480 aem
451 1430 552 1479 riolenti
571 1443 644 1480 casua
662 1445 711 1481 non
731 1430 887 1480 abscindunt·
925 1428 976 1479 Sed
993 1428 1068 1484 uude.
1088 1443 1190 1493 quaeso.
1209 1427 1337 1477 humidum
1356 1427 1417 1476 illud
1436 1432 1462 1476 st
1480 1424 1681 1476 calidumritale
1699 1424 1736 1482 rit,

376 1501 442 1550 unde
461 1501 570 1549 animam
589 1515 659 1550 suam
677 1499 772 1551 habeti
810 1499 945 1550 Constituit
963 1514 1021 1564 ergo
1036 1499 1103 1549 Deus
1123 1498 1184 1548 duos
1203 1500 1348 1562 praecipuos
1367 1497 1462 1546 humidi
1482 1503 1508 1546 et
1527 1496 1602 1546 calidi
1620 1495 1736 1545 radicahs

306 1586 314 1601 ·
375 1579 497 1621 rectores:
522 1571 607 1635 ‘lipro
626 1572 738 1630 humido,
766 1566 804 1632 Θ
817 1586 860 1634 pro
880 1570 960 1620 calido
979 1573 1074 1620 innato.
1111 1569 1144 1619 ffi
1164 1569 1212 1619 duo
1231 1571 1343 1619 excitant
1368 1570 1477 1618 animam
1496 1574 1522 1617 st
1540 1567 1668 1616 vivificant
1684 1566 1735 1626 illa,

375 1655 439 1706 quae
458 1640 508 1691 dixi
525 1642 648 1693 radicalia
664 1643 799 1700 neutralia,
818 1643 892 1706 idque
910 1656 953 1705 pro
965 1642 1056 1691 virtute
1076 1648 1102 1691 et
1114 1643 1195 1704 positu
1209 1638 1259 1690 'auo
1271 1641 1365 1690 fortiori
1377 1639 1417 1689 rel
1428 1638 1582 1689 imheeilliori
1600 1640 1627 1687 iu
1639 1638 1734 1702 genem.

376 1713 531 1763 Concurrunt
548 1727 607 1778 ergo
627 1714 692 1765 duas
710 1727 804 1764 causae
821 1714 888 1763 ritae
905 1719 1006 1762 normae
1024 1712 1169 1763 naturales:
1197 1711 1370 1775 corporalest
1392 1709 1494 1760 astruis.
1533 1708 1665 1772 Corporale
1682 1710 1737 1757 sine

376 1785 462 1834 astreli
480 1787 551 1850 quasi
568 1791 691 1834 mortuum
710 1792 764 1842 est,
783 1800 813 1835 en
831 1784 872 1834 illo
892 1798 948 1832 rero
966 1783 1111 1833 ririlicatur.
1149 1784 1265 1832 Animam
1283 1790 1311 1831 tu
1330 1782 1437 1846 corporis
1455 1783 1531 1831 ritam
1549 1794 1632 1829 noune
1651 1777 1750 1828 dicasi-

376 1854 441 1915 Quid
459 1854 571 1919 prohihet
589 1871 657 1920 ergo.
678 1852 710 1915 Θ
731 1863 757 1906 et
775 1856 797 1916 ll
817 1856 898 1905 dicere
917 1855 983 1903 ritae
1001 1854 1122 1905 naturalis
1142 1854 1336 1918 significatores,
1356 1854 1415 1918 quia
1433 1852 1464 1901 de
1482 1851 1611 1901 debilitate
1629 1850 1667 1901 rel
1686 1850 1734 1899 ior·

375 1926 480 1975 titudine
499 1927 566 1974 ritas
584 1926 707 1976 naturalis
725 1926 869 1991 significant
888 1934 913 1974 et
929 1926 1051 1987 judicant.
1088 1925 1136 1974 Pro
1156 1925 1332 1974 constitutione
1352 1936 1411 1989 ergo
1428 1924 1515 1972 horum
1535 1922 1637 1972 duorum
1656 1929 1735 1970 astro·

374 1996 455 2061 logice
474 1997 505 2046 de
522 1997 575 2047 rita
588 1997 753 2060 judicandum
771 2003 838 2062 puto.
876 1994 919 2046 Sol
942 1997 1034 2046 lumino
1061 2003 1087 2047 et
1110 1996 1193 2046 ealore
1221 2010 1265 2046 suo
1285 2002 1388 2045 externo
1413 1995 1505 2060 nbiqrm
1530 1995 1556 2043 lu
1575 1992 1694 2055 ecliptica
1711 1997 1738 2042 et

375 2066 531 2117 verticulibrrr
558 2070 656 2118 ratione
677 2068 810 2118 horizontis
839 2082 891 2117 non
913 2074 951 2116 est
975 2082 1054 2131 aeque
1077 2074 1174 2130 potens.
1212 2067 1278 2132 Ergo
1298 2066 1397 2116 amalis
1415 2066 1480 2115 illius
1499 2067 1535 2115 rie
1557 2079 1601 2129 pro
1627 2064 1680 2113 rita
1697 2078 1734 2113 re-

375 2138 471 2202 gende.
497 2153 540 2201 pro
566 2139 646 2189 calido
671 2140 760 2189 innato
783 2138 924 2205 vegetando
951 2147 978 2187 et
1002 2137 1158 2188 lortifioando
1184 2153 1233 2189 nou
1261 2139 1308 2187 erit
1331 2138 1420 2201 ubique
1442 2139 1468 2186 in
1485 2136 1597 2187 demate
1615 2134 1736 2200 aequalis.

376 2208 468 2273 Anguli
486 2215 554 2258 certe
578 2205 734 2261 imaximae
752 2211 847 2259 virtutis
865 2215 937 2266 sunt,
965 2211 1072 2259 mamma
1097 2224 1154 2258 rero
1175 2209 1272 2258 decima
1300 2208 1400 2265 domna,
1426 2214 1481 2271 post
1499 2207 1519 2257 Ι.
1539 2208 1642 2264 (ιοωιιις
1673 2205 1737 2255 haee

375 2285 474 2344 propter
496 2280 599 2344 primam
624 2283 785 2332 emersionem
813 2287 840 2331 et
867 2280 1044 2331 dhmrdonmn
1081 2279 1254 2341 tenebrarum,
1282 2279 1326 2329 illa
1352 2286 1452 2344 propter
1478 2278 1558 2328 lucem
1581 2282 1607 2327 et
1631 2276 1738 2327 calorem

375 2352 519 2400 marimum.

464 2439 666 2519 Kepleruet
690 2439 737 2500 De
752 2440 873 2519 aphetis
887 2440 1017 2513 memini,
1043 2458 1089 2500 me
1105 2439 1266 2500 adnomen
1290 2434 1402 2517 ἀφιζω,
1425 2437 1582 2515 doeendus,
1608 2452 1733 2518 respex-

377 2528 448 2589 isse.
487 2526 647 2590 Sententia
671 2528 743 2600 init,
775 2528 933 2591 terminum
957 2546 1025 2590 esse
1049 2527 1280 2606 astrologicam,
1310 2528 1359 2608 qui
1383 2527 1624 2591 inconsideratos
1648 2526 1733 2588 deci-

376 2616 452 2695 piat,
493 2617 579 2697 quasi
612 2617 758 2697 astrologi
788 2618 957 2680 exturbatis
990 2616 1127 2697 genuinis
1161 2634 1258 2677 rerum
1288 2617 1388 2679 causis
1417 2616 1456 2677 ad
1486 2616 1562 2677 haec
1592 2616 1735 2692 cillerpuu

375 2704 564 2785 confugiant,
598 2703 696 2768 vitam
718 2725 776 2767 non
801 2726 839 2768 ex
861 2706 1055 2768 immanentis
1078 2706 1215 2778 atrimae,
1250 2706 1305 2766 sed
1329 2725 1366 2766 en
1386 2705 1553 2784 agitatione
1577 2705 1653 2767 coeli
1678 2706 1733 2765 de-

375 2795 496 2857 ducant.
543 2794 609 2857 Hoc
633 2803 663 2856 tc
688 2814 746 2855 uon
769 2804 842 2876 puto
866 2796 1119 2875 impugnatorum.
1166 2793 1207 2854 Et
1231 2802 1350 2868 tameo,
1377 2794 1464 2875 quasi
1489 2796 1528 2856 ad
1552 2794 1733 2874 impugnan-

375 2883 444 2944 dum
462 2883 533 2957 hoc,
568 2884 646 2964 quod
671 2883 752 2958 dixi,
787 2884 898 2963 doecre
921 2885 1080 2965 genuinum
1105 2903 1172 2944 esse
1197 2882 1346 2944 humidum
1376 2883 1523 2952 radicale,
1557 2891 1733 2963 argumento

375 2972 539 3034 instructus
563 2990 610 3042 es,
637 2972 740 3034 sidera
763 2973 838 3034 dant
861 2974 981 3035 humido
1005 2972 1129 3034 radicah
1154 2971 1297 3050 rigorem.
1347 2972 1411 3032 Hoc
1436 2972 1506 3044 tibi,
1540 2972 1579 3033 mi
1603 2969 1732 3045 Fabrici,

374 3061 581 3140 philosophice
604 3079 642 3121 ex
666 3062 733 3140 ipso
757 3062 848 3123 etiam
872 3063 945 3123 Pico
969 3062 1095 3134 dicenti,
1129 3062 1274 3135 concedo,
1306 3060 1360 3121 sed
1384 3079 1490 3140 parum
1514 3061 1543 3121 io
1568 3058 1734 3138 astrologia

373 3148 430 3211 tibi
452 3149 589 3228 prodest.
636 3148 704 3210 Non
729 3149 808 3210 enim
831 3150 878 3211 ita
901 3150 1002 3210 sidera
1027 3150 1101 3210 frunt
1125 3149 1264 3228 aphetae,
1290 3157 1323 3210 ut
1346 3147 1478 3210 animare
1501 3158 1534 3211 et
1558 3150 1660 3225 fovere
1674 3148 1731 3209 luu-

378 3237 490 3298 ruidum
514 3236 647 3298 radicale
672 3255 709 3296 ex
733 3257 771 3305 se
790 3237 866 3316 ipsis
890 3238 1049 3310 desinant3
1074 3238 1145 3309 iuro,
1170 3237 1195 3297 sl
1220 3239 1275 3300 hoc
1299 3240 1461 3311 sufficeret,
1487 3238 1539 3299 illa
1562 3246 1732 3317 pergerent,

377 3341 469 3405 quare
493 3332 589 3385 totum
613 3324 669 3385 hoc
694 3324 866 3403 apheticum
898 3325 1014 3387 lacinus
1047 3343 1105 3386 non
1139 3325 1320 3388 ordinarium
1345 3344 1412 3388 esse
1436 3344 1561 3387 necesse
1585 3337 1649 3401 est,
1679 3325 1732 3386 sed

377 3410 621 3474 accidentarium.
670 3411 748 3474 Sunt
771 3433 865 3474 causa
889 3412 1002 3488 mortis,
1029 3423 1062 3474 ut
1085 3412 1139 3475 Sol
1163 3425 1212 3476 est
1235 3434 1328 3477 causa
1351 3415 1473 3495 eclipsis
1498 3415 1618 3501 Lunae,
1644 3421 1733 3493 prout

377 3509 411 3577 tu
441 3498 560 3580 quidem
589 3501 654 3580 jam
688 3519 726 3562 en
753 3502 910 3581 praedicto
944 3501 1137 3564 fundamento
1166 3504 1373 3583 philosophico
1404 3513 1511 3566 contra
1535 3522 1581 3564 me
1604 3521 1731 3583 pugnas.

376 3589 456 3651 Nam
479 3586 509 3649 in
533 3588 670 3651 terminis
694 3591 807 3671 loquor.
855 3592 888 3654 ln
913 3592 1108 3673 sequentibus
1132 3593 1220 3671 plane
1236 3610 1361 3668 mecum,
1386 3593 1441 3654 sed
1464 3611 1569 3673 parurn
1594 3601 1682 3655 caute
1702 3593 1732 3652 in

260 3712 268 3723 =
377 3686 460 3739 tuam
484 3696 557 3739 reru.
604 3678 766 3742 Materiale
790 3680 971 3759 apheticnm,
994 3680 1144 3742 humidum
1168 3682 1318 3757 radicale,
1343 3681 1466 3745 formale
1490 3681 1556 3761 eJus
1580 3681 1609 3742 in
1633 3688 1733 3742 mate-

376 3767 452 3829 riam
475 3785 565 3849 opus,
599 3767 728 3831 calidum
751 3767 900 3843 nativum,
936 3769 1117 3849 adjuvantes
1146 3788 1255 3831 causas
1279 3769 1395 3843 sidera,
1430 3782 1461 3831 et
1488 3769 1622 3849 quidem,
1656 3770 1733 3849 quod

376 3856 498 3936 egregie
521 3856 612 3919 tinnit
636 3857 664 3919 lo
689 3856 811 3921 auribus
836 3858 930 3933 meis,
956 3858 1148 3920 stimulantes
1172 3859 1301 3920 animam
1324 3868 1357 3920 et
1380 3858 1565 3921 excitantes:
1604 3857 1732 3918 dixisses

376 3946 593 4021 tantummodo,
618 3954 651 4007 ut
673 3965 739 4026 ego,
764 3947 871 4010 stellas
895 3966 1014 4023 canere,
1040 3947 1170 4009 animem
1193 3948 1318 4020 saltare,
1342 3967 1379 4009 ne
1402 3948 1451 4010 hic
1472 3946 1614 4011 stimulus
1637 3946 1679 4007 sit
1700 3945 1730 4008 in

376 4032 452 4113 ipsis
484 4051 538 4113 per
561 4052 594 4094 se
619 4033 784 4110 sideribus,
817 4036 872 4098 sed
903 4036 1004 4115 potius
1038 4037 1067 4099 iu
1097 4036 1197 4098 animo
1228 4035 1376 4110 hominis,
1409 4046 1443 4099 ut
1474 4055 1545 4097 rosa
1577 4035 1732 4108 infantem,

376 4120 483 4200 ignara
505 4122 582 4203 ipsa,
608 4123 731 4185 animat.
777 4124 876 4186 Unum
900 4143 1007 4186 cavere
1031 4133 1061 4186 te
1081 4124 1187 4204 jubeo,
1223 4142 1260 4185 ne
1295 4124 1479 4204 astrologica
1502 4123 1636 4206 physicis
1659 4143 1732 4185 con·

377 4210 503 4285 fundas,
529 4209 675 4291 quomodo
699 4211 822 4286 dixisti,
848 4213 984 4294 adjuvari
1008 4214 1139 4276 calorem
1163 4214 1298 4275 nativum
1322 4214 1434 4288 astris;
1468 4214 1495 4275 is
1519 4231 1578 4275 uon
1603 4230 1731 4273 enerva-
1813 4270 1822 4285 ,

376 4306 425 4362 tur
450 4298 512 4361 situ
535 4299 674 4374 siderum,
699 4301 849 4380 quiahoc
872 4302 986 4365 faciunt
1009 4322 1067 4364 non
1093 4303 1137 4365 uti
1161 4302 1250 4364 situm
1274 4311 1376 4376 nacta,
1400 4304 1455 4365 sed
1480 4301 1522 4364 uti
1547 4300 1611 4377 Sol,
1636 4301 1731 4373 Luna,

376 4395 409 4447 et
430 4386 461 4449 id
485 4406 522 4449 ex
546 4407 578 4448 se
603 4387 727 4452 habent.
773 4389 821 4450 Ex
844 4388 917 4452 Sole
940 4399 1060 4452 emanat
1084 4392 1180 4453 virtus
1203 4392 1233 4453 in
1257 4392 1429 4455 universnm
1448 4390 1598 4465 mundum,
1622 4398 1658 4452 ut
1679 4408 1732 4451 ca-

377 4474 436 4550 lor,
468 4483 504 4538 nt
523 4483 634 4538 motus.
680 4476 726 4540 At
749 4481 894 4559 quomodo
925 4479 1018 4542 certis
1050 4480 1139 4553 locis,
1172 4480 1323 4561 personis,
1357 4478 1540 4561 temporibus
1578 4479 1735 4541 stimulant

376 4564 503 4639 animos,
527 4563 558 4626 id
581 4565 616 4627 tlt
635 4565 755 4628 ratione
778 4567 856 4629 situs
879 4567 1020 4648 ipsorum,
1046 4569 1095 4648 qui
1120 4568 1194 4648 ipsis
1219 4569 1331 4631 accidit
1353 4586 1483 4649 vereque
1506 4568 1536 4629 iu
1552 4568 1651 4631 animo
1672 4576 1728 4641 est,

376 4653 426 4732 gul
451 4652 511 4714 illis
534 4653 643 4715 sitibus
666 4655 755 4726 (eunt
776 4663 879 4719 autem
902 4662 1101 4737 aspectaret
1124 4657 1323 4719 modiationes
1346 4658 1438 4732 coeli)
1462 4665 1608 4719 movetur.
1650 4655 1759 4718 Haec.

378 4750 409 4801 tu
433 4741 495 4803 noli
518 4741 718 4815 confunderes
754 4743 825 4824 quid
848 4745 927 4807 euim
951 4754 1107 4824 sequatur,
1140 4746 1234 4807 vides.
1281 4744 1315 4807 Si
1343 4745 1426 4826 prior
1454 4744 1532 4807 enirn
1559 4745 1615 4807 illa
1638 4744 1734 4807 virtus

379 4830 482 4895 asitu
504 4829 586 4893 Solis
609 4830 738 4910 peuda,
768 4832 955 4913 certc‚·quia
977 4830 1041 4906 Sol,
1067 4841 1101 4895 st
1122 4834 1162 4896 ad
1184 4835 1282 4897 nrum
1305 4842 1340 4896 et
1360 4835 1399 4896 ad
1423 4832 1660 4913 magnitudinem
1679 4850 1735 4894 rs-
