3814 5818
741 372 944 428 malin
1274 378 1283 384 '
1455 381 1519 449 231

156 544 282 590 manum
303 527 477 591 nnllam
498 528 680 607 admovisse,
704 532 789 596 solas
811 551 884 596 vero
898 533 1128 601 medones
1142 536 1300 618 reliquisse
1319 539 1519 623 oonwrimas.

155 613 261 677 Minna
282 616 378 697 igitur
399 618 531 681 tentam
553 619 749 701 Hipparchus
780 621 810 684 ia
840 624 1026 687 aatmnomia
1054 625 1336 708 angustioribneqne
1359 630 1521 709 pomoeriis

154 703 361 784 capiemus
380 714 413 768 et
434 724 524 769 curas
546 727 618 771 anas
641 709 778 785 inclusit,
803 730 893 792 qnam
914 713 965 775 vel
988 714 1133 777 Eudoxus
1154 717 1204 778 vel
1228 714 1385 796 Galippna.
1431 716 1519 790 Quae

154 799 209 854 ast
230 811 304 873 erqo
326 793 381 857 illa
402 801 467 857 hm
488 797 645 875 splendide
667 808 830 863 murrata
851 800 1019 889 mmutatio
1043 803 1269 885 hypothesium,
1300 822 1392 885 quam
1411 805 1519 888 Galip·

155 880 236 961 picis
258 882 450 962 Hipparchus
473 883 597 949 intnliti

249 970 395 1035 Venimus
426 991 521 1053 usqne
549 975 588 1036 ad
614 974 753 1055 tempori
779 975 962 1056 Hipparchi,
996 978 1046 1059 qni
1072 977 1223 1061 posterior
1250 979 1420 1043 Aristotele
1450 982 1517 1058 fnit,

156 1076 217 1139 quo
239 1064 376 1139 tompore
390 1060 488 1124 Urana
510 1061 556 1125 ait
577 1063 767 1126 introductas
789 1064 981 1147 physicorum
1004 1067 1199 1149 hypotheses,
1222 1067 1253 1130 h.
1269 1086 1296 1131 e.
1319 1084 1389 1131 oum
1403 1070 1516 1149 aphu-

155 1164 259 1210 rar'nnr
281 1147 426 1222 ordinem,
450 1150 500 1231 qni
522 1151 683 1215 hodiedum
705 1152 795 1232 vulgo
818 1153 959 1217 creditur.
1005 1156 1042 1219 ld
1064 1165 1167 1220 antem
1189 1163 1288 1219 tntum
1310 1175 1425 1220 merum
1448 1178 1517 1221 essa

154 1236 304 1298 ”muium
330 1256 423 1318 snpra
444 1239 585 1319 probari,
616 1259 685 1303 cum
707 1241 852 1315 dicerem,
879 1241 1073 1325 Pythagora
1103 1244 1161 1325 ipsi
1193 1244 1239 1308 sic
1267 1264 1337 1308 eaae
1356 1245 1456 1310 ιίιιιιιιι
1476 1248 1516 1311 da

155 1323 355 1406 sphaerarmn
372 1326 487 1402 ordine,
509 1328 555 1390 uti
577 1336 687 1409 postea
707 1329 896 1394 Ptolemaeo.

244 1413 289 1475 Et
315 1413 386 1495 quid
412 1416 539 1479 multia?
570 1414 843 1499 Quomodocnaqne
870 1420 1007 1482 locuntur
1029 1418 1104 1483 haec
1127 1417 1148 1484 3
1170 1439 1299 1500 corpora
1315 1419 1414 1495 Solia,
1448 1422 1518 1485 Ve-

154 1499 237 1565 nerio
260 1508 294 1563 et
310 1502 453 1566 Mercurii
476 1504 556 1568 inter
572 1506 704 1569 Μιηειιι
726 1515 760 1569 et
776 1507 903 1578 Lunam,
927 1526 1048 1587 semper
1065 1509 1111 1583 (in
1133 1508 1255 1572 usitatis
1278 1509 1397 1590 qnidam
1417 1509 1517 1593 hypo-

155 1589 310 1665 thesibus)
338 1609 390 1654 rea
418 1592 523 1656 eodem
550 1595 631 1658 redit
660 1595 692 1657 in
709 1600 908 1661 oeconoma.
953 1596 1036 1661 Nam
1063 1597 1121 1659 hac
1142 1599 1194 1660 ria
1217 1597 1337 1683 qnidam
1358 1596 1515 1678 ingresm

155 1679 386 1743 ohsomtionea
399 1680 578 1745 destituunt.
625 1683 718 1746 Solae
736 1683 930 1766 physicarum
942 1684 1093 1748 mbonum
1112 1686 1390 1749 verisimilitudines
1405 1694 1514 1750 ancto-

154 1786 215 1845 roa,
240 1774 275 1830 ut
297 1768 423 1850 quisque
445 1770 523 1833 hanc
546 1772 596 1835 vel
613 1771 697 1835 illam
720 1772 911 1852 potissimum
933 1774 1078 1854 seqnitur,
1102 1774 1133 1836 in
1155 1774 1308 1837 contraria
1330 1773 1461 1853 repient,
1483 1775 1515 1842 in

155 1856 268 1920 ceteris
289 1858 525 1922 comendentes.
572 1858 640 1931 Quo
662 1869 765 1941 pacto,
788 1861 853 1924 sive
877 1871 948 1926 anta
977 1862 1042 1923 aire
1064 1870 1137 1942 post
1150 1864 1309 1925 Eudoxum
1328 1863 1515 1942 disputatum

156 1946 199 2009 ait
225 1946 264 2007 de
290 1945 433 2008 moderno
463 1948 658 2028 sphaerarum
687 1948 791 2012 ordino
813 1950 945 2033 vulgari,
976 1968 1035 2012 non
1063 1952 1232 2033 censendae
1256 1960 1327 2013 aunt
1355 1951 1461 2014 horum
1483 1960 1517 2014 et

154 2033 275 2097 Hndoxi
306 2034 445 2097 diversae
471 2035 656 2119 hypotheses
682 2039 915 2105 mmonomicae.
966 2036 1044 2102 Cum
1075 2040 1154 2102 enim
1190 2040 1260 2102 indo
1293 2059 1313 2100 a
1338 2039 1517 2121 Pythagora

154 2122 307 2204 hucusque
323 2123 433 2204 vulgus
446 2132 687 2189 abonomorum
700 2127 732 2189 in
745 2128 846 2207 capite
869 2127 1085 2202 consenuerint,
1110 2128 1259 2190 dubitatio
1282 2127 1358 2190 baec
1373 2128 1411 2189 de
1426 2128 1516 2193 trium

154 2211 260 2275 horum
291 2229 450 2293 corporum
476 2213 580 2277 ordine
609 2234 734 2296 semper·
756 2217 882 2293 mansit,
916 2216 1066 2278 necdum
1098 2236 1117 2278 a
1142 2216 1277 2299 physicis
1306 2224 1355 2279 est
1382 2216 1514 2279 sublata.

154 2300 374 2364 Heraclitus
390 2299 494 2364 Solem
517 2303 591 2366 fecit
612 2303 818 2383 penintimnm,
842 2306 948 2368 eodem
970 2303 1221 2368 cnmAriatotele
1235 2324 1308 2367 caus
1326 2311 1515 2383 argumento,

154 2389 235 2469 qnod
262 2396 368 2451 cetera
399 2397 486 2453 astra
512 2391 610 2455 minm
639 2392 830 2458 calefaciant.
872 2395 962 2457 Plato
985 2392 1234 2474 Pythagoricum,
1262 2391 1453 2457 Socraticam
1483 2399 1516 2455 et

155 2477 370 2541 Heracliticam
393 2477 616 2561 philosophiam
638 2481 783 2558 miscens,
814 2484 965 2546 referente
986 2480 1019 2543 id
1041 2481 1182 2557 Laertio,
1211 2481 1410 2562 locupletavit
1436 2480 1514 2543 hene

154 2565 324 2647 ορίιιὶοιιοιπ
345 2567 449 2646 optica
471 2568 666 2649 conjecturat
689 2570 717 2632 ai
741 2571 783 2646 Ω,
807 2573 829 2648 Q
850 2572 932 2634 infra
952 2568 1055 2633 Solem
1078 2570 1150 2638 sint.
1174 2569 1321 2633 diminuta
1344 2570 1415 2631 olim
1436 2568 1514 2631 facie

154 2662 189 2718 ut
209 2655 328 2718 Lunam
351 2655 449 2718 visum
471 2655 519 2718 iri.
561 2657 754 2722 Ptolemm
787 2659 874 2722 addit
895 2678 934 2721 ex
955 2659 1074 2721 illorum
1095 2659 1250 2720 sententia
1279 2668 1313 2721 et
1340 2657 1397 2720 hoc
1420 2675 1514 2737 argu-

153 2750 302 2816 mentum,
334 2744 415 2824 quod
445 2763 595 2826 nunqnam
623 2744 726 2809 Solem
757 2747 966 2810 obtenebrant
1014 2744 1101 2816 Quae
1125 2754 1302 2826 argumenta
1326 2745 1514 2808 declinantes

153 2830 289 2894 moderni
310 2832 462 2913 pellucido
484 2832 538 2896 illa
559 2851 687 2913 corpora
710 2834 834 2911 faciunt,
858 2842 966 2898 conma
988 2836 1118 2915 qnam)
1140 2834 1189 2895 vel
1212 2832 1279 2896 Soli
1299 2833 1513 2914 propinquanti

153 2920 234 2983 riam
257 2920 379 2990 cedere,
411 2929 446 2983 ut
466 2922 662 2985 Ptolemaeus
684 2923 766 2996 vult,
800 2924 849 2986 rel
872 2922 965 2986 edam
988 2923 1222 2995 subtercurrere‚
1254 2931 1290 2984 ut
1317 2920 1453 2984 moderni
1475 2939 1514 2983 ex

153 3008 262 3072 Proclo
289 3015 323 3071 et
343 3009 502 3073 Averrhoe
529 3011 677 3091 exemplis
704 3009 803 3074 dubiis
828 3010 1021 3074 matendunt
1066 3011 1114 3073 At
1139 3016 1248 3072 contm
1274 3008 1514 3090 penetrationem

153 3097 271 3160 orbium
289 3095 387 3172 Solis,
416 3099 560 3174 Veneris,
589 3099 732 3162 hlercnrii
754 3107 787 3162 et
809 3101 914 3164 Lunae
936 3099 1067 3163 nondum
1090 3098 1206 3161 amoliti
1229 3108 1314 3175 aunt,
1348 3104 1382 3159 ut
1403 3095 1513 3157 melina

153 3192 219 3248 atet
245 3184 457 3267 Mpobamua,
490 3188 540 3268 qui
568 3207 659 3251 ιιιιιιιιι
687 3195 804 3252 tantum
835 3188 901 3252 Soli
933 3196 966 3250 et
986 3188 1092 3250 Lunae
1120 3186 1293 3266 interponit
1339 3185 1383 3249 Et
1410 3192 1513 3246 nmen

153 3273 338 3354 conjecturis
359 3274 494 3356 physicis
516 3278 700 3341 mntondnnt
713 3278 895 3342 Mercurium
915 3277 996 3340 infra
1009 3275 1171 3351 Venerem,
1195 3274 1265 3355 qnia
1287 3274 1418 3337 motibus
1440 3272 1511 3353 pln-

151 3361 237 3427 rrbua
258 3371 415 3426 mereatur
436 3373 627 3447 motuumque
649 3366 845 3430 similitudine
869 3367 909 3430 ad
921 3367 1039 3429 Lmam
1051 3364 1186 3447 proxime
1201 3364 1338 3426 accedat
1384 3362 1511 3425 Utrum-

152 3470 210 3533 que
240 3470 312 3514 raro
340 3453 397 3515 snb
419 3451 507 3529 Sole,
540 3462 575 3517 nt
600 3455 629 3517 is
659 3457 855 3536 pensitasse
887 3456 1005 3519 medina
1033 3463 1066 3516 et
1093 3452 1224 3533 spatium
1252 3453 1331 3515 inter
1353 3449 1458 3513 Solem
1479 3457 1513 3513 et

151 3541 271 3604 Lunam
292 3540 463 3622 impleatur.
510 3544 560 3605 lta
581 3543 749 3623 disputatio
767 3545 842 3607 baec
857 3544 1055 3627 physicaest,
1078 3561 1137 3607 non
1152 3540 1365 3604 uuoncmica.
1380 3574 1425 3586 -
1448 3536 1511 3601 Sed

152 3629 192 3692 ad
215 3629 328 3694 Ursum
349 3629 450 3692 redeo.
729 3660 733 3670 <

238 3716 284 3780 Ht
302 3717 437 3798 >loquitur
458 3719 578 3799 quidem
601 3717 699 3781 Ursus
721 3718 830 3800 ubique
852 3720 912 3797 ita,
945 3739 982 3782 ao
1005 3719 1032 3781 si
1055 3716 1239 3799 temporibus
1263 3716 1324 3778 illis
1351 3723 1386 3777 ut
1406 3715 1508 3795 philo-

151 3806 311 3888 sophicae,
343 3804 388 3869 sie
411 3807 632 3870 asmonomicae
655 3824 772 3888 qnoque
795 3807 917 3875 scholae
941 3808 1083 3881 fuissent,
1118 3805 1323 3885 anifiounqno
1352 3811 1386 3865 ut
1406 3803 1509 3883 philo-

152 3895 315 3975 sophorum
346 3895 489 3958 continua
520 3895 686 3970 meceeaio,
719 3896 897 3976 dogmatum
927 3895 1194 3959 astronomicomm
1224 3894 1273 3956 vel
1296 3891 1432 3954 defensio
1460 3891 1509 3953 vel

150 3983 274 4065 publica
305 3991 338 4046 et
359 3983 492 4047 solennis
521 3984 705 4047 immutatio:
739 3984 818 4066 qnod
845 3984 933 4065 longe
957 3984 1046 4046 aliter
1072 4003 1106 4046 se
1130 3982 1232 4045 hahet
1280 3979 1408 4060 Semper
1430 3979 1510 4042 enim

151 4073 227 4136 haec
251 4072 372 4135 fortuna
393 4072 451 4136 init
472 4072 685 4148 astronomiae,
708 4081 743 4137 nt
763 4072 852 4153 pauci
875 4080 989 4148 essem,
1013 4072 1063 4152 qni
1086 4092 1158 4135 suas
1181 4071 1210 4133 in
1231 4089 1299 4132 eam
1322 4086 1411 4131 curas
1434 4087 1509 4130 con·

152 4161 276 4224 ferrent
321 4162 371 4223 Ac
402 4160 460 4223 etsi
492 4180 567 4224 sane
598 4180 658 4225 non
686 4162 797 4226 desunt
822 4161 975 4242 exempla,
1007 4159 1059 4222 nbi
1081 4179 1157 4223 nnus
1179 4159 1308 4221 alterum
1340 4155 1458 4219 audivst
1479 4155 1509 4216 in

151 4247 376 4325 amonim
409 4249 507 4329 magis
534 4258 637 4313 umen
667 4258 731 4314 tum
752 4249 897 4330 temporis
925 4249 1074 4330 agebatur
1096 4248 1250 4328 negotium
1277 4245 1511 4310 astronomicum

150 4338 231 4403 terra
252 4336 390 4420 pn'vatos
412 4339 556 4418 parietas,
580 4357 636 4402 noo
658 4340 721 4403 ulla
739 4338 867 4402 celebria
882 4346 914 4400 et
928 4338 1069 4417 frequens
1084 4335 1271 4399 auditoribus
1285 4334 1391 4397 echela
1405 4340 1509 4395 astro·

150 4427 271 4491 uomica
297 4446 335 4489 ex
366 4426 503 4491 historiis
531 4435 605 4491 nota
628 4434 686 4490 est
731 4427 879 4509 Adeoque
911 4444 971 4489 non
999 4444 1104 4488 omnes
1135 4423 1263 4487 invicem
1285 4421 1454 4485 muonomi
1476 4439 1510 4484 se

151 4515 416 4589 iutemoemhant,
450 4514 587 4596 quamvis
616 4515 775 4579 coaemnei
799 4523 917 4590 emunt,
950 4522 1006 4577 ant
1035 4512 1129 4575 libros
1152 4511 1283 4590 scriptos
1306 4510 1510 4590 reliquissent,

150 4603 372 4687 typogrmhiae
394 4612 468 4684 puto
491 4605 622 4668 defecto.
668 4604 824 4668 Philolaus
839 4603 919 4666 enim
941 4602 1012 4683 quid
1026 4599 1158 4663 senserit
1170 4617 1264 4678 snpra
1276 4598 1400 4673 dictum,
1424 4596 1511 4676 cnjus

150 4691 357 4756 “bonomica
385 4692 531 4773 dogmata
561 4693 589 4756 ai
620 4692 749 4756 fuissent
779 4691 907 4755 Eudoxo
939 4709 1026 4773 quem
1058 4687 1186 4750 vivendo
1218 4686 1373 4750 Philolaus
1406 4683 1512 4764 attigit

151 4780 286 4861 cognita,
308 4780 380 4861 qnid
402 4799 478 4862 opus
501 4781 625 4855 minuet,
652 4790 687 4845 ut
708 4779 832 4861 propria
853 4799 926 4842 cura
947 4778 1045 4841 minus
1067 4776 1235 4857 perfectam
1258 4779 1510 4837 commentaretnr
1575 4786 1578 4797 ·

149 4868 392 4933 moniam?
435 4869 559 4934 Etenim
581 4890 619 4932 ox
642 4868 825 4935 Archimede
848 4874 983 4941 musae,
1017 4863 1159 4928 delinitae
1180 4861 1339 4925 Eudoxum
1365 4859 1505 4921 diametri
