3788 5828
326 237 361 281 t

378 275 442 346 154
889 278 1003 345 ΗΜ
1021 279 1223 353 compano
1308 380 1312 387 Ι

376 438 671 514 Tannoninrntotnr,
706 457 816 505 novam
839 448 955 505 atroam
983 439 1139 509 mandam:
1173 446 1205 503 ot
1227 459 1294 507 enm
1321 439 1405 520 prins
1434 438 1621 519 investigata
1649 437 1740 502 inerit

376 527 415 589 ab
439 526 603 589 artificibus
627 527 789 608 cujuslibet
806 526 1029 607 inamporprog
1053 529 1092 595 ad
1107 526 1188 591 orbia
1206 528 1460 590 semidiametrnrn
1480 527 1645 608 proportio,
1670 525 1739 589 ideo

376 616 402 678 si
426 616 497 701 quid
520 615 550 677 in
574 616 753 696 longissima
775 616 822 677 vel
847 618 984 696 proxima
1008 617 1088 678 orbis
1109 637 1128 677 a
1151 626 1254 679 centro
1278 617 1379 678 mnndi
1404 615 1553 678 distantia
1575 615 1741 681 mutabitur

375 723 429 785 por
452 702 709 782 interpositionem
734 723 908 787 corporum,
931 706 962 768 id
986 705 1015 767 in
1038 702 1235 785 iannnporpu
1259 704 1561 769 animadvertendum
1585 703 1643 767 orit
1665 721 1739 783 pro·

375 792 594 874 portionaliter.
639 792 761 859 Initium
783 794 841 857 orit
864 814 883 855 a
905 793 1038 857 maxima
1051 793 1163 859 Terrae
1183 793 1331 857 distantia
1354 812 1482 869 sursum,
1506 791 1630 854 minima
1648 793 1739 854 deor-

377 900 454 957 sum,
479 888 616 943 centrum
640 900 770 943 veroum.
1697 919 1701 926 ·

463 969 545 1033 Anto
574 969 675 1033 omnia
708 978 809 1032 autom
832 969 989 1033 rotaxondi
1012 969 1127 1037 numeri
1151 968 1309 1050 Oopornioi
1341 977 1431 1048 atquo
1460 967 1654 1048 peculiariter
1684 988 1739 1030 ao·

374 1057 583 1125 commodandi
607 1059 740 1123 suntad
762 1076 909 1137 praesens
932 1058 1116 1120 institutum.
1162 1059 1243 1121 Nam
1261 1058 1320 1119 otri
1343 1057 1393 1119 iiio
1414 1057 1478 1119 rino
1494 1056 1584 1119 dnbio
1600 1064 1738 1119 cannam

375 1146 470 1208 totius
493 1145 624 1207 universi
647 1145 678 1207 in
701 1164 826 1226 oon-poro
850 1144 949 1208 Solari
972 1145 1144 1221 oonatitnit,
1173 1155 1275 1211 tamon
1304 1155 1338 1207 nt
1360 1145 1508 1207 oaionlnm
1536 1145 1626 1224 juvat
1650 1164 1737 1207 oom-

374 1233 484 1314 pendio
508 1241 541 1295 et
562 1252 600 1295 no
624 1233 746 1297 ninnium
769 1255 788 1296 a
811 1231 987 1297 Ptolomaeo
1010 1234 1178 1296 recedendo
1202 1232 1378 1315 diligantam
1406 1234 1472 1313 ejus
1501 1233 1646 1295 ieotororn
1669 1242 1737 1296 tur-

374 1322 436 1393 bet,
459 1322 623 1383 distantias
647 1322 775 1385 omniurn
798 1323 988 1401 planetarum
1011 1322 1157 1386 maximas
1172 1331 1263 1407 atquo
1278 1322 1427 1396 minimas,
1452 1329 1485 1383 nt
1499 1330 1531 1384 et
1550 1322 1619 1383 loca
1635 1326 1756 1385 earum'

375 1410 406 1472 in
429 1410 553 1472 zodiaoo
577 1410 668 1489 (quaa
692 1428 895 1490 apogaoornm
919 1419 949 1472 et
972 1411 1180 1490 porigaoorum
1196 1428 1302 1475 nomen
1321 1411 1523 1487 retinuerunt)
1547 1410 1741 1493 computavit

302 1560 305 1580 ,
374 1516 432 1560 non
456 1519 475 1559 a
497 1507 601 1563 contro
624 1496 717 1573 Solio,
741 1499 795 1569 rod
819 1519 839 1561 a
861 1507 965 1562 contro
989 1498 1069 1562 orbis
1093 1500 1205 1581 magni,
1230 1499 1316 1583 quasi
1341 1498 1413 1565 iilud
1428 1506 1512 1561 esset
1525 1497 1740 1563 universitatis

373 1592 517 1665 centrum,
542 1605 609 1651 cnm
633 1595 734 1657 tamon
758 1574 832 1653 iiin'd
855 1585 965 1654 aSoio
988 1593 1075 1649 tanto
1099 1606 1218 1667 sempor
1241 1586 1401 1653 intervallo
1417 1587 1520 1661 distet,
1547 1594 1662 1669 quanta
1686 1595 1735 1653 eat

373 1673 480 1756 quovis
512 1680 647 1755 temporo
672 1674 800 1743 Telluris
829 1675 892 1751 (vel
917 1674 1015 1749 sorio)
1046 1675 1180 1741 maxima
1206 1674 1438 1757 iarmpotrffl
1485 1671 1570 1747 Quos
1598 1694 1738 1737 numeros
