3838 5824
260 404 267 415 .
352 338 418 415 tto
908 337 939 399 ¹⁴¹
956 338 1144 397 RWM

349 498 494 573 armoe
514 515 554 569 es
566 494 711 569 cicerone
727 494 870 569 (testim
885 491 959 569 tib
989 494 1046 569 ,Si
1063 495 1184 561 aedua
1199 497 1296 577 monor
1316 499 1533 572 aminon,
1549 505 1705 563 osmon-
1778 458 1782 461 ’

350 606 406 669 ose
430 584 557 665 moedi-e
585 592 617 649 et
644 583 893 663 pulchritudinem
921 583 1053 656 soemo
1080 584 1202 662 penitis
1222 587 1463 665 pauperiorem,
1496 585 1707 648 inmusicum

350 674 421 735 mihi
446 673 524 735 soret
548 671 728 747 admiratio,
763 671 821 732 nisi
845 680 875 732 te
900 672 1042 735 lectorem
1066 688 1210 752 ιιοιιιιιιιιι,
1242 682 1393 736 attentum
1421 683 1454 737 et
1475 674 1633 753 cupidum,
1660 673 1706 734 cui

350 779 513 834 narrarem,
532 759 705 835 haberem¹⁴
744 758 828 831 Haec
842 759 1093 838 ubicogooveris‚
1118 761 1143 821 si
1168 780 1280 841 aequus
1303 780 1347 835 es,
1370 763 1537 825 abstiueffis
1561 783 1580 823 a
1601 780 1706 841 repre·

349 849 561 926 tensionibus,
592 867 666 927 quae
695 866 751 913 noo
781 848 845 909 sine
874 866 972 911 carisa·
994 847 1175 927 praesagio:
1208 850 1254 911 sin
1285 859 1385 912 autem
1413 870 1466 913 suo
1498 849 1618 931 quidem
1642 849 1706 910 loco

351 936 495 1017 relinquis
517 936 595 997 ista:
627 936 734 1007 metuis
760 939 875 1009 tamen,
905 943 937 996 ut
960 944 1044 996 certa
1067 938 1142 1010 sint,
1173 946 1262 1017 atque
1286 945 1320 1001 ut
1343 958 1398 1018 epo
1423 938 1603 1018 triumphem
1626 937 1706 1000 esci-

350 1026 443 1089 nerim
467 1033 536 1089 cote
560 1023 735 1089 victoriam:
760 1041 832 1101 ergo
854 1024 903 1083 vel
928 1024 1049 1087 tandem
1073 1024 1211 1103 pagellas
1235 1025 1317 1104 ipsas
1341 1028 1467 1101 aceede,
1493 1036 1525 1088 et
1547 1045 1624 1100 rem,
1649 1045 1709 1105 qua

350 1114 390 1175 de
410 1113 526 1192 pridem
550 1111 675 1193 agimus,
700 1129 858 1189 cognosce.
896 1110 967 1173 Non
989 1112 1237 1190 reperiesoeuos
1261 1122 1293 1175 et
1315 1114 1483 1193 incognitos
1502 1115 1650 1193 planetas,
1675 1119 1709 1173 ot

349 1202 439 1279 paolo
463 1209 555 1263 aotea
582 1199 796 1281 interpositos,
824 1216 882 1259 non
911 1218 950 1261 ea
978 1199 1050 1263 mihi
1077 1200 1222 1279 probatur
1246 1202 1393 1276 audao‘ra3
1419 1203 1565 1265 sedilios
1588 1210 1708 1263 veteres

351 1307 455 1366 parum
481 1287 642 1357 admodum
665 1287 804 1358 luxatas,
821 1286 980 1364 interjectu
1004 1305 1074 1350 vere
1091 1288 1313 1351 rectilineorum
1337 1309 1493 1370 corporum
1517 1287 1707 1369 quantomois

350 1376 480 1445 absurdo
502 1376 547 1438 ita
562 1372 711 1447 'munitam
735 1380 888 1451 otperto,
913 1374 1020 1451 quibus
1041 1374 1125 1437 uncis
1148 1377 1336 1458 coelumque
1357 1379 1454 1441 minus
1477 1385 1555 1451 ruat,
1579 1394 1707 1456 snspen-

350 1466 450 1537 dator,
474 1463 628 1544 quaerenti
652 1462 765 1525 rustico
789 1461 969 1539 respondere
993 1463 1103 1541 possis.
1151 1465 1241 1526 Vale.
1315 1527 1327 1541 „

662 1655 705 1716 IN
731 1652 1065 1743 PRAEFATIONEM
1087 1655 1148 1717 ΑΙ)
1171 1654 1401 1719 LECTOREM

874 1774 990 1826 morsa
1009 1775 1186 1829 socnoors.

341 1948 345 1951 „
430 1878 461 1952 a)
482 1882 544 1935 Etsi
573 1880 664 1935 omnia
684 1881 807 1934 omnibus
829 1883 993 1946 cohaerent,
1024 1901 1153 1938 numerus
1184 1894 1276 1940 tamen
1305 1904 1356 1943 sex
1386 1886 1575 1956 primariorum
1604 1885 1708 1941 orbium

349 1963 459 2034 proprie
481 1963 620 2013 desumtus
642 1966 743 2013 estex
765 1960 883 2033 quinque
904 1963 1063 2032 corporibus
1086 1964 1168 2017 solis:
1191 1967 1347 2034 proportio,
1370 1967 1477 2034 potiore
1498 1965 1605 2039 quidem
1626 1973 1711 2034 parte

353 2060 370 2096 a
391 2041 550 2111 corporibus
572 2040 690 2109 quinque
711 2040 899 2110 geometricis,
928 2043 975 2094 sed
997 2058 1068 2112 quae
1090 2051 1182 2097 temen
1204 2044 1276 2097 circa
1296 2044 1406 2098 minima
1427 2044 1562 2098 concessit
1581 2044 1708 2106 motibus,

355 2129 386 2175 ot
406 2135 509 2173 causae
529 2119 606 2172 flnali
627 2119 655 2171 in
676 2119 765 2173 ideam
785 2120 876 2188 operis
895 2128 1026 2190 receptae
1046 2123 1141 2176 statim
1161 2123 1247 2177 initio.
1288 2124 1327 2177 Et
1349 2124 1401 2177 hoc
1425 2123 1531 2194 quidem
1551 2123 1709 2194 intelligen-

353 2203 478 2254 demeat
493 2201 526 2252 de
546 2198 664 2251 motibus
682 2199 814 2268 cujusque
830 2199 964 2269 planetae
988 2199 1143 2255 tardissimo
1162 2220 1229 2266 uno,
1255 2203 1345 2256 altero
1367 2203 1551 2269 velocissimo,
1580 2204 1613 2255 de
1631 2202 1710 2256 moti·

354 2282 419 2342 boe,
447 2278 553 2334 scilicet
575 2294 660 2331 causa
687 2293 755 2331 suae
783 2278 962 2348 proprietatis
986 2280 1175 2336 consideratis.
1217 2283 1310 2336 Motus
1333 2299 1399 2335 rere
1422 2282 1565 2352 periodiei,
1595 2282 1648 2335 hoe
1668 2288 1710 2334 est

354 2373 483 2415 numerus
504 2357 608 2415 dierum
631 2356 658 2411 in
683 2357 897 2427 uniuscujusque
919 2360 1053 2430 planetae
1077 2360 1205 2415 circuitus
1230 2362 1383 2425 derivatus,
1413 2369 1471 2417 tem
1493 2379 1512 2416 a
1533 2361 1713 2432 proportione

353 2437 466 2501 orbium,
497 2452 578 2507 quam
596 2438 632 2490 ab
652 2436 903 2503 eocentricitatihus
926 2436 1009 2509 (quae
1032 2457 1070 2492 ex
1088 2440 1244 2496 Harmoniis
1264 2449 1329 2496 sunt
1351 2438 1539 2508 mostitutae)
1563 2441 1674 2512 longius
1693 2456 1712 2492 a

354 2518 371 2570 5
392 2516 550 2584 corporibus
570 2522 753 2581 secesserunt.

434 2590 463 2660 b)
483 2596 578 2648 Habes
597 2594 674 2648 illam
693 2595 909 2665 disputationem
928 2596 1101 2671 cumulatam
1117 2596 1145 2650 in
1161 2597 1302 2667 Epitomes
1321 2598 1622 2657 ostentamenta

434 2670 590 2739 c)1nserta
613 2682 657 2727 est
679 2675 750 2727 haee
772 2673 923 2745 disputatio
938 2675 1146 2733 Commentariis
1165 2677 1231 2731 meis
1255 2680 1289 2732 de
1310 2686 1385 2733 motu
1405 2678 1517 2751 Martis,
1546 2676 1711 2749 praesertim

354 2757 382 2808 in
399 2753 615 2807 introductione:
641 2754 779 2823 reperitur
793 2772 860 2809 vero
880 2762 1009 2809 accurate
1029 2755 1099 2810 libro
1117 2756 1166 2811 lV.
1183 2756 1333 2827 Epitemes.
1366 2763 1541 2829 Argumenta
1562 2758 1646 2828 plane
1666 2759 1711 2810 de·

354 2833 538 2888 monstrativa
556 2851 596 2888 ex1
609 2832 781 2903 penitissima
797 2835 981 2889 astronomiae
1000 2834 1206 2911 restauratione
1224 2838 1389 2893 concinnata
1407 2844 1479 2892 sunt.

435 2912 464 2976 d)
485 2913 721 2984 cosmographiae
739 2914 846 2985 quidem
863 2915 946 2968 titulo
966 2916 1070 2968 nullum
1089 2932 1125 2969 ex
1149 2915 1198 2969 illo
1213 2923 1340 2986 'tempere
1357 2917 1456 2970 librum
1475 2916 1560 2971 edidi:
1590 2925 1621 2970 at
1639 2917 1711 2970 sirni-

354 2995 441 3048 litudo
460 2991 517 3046 ista
534 2994 625 3046 relata
643 3000 689 3047 est
705 3010 723 3047 a
743 3011 786 3048 me
809 2994 837 3047 in
854 2994 996 3063 Epitomes
1017 2995 1064 3048 lib.
1084 2996 1109 3058 Ι,
1135 2995 1182 3048 ubi
1206 2998 1240 3049 de
1261 2996 1351 3051 mundi
1374 2996 1466 3068 figura
1482 2997 1602 3059 extima,
1629 2996 1712 3066 inque

355 3075 453 3127 librum
473 3073 521 3126 lV.
542 3072 675 3141 ejusdem,
701 3073 747 3126 ubi
767 3075 800 3125 de
819 3073 907 3126 tribus
921 3074 1058 3143 primariis
1081 3076 1171 3128 mundi
1189 3076 1316 3130 membris
1334 3076 1452 3146 disputo.
1495 3076 1553 3131 Nec
1570 3092 1621 3146 pro
1639 3075 1711 3129 simi·

354 3151 555 3217 litudipeiooni
564 3158 609 3209 est
618 3152 756 3216 habenda,
776 3154 824 3207 sed
834 3152 907 3207 inter
916 3168 1015 3208 causas
1028 3155 1208 3217 accensenda,
1228 3155 1365 3209 rotmundi
1380 3157 1470 3210 forma
1483 3163 1513 3210 et
1529 3156 1710 3225 archetypus.

434 3228 461 3296 e)
480 3231 543 3289 Non
564 3231 609 3301 qui
632 3230 704 3284 circa
725 3231 821 3285 Jovem
845 3238 980 3293 curreret,
1006 3238 1038 3285 ut
1057 3230 1157 3291 sidens
1171 3233 1292 3287 Galilaei
1313 3234 1453 3297 Medicam
1472 3229 1507 3300 ³⁰)
1535 3252 1576 3289 nev
1594 3233 1712 3296 fallaris,

355 3325 494 3379 nunquam
516 3312 550 3362 de
570 3310 601 3362 iis
621 3309 760 3379 cogitari;
783 3311 830 3361 sed
850 3309 896 3379 qui
916 3315 947 3362 ut
965 3309 1018 3378 ipsi
1037 3308 1160 3377 primarii
1177 3312 1322 3380 planetae,
1346 3312 1438 3367 Solem
1461 3314 1489 3371 in
1507 3321 1603 3371 centro
1621 3320 1711 3385 syste-

355 3388 435 3442 matis
453 3388 573 3456 positum
590 3386 724 3440 curriculo
742 3404 791 3443 sue
811 3388 945 3457 cingeret.

434 3463 460 3533 f)
477 3466 521 3519 En
534 3466 594 3533 jam
604 3475 670 3518 tunc
684 3464 803 3534 rejectos
819 3482 837 3519 a
851 3483 893 3518 me
908 3482 1034 3519 numeros
1048 3474 1233 3532 numerantes,
1253 3477 1285 3523 ut
1299 3470 1454 3540 appellant.
1495 3474 1615 3529 Eosdem
1628 3472 1713 3535 etiam

355 3544 475 3614 abjicere
495 3560 513 3597 a
531 3544 714 3598 fundamentis
733 3544 898 3598 harmonicis
917 3544 990 3598 inter
1007 3544 1160 3615 praecipua
1177 3548 1264 3601 habui
1283 3549 1378 3605 inille
1397 3568 1490 3621 opere.

434 3620 469 3695 g)
488 3623 617 3678 Senarius
637 3629 730 3676 tamen
747 3623 836 3676 habet
858 3624 960 3694 aliquid
980 3626 1152 3681 abstractum
1172 3644 1190 3681 a
1210 3630 1360 3692 creaturis,
1389 3633 1460 3702 quod
1480 3632 1586 3686 scilieet
1608 3632 1711 3702 primus

354 3711 399 3758 est
416 3703 490 3757 inter
508 3703 662 3773 perlectos:
689 3702 842 3773 perlectum
863 3710 955 3757 autem
975 3704 1002 3758 id
1020 3705 1153 3771 habetur,
1183 3707 1206 3760 si
1225 3714 1269 3761 tot
1291 3718 1356 3763 sunt
1381 3709 1408 3763 in
1427 3712 1554 3782 partibus
1582 3710 1712 3784 aliquotis

357 3783 488 3847 unitates,
506 3788 575 3853 quot
592 3782 621 3835 in
639 3789 708 3836 toto.
749 3786 794 3841 An
813 3783 884 3837 baec
903 3783 990 3854 igitur
1008 3785 1165 3855 proprietas
1183 3787 1312 3844 conciliet
1325 3806 1436 3844 numero
1451 3791 1606 3845 numeranti
1623 3791 1712 3862 digni-

354 3871 441 3919 tatem
461 3863 601 3933 eliquans?
643 3862 838 3917 Consideretur
855 3870 886 3916 et
903 3864 994 3934 qualis
1013 3865 1084 3919 baec
1101 3866 1139 3920 sit
1156 3867 1288 3939 dignitas,
1308 3876 1339 3923 et
1352 3872 1484 3940 quomodo
1504 3877 1645 3940 competat
1662 3886 1712 3925 nu·

353 3960 438 3999 mero.
479 3942 598 3999 Primum
626 3943 698 4009 hpee
723 3942 845 4014 dignitas
868 3943 977 3999 ridetur
1004 3961 1066 3999 esse
1089 3946 1177 4001 nulla.
1217 3949 1289 4002 Nam
1316 3948 1340 4002 si
1367 3950 1490 4020 dignitas
1509 3958 1585 4005 esset
1607 3950 1711 4020 aliqua,

353 4022 462 4087 ridetur
481 4022 640 4081 harmonica
657 4022 804 4095 disciplina
816 4022 1002 4081 testimonium
1018 4025 1180 4094 praebitura
1197 4027 1282 4081 foisse
1298 4028 1423 4085 omnibns
1437 4030 1557 4085 numeris
1570 4029 1711 4099 perlectis.

353 4105 394 4155 At
411 4101 462 4155 illa
480 4101 585 4159 nullum
603 4101 703 4171 recipit
719 4108 832 4172 praeter
850 4103 997 4159 senarium.
1039 4103 1148 4175 Reliqui
1167 4105 1239 4163 enim
1256 4108 1373 4176 perlecti
1392 4115 1458 4167 sunt
1474 4109 1624 4179 primorum
1641 4108 1712 4163 mul.

355 4181 479 4251 tiplices‚
509 4187 541 4235 ut
568 4187 650 4250 patet
675 4198 712 4243 ex
736 4181 858 4239 Euclidie
887 4182 958 4236 libro
977 4182 1026 4236 IX.
1053 4200 1131 4253 prop.
1162 4186 1268 4239 ultime.
1310 4188 1401 4249 Quare
1428 4189 1489 4258 (per
1509 4192 1566 4244 Ax.
1590 4188 1619 4243 3.
1647 4186 1711 4241 libri

289 4254 293 4263 '
354 4260 406 4314 mei
429 4261 477 4314 lll.
502 4260 698 4323 Bomonicae,
732 4267 761 4314 et
787 4278 838 4330 per
862 4262 945 4337 Prop‚
971 4261 998 4316 8.
1018 4261 1081 4315 libri
1108 4264 1168 4327 1v.,
1203 4281 1275 4337 quae
1305 4267 1431 4323 nituntur
1458 4284 1558 4338 propp.
1583 4267 1631 4323 45.
1660 4267 1710 4324 46.

355 4339 402 4395 4⁷.
430 4339 493 4394 libri
521 4334 556 4408 l.)
580 4356 673 4393 omnes
699 4340 815 4409 perfecti
839 4340 878 4393 sic
899 4341 964 4395 dieti
993 4341 1096 4396 numeri
1125 4350 1239 4411 praeter
1260 4347 1396 4401 senarium
1424 4347 1543 4401 exulant
1571 4363 1588 4402 a
1617 4338 1710 4400 termi-

355 4420 397 4473 nis
415 4418 625 4474 concordantiae
644 4419 891 4483 constituentibus;
912 4426 1066 4475 attestante
1085 4422 1169 4477 etiam
1188 4440 1272 4479 senso
1291 4426 1414 4480 auditus:
1432 4426 1512 4499 idque
1526 4432 1642 4496 propter
1654 4424 1710 4496 pri·

354 4515 426 4564 mos,
454 4504 489 4553 at
503 4497 691 4569 septenarium
717 4505 786 4562 eto,
816 4515 834 4552 a
857 4500 955 4570 quibus
979 4498 1146 4556 amantur.
1187 4499 1250 4557 Et'si
1277 4503 1350 4559 enim
1372 4505 1507 4560 sectiones
1534 4504 1710 4563 harmonicae

354 4579 428 4632 libro
443 4578 491 4633 ΠΙ.
509 4594 590 4649 prop
615 4578 659 4633 19.
688 4586 868 4639 moreremur
892 4584 1012 4648 septena
1041 4579 1086 4649 qui
1114 4598 1241 4637 numerus
1265 4583 1368 4653 primm
1386 4591 1447 4640 est:
1476 4592 1507 4639 at
1527 4584 1597 4639 nulli
1615 4599 1710 4639 earum

355 4659 405 4713 dat
417 4657 470 4711 hoc
483 4657 658 4728 septenarius
672 4658 741 4721 iste,
766 4664 798 4712 ot
811 4657 849 4712 rit
861 4657 1035 4720 harmonicae
1060 4661 1107 4713 sed
1120 4661 1196 4730 prius
1212 4662 1354 4732 quaelibet
1375 4672 1427 4734 per
1440 4680 1470 4719 ee
1483 4671 1529 4719 eet
1541 4656 1709 4729 harmonica,

355 4742 456 4808 postea
468 4738 576 4801 mum
587 4737 688 4801 accidit
700 4736 827 4806 illiujam
841 4737 996 4795 constitutis
1010 4737 1154 4805 mironis,
1177 4746 1211 4796 ut
1222 4740 1279 4795 sint
1291 4758 1405 4805 uomere
1417 4751 1537 4815 septem:
1559 4747 1608 4800 sed
1620 4760 1711 4815 noque

355 4816 427 4877 haec
439 4817 503 4892 ipse
516 4817 643 4882 conditio.
668 4833 724 4889 orie
737 4817 903 4887 definiuntur
925 4815 1031 4877 umeri
1042 4820 1170 4888 peracti,
1193 4820 1263 4883 iaso
1281 4820 1344 4891 ὶμιι
1360 4823 1548 4897 oomidorrap,
1563 4824 1710 4901 dminus
