<?xml version="1.0" encoding="UTF-8"?>
<!DOCTYPE html PUBLIC "-//W3C//DTD XHTML 1.0 Transitional//EN"
    "http://www.w3.org/TR/xhtml1/DTD/xhtml1-transitional.dtd">
<html xmlns="http://www.w3.org/1999/xhtml" xml:lang="en" lang="en">
 <head>
  <title>
</title>
<meta http-equiv="Content-Type" content="text/html;charset=utf-8" />
  <meta name='ocr-system' content='tesseract 3.04.00' />
  <meta name='ocr-capabilities' content='ocr_page ocr_carea ocr_par ocr_line ocrx_word'/>
</head>
<body>
  <div class='ocr_page' id='page_1' title='image "./joanniskepleria27frisgoog_0362.png"; bbox 0 0 3814 5818; ppageno 0'>
   <div class='ocr_carea' id='block_1_1' title="bbox 685 325 1517 439">
    <p class='ocr_par' dir='ltr' id='par_1_1' title="bbox 685 325 1517 439">
     <span class='ocr_line' id='line_1_1' title="bbox 685 325 1517 439; baseline -0.001 1"><span class='ocrx_word' id='word_1_1' title='bbox 685 372 988 439; x_wconf 61' lang='lat' dir='ltr'><strong>ammapa.</strong></span> <span class='ocrx_word' id='word_1_2' title='bbox 1222 335 1229 341; x_wconf 70' lang='grc'><strong>’</strong></span> <span class='ocrx_word' id='word_1_3' title='bbox 1272 325 1277 338; x_wconf 77' lang='grc'>’</span> <span class='ocrx_word' id='word_1_4' title='bbox 1452 370 1517 439; x_wconf 83' lang='lat' dir='ltr'><strong>arr</strong></span> 
     </span>
    </p>
   </div>
   <div class='ocr_carea' id='block_1_2' title="bbox 159 460 1518 611">
    <p class='ocr_par' dir='ltr' id='par_1_2' title="bbox 159 460 1518 611">
     <span class='ocr_line' id='line_1_2' title="bbox 159 460 1518 611; baseline -0.002 -14"><span class='ocrx_word' id='word_1_5' title='bbox 159 529 372 611; x_wconf 76' lang='lat' dir='ltr'><strong>multiplicatio</strong></span> <span class='ocrx_word' id='word_1_6' title='bbox 393 460 533 611; x_wconf 51' lang='lat' dir='ltr'><strong>ejusdtm</strong></span> <span class='ocrx_word' id='word_1_7' title='bbox 555 528 584 591; x_wconf 91' lang='lat' dir='ltr'><strong>in</strong></span> <span class='ocrx_word' id='word_1_8' title='bbox 608 528 666 592; x_wconf 88' lang='lat' dir='ltr'><strong>sibi</strong></span> <span class='ocrx_word' id='word_1_9' title='bbox 689 530 796 605; x_wconf 88' lang='lat' dir='ltr'><strong>simile,</strong></span> <span class='ocrx_word' id='word_1_10' title='bbox 821 530 977 610; x_wconf 74' lang='lat' dir='ltr'>quodlibet</span> <span class='ocrx_word' id='word_1_11' title='bbox 999 530 1153 604; x_wconf 93' lang='lat' dir='ltr'><strong>eomodo,</strong></span> <span class='ocrx_word' id='word_1_12' title='bbox 1179 549 1237 611; x_wconf 91' lang='lat' dir='ltr'><strong>quo</strong></span> <span class='ocrx_word' id='word_1_13' title='bbox 1260 531 1413 594; x_wconf 87' lang='lat' dir='ltr'><strong>essentiae</strong></span> <span class='ocrx_word' id='word_1_14' title='bbox 1430 533 1518 594; x_wconf 91' lang='lat' dir='ltr'><strong>modo</strong></span> 
     </span>
    </p>
   </div>
   <div class='ocr_carea' id='block_1_3' title="bbox 98 618 1586 1770">
    <p class='ocr_par' dir='ltr' id='par_1_3' title="bbox 98 618 1586 1770">
     <span class='ocr_line' id='line_1_3' title="bbox 159 618 1518 700; baseline 0.002 -20"><span class='ocrx_word' id='word_1_15' title='bbox 159 619 263 683; x_wconf 90' lang='lat' dir='ltr'><strong>utitur.</strong></span> <span class='ocrx_word' id='word_1_16' title='bbox 311 620 416 699; x_wconf 82' lang='lat' dir='ltr'><strong>Imago</strong></span> <span class='ocrx_word' id='word_1_17' title='bbox 449 619 513 699; x_wconf 91' lang='lat' dir='ltr'><strong>ejus</strong></span> <span class='ocrx_word' id='word_1_18' title='bbox 541 618 602 693; x_wconf 86' lang='lat' dir='ltr'><strong>ris,</strong></span> <span class='ocrx_word' id='word_1_19' title='bbox 635 637 711 699; x_wconf 87' lang='lat' dir='ltr'><strong>quae</strong></span> <span class='ocrx_word' id='word_1_20' title='bbox 735 620 765 681; x_wconf 91' lang='lat' dir='ltr'><strong>in</strong></span> <span class='ocrx_word' id='word_1_21' title='bbox 788 638 879 681; x_wconf 84' lang='lat' dir='ltr'><strong>manu</strong></span> <span class='ocrx_word' id='word_1_22' title='bbox 902 627 965 693; x_wconf 86' lang='lat' dir='ltr'><strong>eat,</strong></span> <span class='ocrx_word' id='word_1_23' title='bbox 995 618 1173 699; x_wconf 80' lang='lat' dir='ltr'><strong>relinquitur</strong></span> <span class='ocrx_word' id='word_1_24' title='bbox 1195 619 1225 681; x_wconf 91' lang='lat' dir='ltr'><strong>in</strong></span> <span class='ocrx_word' id='word_1_25' title='bbox 1249 620 1350 700; x_wconf 89' lang='lat' dir='ltr'><strong>lapide</strong></span> <span class='ocrx_word' id='word_1_26' title='bbox 1378 628 1411 682; x_wconf 92' lang='lat' dir='ltr'><strong>et</strong></span> <span class='ocrx_word' id='word_1_27' title='bbox 1433 620 1518 683; x_wconf 90' lang='lat' dir='ltr'><strong>illum</strong></span> 
     </span>
     <span class='ocr_line' id='line_1_4' title="bbox 160 707 1586 791; baseline 0.004 -25"><span class='ocrx_word' id='word_1_28' title='bbox 160 708 246 769; x_wconf 85' lang='lat' dir='ltr'><strong>vehit</strong></span> <span class='ocrx_word' id='word_1_29' title='bbox 268 728 386 771; x_wconf 85' lang='lat' dir='ltr'><strong>sursum</strong></span> <span class='ocrx_word' id='word_1_30' title='bbox 419 709 511 787; x_wconf 86' lang='lat' dir='ltr'><strong>litque</strong></span> <span class='ocrx_word' id='word_1_31' title='bbox 543 707 702 791; x_wconf 81' lang='lat' dir='ltr'><strong>impressio</strong></span> <span class='ocrx_word' id='word_1_32' title='bbox 730 727 825 769; x_wconf 85' lang='lat' dir='ltr'><strong>causa</strong></span> <span class='ocrx_word' id='word_1_33' title='bbox 843 708 989 771; x_wconf 71' lang='lat' dir='ltr'><strong>materiae</strong></span> <span class='ocrx_word' id='word_1_34' title='bbox 1019 716 1052 769; x_wconf 91' lang='lat' dir='ltr'><strong>et</strong></span> <span class='ocrx_word' id='word_1_35' title='bbox 1073 708 1235 787; x_wconf 90' lang='lat' dir='ltr'><strong>temporis,</strong></span> <span class='ocrx_word' id='word_1_36' title='bbox 1270 708 1340 789; x_wconf 89' lang='lat' dir='ltr'><strong>qnia</strong></span> <span class='ocrx_word' id='word_1_37' title='bbox 1363 718 1519 790; x_wconf 88' lang='lat' dir='ltr'><strong>utrumqne</strong></span> <span class='ocrx_word' id='word_1_38' title='bbox 1582 714 1586 729; x_wconf 91' lang='lat'><em>&#39;</em></span> 
     </span>
     <span class='ocr_line' id='line_1_5' title="bbox 160 795 1517 876; baseline 0.001 -18"><span class='ocrx_word' id='word_1_39' title='bbox 160 797 326 859; x_wconf 84' lang='lat' dir='ltr'><strong>admotus</strong></span> <span class='ocrx_word' id='word_1_40' title='bbox 349 796 515 859; x_wconf 85' lang='lat' dir='ltr'><strong>essentiam</strong></span> <span class='ocrx_word' id='word_1_41' title='bbox 537 795 713 876; x_wconf 84' lang='lat' dir='ltr'><strong>requiritnr3</strong></span> <span class='ocrx_word' id='word_1_42' title='bbox 736 796 838 876; x_wconf 87' lang='lat' dir='ltr'><strong>imago</strong></span> <span class='ocrx_word' id='word_1_43' title='bbox 863 797 937 858; x_wconf 89' lang='lat' dir='ltr'><strong>lucis</strong></span> <span class='ocrx_word' id='word_1_44' title='bbox 962 816 981 856; x_wconf 91' lang='lat' dir='ltr'><strong>a</strong></span> <span class='ocrx_word' id='word_1_45' title='bbox 1005 797 1069 857; x_wconf 89' lang='lat' dir='ltr'><strong>lnce</strong></span> <span class='ocrx_word' id='word_1_46' title='bbox 1093 797 1191 858; x_wconf 88' lang='lat' dir='ltr'><strong>effluit</strong></span> <span class='ocrx_word' id='word_1_47' title='bbox 1214 815 1307 859; x_wconf 88' lang='lat' dir='ltr'><strong>causa</strong></span> <span class='ocrx_word' id='word_1_48' title='bbox 1331 798 1424 859; x_wconf 90' lang='lat' dir='ltr'><strong>solius</strong></span> <span class='ocrx_word' id='word_1_49' title='bbox 1449 799 1517 873; x_wconf 91' lang='lat' dir='ltr'><strong>loci,</strong></span> 
     </span>
     <span class='ocr_line' id='line_1_6' title="bbox 161 884 1519 967; baseline 0.001 -20"><span class='ocrx_word' id='word_1_50' title='bbox 161 886 233 967; x_wconf 86' lang='lat' dir='ltr'><strong>qnia</strong></span> <span class='ocrx_word' id='word_1_51' title='bbox 255 894 342 948; x_wconf 89' lang='lat' dir='ltr'><strong>caret</strong></span> <span class='ocrx_word' id='word_1_52' title='bbox 365 887 416 947; x_wconf 83' lang='lat' dir='ltr'><strong>lux</strong></span> <span class='ocrx_word' id='word_1_53' title='bbox 437 884 567 946; x_wconf 88' lang='lat' dir='ltr'><strong>materia</strong></span> <span class='ocrx_word' id='word_1_54' title='bbox 588 893 621 946; x_wconf 92' lang='lat' dir='ltr'><strong>et</strong></span> <span class='ocrx_word' id='word_1_55' title='bbox 643 894 788 965; x_wconf 90' lang='lat' dir='ltr'><strong>tempore.</strong></span> <span class='ocrx_word' id='word_1_56' title='bbox 834 885 940 965; x_wconf 87' lang='lat' dir='ltr'><strong>Imago</strong></span> <span class='ocrx_word' id='word_1_57' title='bbox 973 885 1066 965; x_wconf 89' lang='lat' dir='ltr'><strong>igitur</strong></span> <span class='ocrx_word' id='word_1_58' title='bbox 1099 892 1131 946; x_wconf 91' lang='lat' dir='ltr'><strong>et</strong></span> <span class='ocrx_word' id='word_1_59' title='bbox 1158 886 1224 965; x_wconf 88' lang='lat' dir='ltr'><strong>ejus</strong></span> <span class='ocrx_word' id='word_1_60' title='bbox 1247 886 1405 967; x_wconf 90' lang='lat' dir='ltr'><strong>temporis,</strong></span> <span class='ocrx_word' id='word_1_61' title='bbox 1441 887 1519 966; x_wconf 87' lang='lat' dir='ltr'><strong>qnod</strong></span> 
     </span>
     <span class='ocr_line' id='line_1_7' title="bbox 159 973 1519 1056; baseline 0.001 -20"><span class='ocrx_word' id='word_1_62' title='bbox 159 983 231 1056; x_wconf 86' lang='lat' dir='ltr'><strong>post</strong></span> <span class='ocrx_word' id='word_1_63' title='bbox 254 982 372 1054; x_wconf 86' lang='lat' dir='ltr'><strong>partum</strong></span> <span class='ocrx_word' id='word_1_64' title='bbox 394 973 529 1055; x_wconf 83' lang='lat' dir='ltr'><strong>proxime</strong></span> <span class='ocrx_word' id='word_1_65' title='bbox 554 974 624 1048; x_wconf 82' lang='lat' dir='ltr'><strong>tuit,</strong></span> <span class='ocrx_word' id='word_1_66' title='bbox 652 974 768 1048; x_wconf 87' lang='lat' dir='ltr'><strong>effluit,</strong></span> <span class='ocrx_word' id='word_1_67' title='bbox 804 974 963 1052; x_wconf 81' lang='lat' dir='ltr'><strong>elongatur</strong></span> <span class='ocrx_word' id='word_1_68' title='bbox 986 994 1005 1034; x_wconf 92' lang='lat' dir='ltr'><strong>a</strong></span> <span class='ocrx_word' id='word_1_69' title='bbox 1027 981 1162 1053; x_wconf 87' lang='lat' dir='ltr'><strong>tempore</strong></span> <span class='ocrx_word' id='word_1_70' title='bbox 1186 974 1237 1035; x_wconf 91' lang='lat' dir='ltr'><strong>illo</strong></span> <span class='ocrx_word' id='word_1_71' title='bbox 1271 974 1300 1035; x_wconf 92' lang='lat' dir='ltr'><strong>in</strong></span> <span class='ocrx_word' id='word_1_72' title='bbox 1325 976 1519 1054; x_wconf 88' lang='lat' dir='ltr'><strong>proportione</strong></span> 
     </span>
     <span class='ocr_line' id='line_1_8' title="bbox 160 1062 1520 1144; baseline 0 -18"><span class='ocrx_word' id='word_1_73' title='bbox 160 1074 331 1144; x_wconf 89' lang='lat' dir='ltr'><strong>temporum</strong></span> <span class='ocrx_word' id='word_1_74' title='bbox 356 1064 491 1138; x_wconf 90' lang='lat' dir='ltr'><strong>illorum,</strong></span> <span class='ocrx_word' id='word_1_75' title='bbox 526 1071 557 1124; x_wconf 90' lang='lat' dir='ltr'><strong>et</strong></span> <span class='ocrx_word' id='word_1_76' title='bbox 580 1063 740 1143; x_wconf 80' lang='lat' dir='ltr'><strong>elongatur</strong></span> <span class='ocrx_word' id='word_1_77' title='bbox 768 1063 797 1124; x_wconf 91' lang='lat' dir='ltr'><strong>in</strong></span> <span class='ocrx_word' id='word_1_78' title='bbox 822 1063 919 1125; x_wconf 91' lang='lat' dir='ltr'><strong>locum</strong></span> <span class='ocrx_word' id='word_1_79' title='bbox 942 1062 1087 1142; x_wconf 89' lang='lat' dir='ltr'><strong>temporis</strong></span> <span class='ocrx_word' id='word_1_80' title='bbox 1120 1062 1250 1137; x_wconf 91' lang='lat' dir='ltr'><strong>ratione,</strong></span> <span class='ocrx_word' id='word_1_81' title='bbox 1286 1064 1356 1144; x_wconf 89' lang='lat' dir='ltr'><strong>qnia</strong></span> <span class='ocrx_word' id='word_1_82' title='bbox 1378 1072 1411 1125; x_wconf 94' lang='lat' dir='ltr'><strong>et</strong></span> <span class='ocrx_word' id='word_1_83' title='bbox 1433 1082 1520 1126; x_wconf 90' lang='lat' dir='ltr'><strong>sunm</strong></span> 
     </span>
     <span class='ocr_line' id='line_1_9' title="bbox 98 1151 1518 1232; baseline -0.001 -16"><span class='ocrx_word' id='word_1_84' title='bbox 98 1155 101 1160; x_wconf 82' lang='grc'><strong>’</strong></span> <span class='ocrx_word' id='word_1_85' title='bbox 161 1152 309 1232; x_wconf 77' lang='lat' dir='ltr'><strong>originale</strong></span> <span class='ocrx_word' id='word_1_86' title='bbox 341 1172 395 1214; x_wconf 90' lang='lat' dir='ltr'><strong>seu</strong></span> <span class='ocrx_word' id='word_1_87' title='bbox 424 1153 492 1213; x_wconf 83' lang='lat' dir='ltr'><strong>lons</strong></span> <span class='ocrx_word' id='word_1_88' title='bbox 519 1152 644 1232; x_wconf 86' lang='lat' dir='ltr'><strong>ejusque</strong></span> <span class='ocrx_word' id='word_1_89' title='bbox 672 1151 809 1214; x_wconf 88' lang='lat' dir='ltr'><strong>essentia</strong></span> <span class='ocrx_word' id='word_1_90' title='bbox 835 1160 955 1231; x_wconf 90' lang='lat' dir='ltr'><strong>tempus</strong></span> <span class='ocrx_word' id='word_1_91' title='bbox 988 1158 1046 1215; x_wconf 89' lang='lat' dir='ltr'><strong>est.</strong></span> <span class='ocrx_word' id='word_1_92' title='bbox 1093 1152 1144 1213; x_wconf 88' lang='lat' dir='ltr'><strong>Ita</strong></span> <span class='ocrx_word' id='word_1_93' title='bbox 1170 1151 1339 1214; x_wconf 87' lang='lat' dir='ltr'><strong>tricesimos</strong></span> <span class='ocrx_word' id='word_1_94' title='bbox 1364 1151 1518 1215; x_wconf 82' lang='lat' dir='ltr'><strong>dieucum</strong></span> 
     </span>
     <span class='ocr_line' id='line_1_10' title="bbox 160 1237 1517 1321; baseline -0.001 -17"><span class='ocrx_word' id='word_1_95' title='bbox 160 1241 413 1304; x_wconf 66' lang='lat' dir='ltr'><strong>antecedentibus</strong></span> <span class='ocrx_word' id='word_1_96' title='bbox 436 1250 615 1321; x_wconf 78' lang='lat' dir='ltr'><strong>prorogetur</strong></span> <span class='ocrx_word' id='word_1_97' title='bbox 638 1240 668 1302; x_wconf 90' lang='lat' dir='ltr'><strong>in</strong></span> <span class='ocrx_word' id='word_1_98' title='bbox 692 1237 735 1303; x_wconf 88' lang='grc'><strong>30</strong></span> <span class='ocrx_word' id='word_1_99' title='bbox 758 1258 863 1315; x_wconf 85' lang='lat' dir='ltr'><strong>annos,</strong></span> <span class='ocrx_word' id='word_1_100' title='bbox 888 1240 1025 1320; x_wconf 91' lang='lat' dir='ltr'><strong>quodque</strong></span> <span class='ocrx_word' id='word_1_101' title='bbox 1046 1240 1103 1302; x_wconf 85' lang='lat' dir='ltr'><strong>init</strong></span> <span class='ocrx_word' id='word_1_102' title='bbox 1125 1240 1173 1301; x_wconf 89' lang='lat' dir='ltr'><strong>die</strong></span> <span class='ocrx_word' id='word_1_103' title='bbox 1193 1240 1347 1302; x_wconf 89' lang='lat' dir='ltr'><strong>tricesimo</strong></span> <span class='ocrx_word' id='word_1_104' title='bbox 1370 1241 1398 1301; x_wconf 92' lang='lat' dir='ltr'><strong>in</strong></span> <span class='ocrx_word' id='word_1_105' title='bbox 1422 1241 1517 1317; x_wconf 89' lang='lat' dir='ltr'><strong>coelo,</strong></span> 
     </span>
     <span class='ocr_line' id='line_1_11' title="bbox 160 1316 1519 1413; baseline -0.001 -21"><span class='ocrx_word' id='word_1_106' title='bbox 160 1338 305 1412; x_wconf 89' lang='lat' dir='ltr'><strong>operatur</strong></span> <span class='ocrx_word' id='word_1_107' title='bbox 328 1349 406 1392; x_wconf 90' lang='lat' dir='ltr'><strong>anuo</strong></span> <span class='ocrx_word' id='word_1_108' title='bbox 428 1329 582 1392; x_wconf 89' lang='lat' dir='ltr'><strong>tricesimo</strong></span> <span class='ocrx_word' id='word_1_109' title='bbox 605 1330 635 1391; x_wconf 92' lang='lat' dir='ltr'><strong>in</strong></span> <span class='ocrx_word' id='word_1_110' title='bbox 660 1316 795 1401; x_wconf 65' lang='lat' dir='ltr'><strong>homine}</strong></span> <span class='ocrx_word' id='word_1_111' title='bbox 824 1328 1009 1413; x_wconf 21' lang='lat' dir='ltr'><strong>perindelac</strong></span> <span class='ocrx_word' id='word_1_112' title='bbox 1032 1328 1058 1389; x_wconf 89' lang='lat' dir='ltr'><strong>si</strong></span> <span class='ocrx_word' id='word_1_113' title='bbox 1091 1337 1155 1390; x_wconf 92' lang='lat' dir='ltr'><strong>tum</strong></span> <span class='ocrx_word' id='word_1_114' title='bbox 1179 1330 1295 1391; x_wconf 87' lang='lat' dir='ltr'><strong>demum</strong></span> <span class='ocrx_word' id='word_1_115' title='bbox 1319 1329 1466 1391; x_wconf 78' lang='lat' dir='ltr'><strong>existeret</strong></span> <span class='ocrx_word' id='word_1_116' title='bbox 1488 1331 1519 1391; x_wconf 92' lang='lat' dir='ltr'><strong>in</strong></span> 
     </span>
     <span class='ocr_line' id='line_1_12' title="bbox 160 1416 1519 1500; baseline -0.001 -18"><span class='ocrx_word' id='word_1_117' title='bbox 160 1420 261 1494; x_wconf 89' lang='lat' dir='ltr'><strong>coelo,</strong></span> <span class='ocrx_word' id='word_1_118' title='bbox 285 1419 376 1500; x_wconf 91' lang='lat' dir='ltr'><strong>plane</strong></span> <span class='ocrx_word' id='word_1_119' title='bbox 400 1426 434 1480; x_wconf 91' lang='lat' dir='ltr'><strong>ut</strong></span> <span class='ocrx_word' id='word_1_120' title='bbox 451 1419 534 1480; x_wconf 90' lang='lat' dir='ltr'><strong>calor</strong></span> <span class='ocrx_word' id='word_1_121' title='bbox 557 1418 623 1490; x_wconf 91' lang='lat' dir='ltr'><strong>ille,</strong></span> <span class='ocrx_word' id='word_1_122' title='bbox 649 1418 697 1500; x_wconf 91' lang='lat' dir='ltr'><strong>qni</strong></span> <span class='ocrx_word' id='word_1_123' title='bbox 722 1425 771 1479; x_wconf 90' lang='lat' dir='ltr'><strong>est</strong></span> <span class='ocrx_word' id='word_1_124' title='bbox 794 1417 823 1478; x_wconf 91' lang='lat' dir='ltr'><strong>in</strong></span> <span class='ocrx_word' id='word_1_125' title='bbox 848 1416 935 1492; x_wconf 88' lang='lat' dir='ltr'><strong>Sole,</strong></span> <span class='ocrx_word' id='word_1_126' title='bbox 968 1426 1110 1497; x_wconf 91' lang='lat' dir='ltr'><strong>operatur</strong></span> <span class='ocrx_word' id='word_1_127' title='bbox 1133 1417 1363 1480; x_wconf 78' lang='lat' dir='ltr'><strong>calefactionem</strong></span> <span class='ocrx_word' id='word_1_128' title='bbox 1388 1418 1416 1479; x_wconf 94' lang='lat' dir='ltr'><strong>in</strong></span> <span class='ocrx_word' id='word_1_129' title='bbox 1441 1419 1519 1481; x_wconf 89' lang='lat' dir='ltr'><strong>Tar-</strong></span> 
     </span>
     <span class='ocr_line' id='line_1_13' title="bbox 161 1506 1520 1588; baseline -0.001 -17"><span class='ocrx_word' id='word_1_130' title='bbox 161 1528 244 1582; x_wconf 85' lang='lat' dir='ltr'><strong>ram,</strong></span> <span class='ocrx_word' id='word_1_131' title='bbox 278 1507 402 1588; x_wconf 91' lang='lat' dir='ltr'><strong>porinde</strong></span> <span class='ocrx_word' id='word_1_132' title='bbox 425 1526 461 1568; x_wconf 87' lang='lat' dir='ltr'><strong>ao</strong></span> <span class='ocrx_word' id='word_1_133' title='bbox 485 1506 511 1567; x_wconf 90' lang='lat' dir='ltr'><strong>si</strong></span> <span class='ocrx_word' id='word_1_134' title='bbox 535 1506 589 1568; x_wconf 91' lang='lat' dir='ltr'><strong>Sol</strong></span> <span class='ocrx_word' id='word_1_135' title='bbox 613 1508 678 1587; x_wconf 90' lang='lat' dir='ltr'><strong>ipse</strong></span> <span class='ocrx_word' id='word_1_136' title='bbox 700 1515 783 1569; x_wconf 87' lang='lat' dir='ltr'><strong>essct</strong></span> <span class='ocrx_word' id='word_1_137' title='bbox 816 1506 845 1566; x_wconf 89' lang='lat' dir='ltr'><strong>in</strong></span> <span class='ocrx_word' id='word_1_138' title='bbox 869 1507 974 1567; x_wconf 87' lang='lat' dir='ltr'><strong>Terra.</strong></span> <span class='ocrx_word' id='word_1_139' title='bbox 1020 1506 1079 1568; x_wconf 90' lang='lat' dir='ltr'><strong>Hic</strong></span> <span class='ocrx_word' id='word_1_140' title='bbox 1102 1507 1199 1568; x_wconf 89' lang='lat' dir='ltr'><strong>distat</strong></span> <span class='ocrx_word' id='word_1_141' title='bbox 1221 1507 1341 1587; x_wconf 88' lang='lat' dir='ltr'><strong>patiens</strong></span> <span class='ocrx_word' id='word_1_142' title='bbox 1369 1514 1401 1568; x_wconf 89' lang='lat' dir='ltr'><strong>et</strong></span> <span class='ocrx_word' id='word_1_143' title='bbox 1425 1524 1520 1587; x_wconf 89' lang='lat' dir='ltr'><strong>agens</strong></span> 
     </span>
     <span class='ocr_line' id='line_1_14' title="bbox 161 1593 1519 1676; baseline -0.003 -15"><span class='ocrx_word' id='word_1_144' title='bbox 161 1595 351 1671; x_wconf 80' lang='lat' dir='ltr'><strong>causatori,</strong></span> <span class='ocrx_word' id='word_1_145' title='bbox 385 1596 446 1658; x_wconf 93' lang='lat' dir='ltr'><strong>illic</strong></span> <span class='ocrx_word' id='word_1_146' title='bbox 468 1615 563 1657; x_wconf 88' lang='lat' dir='ltr'><strong>cansa</strong></span> <span class='ocrx_word' id='word_1_147' title='bbox 585 1595 738 1676; x_wconf 88' lang='lat' dir='ltr'><strong>temporis.</strong></span> <span class='ocrx_word' id='word_1_148' title='bbox 781 1595 918 1657; x_wconf 86' lang='lat' dir='ltr'><strong>Medium</strong></span> <span class='ocrx_word' id='word_1_149' title='bbox 941 1595 989 1655; x_wconf 91' lang='lat' dir='ltr'><strong>hic</strong></span> <span class='ocrx_word' id='word_1_150' title='bbox 1012 1593 1097 1657; x_wconf 89' lang='lat' dir='ltr'><strong>radio</strong></span> <span class='ocrx_word' id='word_1_151' title='bbox 1121 1595 1326 1669; x_wconf 88' lang='lat' dir='ltr'><strong>continuatur,</strong></span> <span class='ocrx_word' id='word_1_152' title='bbox 1360 1595 1423 1659; x_wconf 91' lang='lat' dir='ltr'><strong>illic</strong></span> <span class='ocrx_word' id='word_1_153' title='bbox 1445 1613 1519 1675; x_wconf 87' lang='lat' dir='ltr'><strong>pro-</strong></span> 
     </span>
     <span class='ocr_line' id='line_1_15' title="bbox 160 1683 1518 1770; baseline -0.001 -22"><span class='ocrx_word' id='word_1_154' title='bbox 160 1687 315 1770; x_wconf 82' lang='lat' dir='ltr'><strong>portione,</strong></span> <span class='ocrx_word' id='word_1_155' title='bbox 348 1684 418 1765; x_wconf 88' lang='lat' dir='ltr'><strong>qnia</strong></span> <span class='ocrx_word' id='word_1_156' title='bbox 446 1684 503 1746; x_wconf 92' lang='lat' dir='ltr'><strong>hoc</strong></span> <span class='ocrx_word' id='word_1_157' title='bbox 532 1685 582 1746; x_wconf 87' lang='lat' dir='ltr'><strong>lmr</strong></span> <span class='ocrx_word' id='word_1_158' title='bbox 605 1694 669 1758; x_wconf 90' lang='lat' dir='ltr'><strong>est,</strong></span> <span class='ocrx_word' id='word_1_159' title='bbox 707 1683 782 1745; x_wconf 90' lang='lat' dir='ltr'><strong>iliud</strong></span> <span class='ocrx_word' id='word_1_160' title='bbox 811 1692 910 1746; x_wconf 89' lang='lat' dir='ltr'><strong>motus</strong></span> <span class='ocrx_word' id='word_1_161' title='bbox 942 1683 972 1745; x_wconf 93' lang='lat' dir='ltr'><strong>in</strong></span> <span class='ocrx_word' id='word_1_162' title='bbox 1004 1691 1087 1746; x_wconf 91' lang='lat' dir='ltr'><strong>certo</strong></span> <span class='ocrx_word' id='word_1_163' title='bbox 1117 1703 1238 1747; x_wconf 91' lang='lat' dir='ltr'><strong>numero</strong></span> <span class='ocrx_word' id='word_1_164' title='bbox 1271 1693 1304 1746; x_wconf 92' lang='lat' dir='ltr'><strong>et</strong></span> <span class='ocrx_word' id='word_1_165' title='bbox 1324 1684 1518 1766; x_wconf 86' lang='lat' dir='ltr'><strong>proportione</strong></span> 
     </span>
    </p>
   </div>
   <div class='ocr_carea' id='block_1_4' title="bbox 161 1774 1519 2069">
    <p class='ocr_par' dir='ltr' id='par_1_4' title="bbox 161 1774 1519 2069">
     <span class='ocr_line' id='line_1_16' title="bbox 161 1774 1518 1925; baseline -0.001 -12"><span class='ocrx_word' id='word_1_166' title='bbox 161 1774 669 1913; x_wconf 45' lang='lat' dir='ltr'><strong>tempogsr.iciwpmmffim</strong></span> <span class='ocrx_word' id='word_1_167' title='bbox 695 1859 885 1910; x_wconf 82' lang='lat' dir='ltr'><strong>coclinullsr</strong></span> <span class='ocrx_word' id='word_1_168' title='bbox 904 1859 1055 1925; x_wconf 80' lang='lat' dir='ltr'><strong>agnoscis</strong></span> <span class='ocrx_word' id='word_1_169' title='bbox 1074 1858 1289 1910; x_wconf 80' lang='lat' dir='ltr'><strong>aliurdomnr.</strong></span> <span class='ocrx_word' id='word_1_170' title='bbox 1326 1856 1410 1910; x_wconf 83' lang='lat' dir='ltr'><strong>Miror.</strong></span> <span class='ocrx_word' id='word_1_171' title='bbox 1441 1859 1518 1911; x_wconf 83' lang='lat' dir='ltr'><strong>Prae·</strong></span> 
     </span>
     <span class='ocr_line' id='line_1_17' title="bbox 161 1930 1519 1998; baseline -0.002 -13"><span class='ocrx_word' id='word_1_172' title='bbox 161 1944 202 1985; x_wconf 86' lang='lat' dir='ltr'><strong>ter</strong></span> <span class='ocrx_word' id='word_1_173' title='bbox 220 1940 336 1998; x_wconf 81' lang='lat' dir='ltr'><strong>aspectus</strong></span> <span class='ocrx_word' id='word_1_174' title='bbox 355 1931 494 1983; x_wconf 74' lang='lat' dir='ltr'><strong>mrdinales</strong></span> <span class='ocrx_word' id='word_1_175' title='bbox 520 1930 606 1981; x_wconf 80' lang='lat' dir='ltr'><strong>ulios</strong></span> <span class='ocrx_word' id='word_1_176' title='bbox 635 1939 787 1995; x_wconf 80' lang='lat' dir='ltr'><strong>arpertus</strong></span> <span class='ocrx_word' id='word_1_177' title='bbox 812 1931 1005 1989; x_wconf 74' lang='lat' dir='ltr'><strong>introductor</strong></span> <span class='ocrx_word' id='word_1_178' title='bbox 1035 1936 1102 1982; x_wconf 86' lang='lat' dir='ltr'><strong>certe</strong></span> <span class='ocrx_word' id='word_1_179' title='bbox 1130 1936 1156 1981; x_wconf 89' lang='lat' dir='ltr'><strong>et</strong></span> <span class='ocrx_word' id='word_1_180' title='bbox 1173 1944 1251 1981; x_wconf 82' lang='lat' dir='ltr'><strong>noras</strong></span> <span class='ocrx_word' id='word_1_181' title='bbox 1269 1930 1355 1981; x_wconf 83' lang='lat' dir='ltr'><strong>domur</strong></span> <span class='ocrx_word' id='word_1_182' title='bbox 1378 1931 1519 1990; x_wconf 81' lang='lat' dir='ltr'><strong>fabricabis,</strong></span> 
     </span>
     <span class='ocr_line' id='line_1_18' title="bbox 162 2003 834 2069; baseline -0.009 -12"><span class='ocrx_word' id='word_1_183' title='bbox 162 2020 224 2057; x_wconf 77' lang='lat' dir='ltr'><strong>narn</strong></span> <span class='ocrx_word' id='word_1_184' title='bbox 242 2011 357 2069; x_wconf 74' lang='lat' dir='ltr'><strong>asperum</strong></span> <span class='ocrx_word' id='word_1_185' title='bbox 376 2003 502 2053; x_wconf 87' lang='lat' dir='ltr'><strong>domorum</strong></span> <span class='ocrx_word' id='word_1_186' title='bbox 520 2003 654 2052; x_wconf 81' lang='lat' dir='ltr'><strong>interstitia</strong></span> <span class='ocrx_word' id='word_1_187' title='bbox 673 2004 834 2052; x_wconf 72' lang='lat' dir='ltr'><strong>conadtnunt.</strong></span> 
     </span>
    </p>
   </div>
   <div class='ocr_carea' id='block_1_5' title="bbox 162 2072 1520 3399">
    <p class='ocr_par' dir='ltr' id='par_1_5' title="bbox 162 2072 1520 3399">
     <span class='ocr_line' id='line_1_19' title="bbox 252 2072 1518 2156; baseline -0.002 -18"><span class='ocrx_word' id='word_1_188' title='bbox 252 2076 457 2156; x_wconf 88' lang='lat' dir='ltr'><strong>Keplerns:</strong></span> <span class='ocrx_word' id='word_1_189' title='bbox 491 2074 629 2150; x_wconf 87' lang='lat' dir='ltr'><strong>Miraris,</strong></span> <span class='ocrx_word' id='word_1_190' title='bbox 664 2074 743 2155; x_wconf 90' lang='lat' dir='ltr'><strong>qnod</strong></span> <span class='ocrx_word' id='word_1_191' title='bbox 767 2092 921 2136; x_wconf 87' lang='lat' dir='ltr'><strong>nnmerum</strong></span> <span class='ocrx_word' id='word_1_192' title='bbox 937 2074 1094 2135; x_wconf 85' lang='lat' dir='ltr'><strong>domorum</strong></span> <span class='ocrx_word' id='word_1_193' title='bbox 1118 2072 1307 2147; x_wconf 90' lang='lat' dir='ltr'><strong>imminuam,</strong></span> <span class='ocrx_word' id='word_1_194' title='bbox 1341 2083 1518 2154; x_wconf 80' lang='lat' dir='ltr'><strong>aspectuum</strong></span> 
     </span>
     <span class='ocr_line' id='line_1_20' title="bbox 162 2160 1520 2246; baseline -0.003 -17"><span class='ocrx_word' id='word_1_195' title='bbox 162 2165 315 2246; x_wconf 84' lang='lat' dir='ltr'><strong>augeam?</strong></span> <span class='ocrx_word' id='word_1_196' title='bbox 361 2162 442 2234; x_wconf 84' lang='lat' dir='ltr'><strong>Quia</strong></span> <span class='ocrx_word' id='word_1_197' title='bbox 464 2162 539 2225; x_wconf 93' lang='lat' dir='ltr'><strong>illud</strong></span> <span class='ocrx_word' id='word_1_198' title='bbox 563 2162 699 2223; x_wconf 89' lang='lat' dir='ltr'><strong>homines</strong></span> <span class='ocrx_word' id='word_1_199' title='bbox 723 2171 902 2237; x_wconf 84' lang='lat' dir='ltr'><strong>sanxerunt,</strong></span> <span class='ocrx_word' id='word_1_200' title='bbox 928 2163 984 2224; x_wconf 89' lang='lat' dir='ltr'><strong>hoc</strong></span> <span class='ocrx_word' id='word_1_201' title='bbox 1008 2168 1126 2223; x_wconf 91' lang='lat' dir='ltr'><strong>natura.</strong></span> <span class='ocrx_word' id='word_1_202' title='bbox 1172 2160 1225 2223; x_wconf 86' lang='lat' dir='ltr'><strong>Sic</strong></span> <span class='ocrx_word' id='word_1_203' title='bbox 1248 2162 1321 2223; x_wconf 91' lang='lat' dir='ltr'><strong>mihi</strong></span> <span class='ocrx_word' id='word_1_204' title='bbox 1345 2163 1520 2226; x_wconf 90' lang='lat' dir='ltr'><strong>demonstra</strong></span> 
     </span>
     <span class='ocr_line' id='line_1_21' title="bbox 162 2250 1519 2337; baseline -0.004 -20"><span class='ocrx_word' id='word_1_205' title='bbox 162 2264 286 2317; x_wconf 88' lang='lat' dir='ltr'><strong>veteres</strong></span> <span class='ocrx_word' id='word_1_206' title='bbox 310 2253 426 2324; x_wconf 87' lang='lat' dir='ltr'><strong>domus,</strong></span> <span class='ocrx_word' id='word_1_207' title='bbox 451 2260 486 2313; x_wconf 92' lang='lat' dir='ltr'><strong>ut</strong></span> <span class='ocrx_word' id='word_1_208' title='bbox 508 2270 565 2330; x_wconf 91' lang='lat' dir='ltr'><strong>ego</strong></span> <span class='ocrx_word' id='word_1_209' title='bbox 589 2251 645 2312; x_wconf 91' lang='lat' dir='ltr'><strong>tibi</strong></span> <span class='ocrx_word' id='word_1_210' title='bbox 665 2260 928 2337; x_wconf 22' lang='lat' dir='ltr'><strong>novospaspectus.</strong></span> <span class='ocrx_word' id='word_1_211' title='bbox 974 2250 1136 2312; x_wconf 88' lang='lat' dir='ltr'><strong>Rationem</strong></span> <span class='ocrx_word' id='word_1_212' title='bbox 1151 2250 1244 2312; x_wconf 88' lang='lat' dir='ltr'><strong>redde</strong></span> <span class='ocrx_word' id='word_1_213' title='bbox 1259 2251 1390 2326; x_wconf 89' lang='lat' dir='ltr'><strong>nnmeri;</strong></span> <span class='ocrx_word' id='word_1_214' title='bbox 1413 2252 1519 2331; x_wconf 90' lang='lat' dir='ltr'><strong>proba,</strong></span> 
     </span>
     <span class='ocr_line' id='line_1_22' title="bbox 163 2339 1518 2427; baseline -0.003 -21"><span class='ocrx_word' id='word_1_215' title='bbox 163 2344 266 2427; x_wconf 84' lang='lat' dir='ltr'><strong>plnres</strong></span> <span class='ocrx_word' id='word_1_216' title='bbox 294 2350 326 2404; x_wconf 89' lang='lat' dir='ltr'><strong>et</strong></span> <span class='ocrx_word' id='word_1_217' title='bbox 354 2339 511 2422; x_wconf 88' lang='lat' dir='ltr'><strong>panciores</strong></span> <span class='ocrx_word' id='word_1_218' title='bbox 542 2358 610 2402; x_wconf 84' lang='lat' dir='ltr'><strong>esse</strong></span> <span class='ocrx_word' id='word_1_219' title='bbox 640 2359 698 2400; x_wconf 92' lang='lat' dir='ltr'><strong>non</strong></span> <span class='ocrx_word' id='word_1_220' title='bbox 722 2356 827 2420; x_wconf 90' lang='lat' dir='ltr'><strong>posse;</strong></span> <span class='ocrx_word' id='word_1_221' title='bbox 862 2340 957 2401; x_wconf 88' lang='lat' dir='ltr'><strong>deduc</strong></span> <span class='ocrx_word' id='word_1_222' title='bbox 980 2358 1102 2401; x_wconf 88' lang='lat' dir='ltr'><strong>causam</strong></span> <span class='ocrx_word' id='word_1_223' title='bbox 1133 2356 1171 2399; x_wconf 84' lang='lat' dir='ltr'><strong>ex</strong></span> <span class='ocrx_word' id='word_1_224' title='bbox 1194 2339 1260 2419; x_wconf 90' lang='lat' dir='ltr'><strong>ipso</strong></span> <span class='ocrx_word' id='word_1_225' title='bbox 1284 2340 1386 2402; x_wconf 90' lang='lat' dir='ltr'><strong>mnndi</strong></span> <span class='ocrx_word' id='word_1_226' title='bbox 1410 2341 1518 2403; x_wconf 89' lang='lat' dir='ltr'><strong>arche-</strong></span> 
     </span>
     <span class='ocr_line' id='line_1_23' title="bbox 162 2427 1519 2517; baseline -0.004 -21"><span class='ocrx_word' id='word_1_227' title='bbox 162 2444 251 2517; x_wconf 84' lang='lat' dir='ltr'><strong>typo,</strong></span> <span class='ocrx_word' id='word_1_228' title='bbox 286 2452 323 2493; x_wconf 83' lang='lat' dir='ltr'><strong>ex</strong></span> <span class='ocrx_word' id='word_1_229' title='bbox 346 2429 545 2511; x_wconf 87' lang='lat' dir='ltr'><strong>geometriae,</strong></span> <span class='ocrx_word' id='word_1_230' title='bbox 581 2428 728 2509; x_wconf 90' lang='lat' dir='ltr'><strong>genuinae</strong></span> <span class='ocrx_word' id='word_1_231' title='bbox 752 2429 884 2504; x_wconf 90' lang='lat' dir='ltr'><strong>scilicet,</strong></span> <span class='ocrx_word' id='word_1_232' title='bbox 919 2427 1092 2509; x_wconf 89' lang='lat' dir='ltr'><strong>principiis,</strong></span> <span class='ocrx_word' id='word_1_233' title='bbox 1125 2428 1252 2490; x_wconf 88' lang='lat' dir='ltr'><strong>ostende</strong></span> <span class='ocrx_word' id='word_1_234' title='bbox 1276 2429 1416 2509; x_wconf 77' lang='lat' dir='ltr'><strong>exempla</strong></span> <span class='ocrx_word' id='word_1_235' title='bbox 1438 2428 1519 2491; x_wconf 88' lang='lat' dir='ltr'><strong>illius</strong></span> 
     </span>
     <span class='ocr_line' id='line_1_24' title="bbox 164 2514 1519 2611; baseline -0.005 -25"><span class='ocrx_word' id='word_1_236' title='bbox 164 2520 388 2586; x_wconf 88' lang='lat' dir='ltr'><strong>distributionis</strong></span> <span class='ocrx_word' id='word_1_237' title='bbox 419 2514 542 2581; x_wconf 90' lang='lat' dir='ltr'><strong>indubia</strong></span> <span class='ocrx_word' id='word_1_238' title='bbox 565 2528 598 2580; x_wconf 87' lang='lat' dir='ltr'><strong>et</strong></span> <span class='ocrx_word' id='word_1_239' title='bbox 621 2517 795 2596; x_wconf 89' lang='lat' dir='ltr'><strong>splendida;</strong></span> <span class='ocrx_word' id='word_1_240' title='bbox 826 2518 952 2598; x_wconf 91' lang='lat' dir='ltr'><strong>deniqne</strong></span> <span class='ocrx_word' id='word_1_241' title='bbox 977 2517 1118 2611; x_wconf 73' lang='lat' dir='ltr'><strong>ostende,</strong></span> <span class='ocrx_word' id='word_1_242' title='bbox 1141 2516 1173 2577; x_wconf 92' lang='lat' dir='ltr'><strong>in</strong></span> <span class='ocrx_word' id='word_1_243' title='bbox 1195 2517 1321 2597; x_wconf 91' lang='lat' dir='ltr'><strong>proclivi</strong></span> <span class='ocrx_word' id='word_1_244' title='bbox 1346 2537 1429 2590; x_wconf 88' lang='lat' dir='ltr'><strong>esse,</strong></span> <span class='ocrx_word' id='word_1_245' title='bbox 1463 2537 1519 2579; x_wconf 84' lang='lat' dir='ltr'><strong>ex-</strong></span> 
     </span>
     <span class='ocr_line' id='line_1_25' title="bbox 164 2606 1519 2693; baseline -0.004 -20"><span class='ocrx_word' id='word_1_246' title='bbox 164 2612 345 2693; x_wconf 88' lang='lat' dir='ltr'><strong>perientiam</strong></span> <span class='ocrx_word' id='word_1_247' title='bbox 369 2626 493 2689; x_wconf 88' lang='lat' dir='ltr'><strong>capere,</strong></span> <span class='ocrx_word' id='word_1_248' title='bbox 518 2626 574 2668; x_wconf 88' lang='lat' dir='ltr'><strong>nec</strong></span> <span class='ocrx_word' id='word_1_249' title='bbox 599 2607 707 2668; x_wconf 85' lang='lat' dir='ltr'><strong>leviter</strong></span> <span class='ocrx_word' id='word_1_250' title='bbox 730 2608 899 2687; x_wconf 89' lang='lat' dir='ltr'><strong>capientem</strong></span> <span class='ocrx_word' id='word_1_251' title='bbox 924 2607 1030 2668; x_wconf 89' lang='lat' dir='ltr'><strong>fallere</strong></span> <span class='ocrx_word' id='word_1_252' title='bbox 1054 2606 1146 2681; x_wconf 88' lang='lat' dir='ltr'><strong>hanc,</strong></span> <span class='ocrx_word' id='word_1_253' title='bbox 1172 2624 1226 2666; x_wconf 92' lang='lat' dir='ltr'><strong>nec</strong></span> <span class='ocrx_word' id='word_1_254' title='bbox 1251 2606 1467 2685; x_wconf 87' lang='lat' dir='ltr'><strong>ambiguitates</strong></span> <span class='ocrx_word' id='word_1_255' title='bbox 1490 2607 1519 2668; x_wconf 93' lang='lat' dir='ltr'><strong>in</strong></span> 
     </span>
     <span class='ocr_line' id='line_1_26' title="bbox 164 2693 1520 2781; baseline -0.004 -19"><span class='ocrx_word' id='word_1_256' title='bbox 164 2699 348 2781; x_wconf 83' lang='lat' dir='ltr'><strong>experiundo</strong></span> <span class='ocrx_word' id='word_1_257' title='bbox 373 2696 473 2776; x_wconf 88' lang='lat' dir='ltr'><strong>objici.</strong></span> <span class='ocrx_word' id='word_1_258' title='bbox 520 2696 606 2757; x_wconf 90' lang='lat' dir='ltr'><strong>Haec</strong></span> <span class='ocrx_word' id='word_1_259' title='bbox 631 2695 732 2757; x_wconf 89' lang='lat' dir='ltr'><strong>omnia</strong></span> <span class='ocrx_word' id='word_1_260' title='bbox 755 2696 814 2756; x_wconf 83' lang='lat' dir='ltr'><strong>feci</strong></span> <span class='ocrx_word' id='word_1_261' title='bbox 837 2696 913 2756; x_wconf 91' lang='lat' dir='ltr'><strong>meis</strong></span> <span class='ocrx_word' id='word_1_262' title='bbox 929 2694 1115 2773; x_wconf 86' lang='lat' dir='ltr'><strong>aspectibus.</strong></span> <span class='ocrx_word' id='word_1_263' title='bbox 1162 2693 1299 2756; x_wconf 89' lang='lat' dir='ltr'><strong>Proclivo</strong></span> <span class='ocrx_word' id='word_1_264' title='bbox 1323 2694 1380 2757; x_wconf 90' lang='lat' dir='ltr'><strong>tibi</strong></span> <span class='ocrx_word' id='word_1_265' title='bbox 1400 2703 1449 2756; x_wconf 92' lang='lat' dir='ltr'><strong>est</strong></span> <span class='ocrx_word' id='word_1_266' title='bbox 1472 2695 1520 2756; x_wconf 78' lang='lat' dir='ltr'><strong>uel</strong></span> 
     </span>
     <span class='ocr_line' id='line_1_27' title="bbox 165 2783 1518 2870; baseline -0.006 -19"><span class='ocrx_word' id='word_1_267' title='bbox 165 2791 271 2870; x_wconf 91' lang='lat' dir='ltr'><strong>cuique</strong></span> <span class='ocrx_word' id='word_1_268' title='bbox 295 2786 357 2865; x_wconf 88' lang='lat' dir='ltr'><strong>alii,</strong></span> <span class='ocrx_word' id='word_1_269' title='bbox 382 2806 420 2846; x_wconf 90' lang='lat' dir='ltr'><strong>ex</strong></span> <span class='ocrx_word' id='word_1_270' title='bbox 443 2784 529 2846; x_wconf 82' lang='lat' dir='ltr'><strong>novis</strong></span> <span class='ocrx_word' id='word_1_271' title='bbox 553 2783 726 2864; x_wconf 88' lang='lat' dir='ltr'><strong>aspectibus</strong></span> <span class='ocrx_word' id='word_1_272' title='bbox 750 2794 782 2845; x_wconf 88' lang='lat' dir='ltr'><strong>ct</strong></span> <span class='ocrx_word' id='word_1_273' title='bbox 796 2803 890 2845; x_wconf 87' lang='lat' dir='ltr'><strong>novas</strong></span> <span class='ocrx_word' id='word_1_274' title='bbox 906 2783 1055 2844; x_wconf 86' lang='lat' dir='ltr'><strong>fabricare</strong></span> <span class='ocrx_word' id='word_1_275' title='bbox 1071 2783 1185 2855; x_wconf 88' lang='lat' dir='ltr'><strong>domus,</strong></span> <span class='ocrx_word' id='word_1_276' title='bbox 1211 2783 1290 2862; x_wconf 91' lang='lat' dir='ltr'><strong>quia,</strong></span> <span class='ocrx_word' id='word_1_277' title='bbox 1316 2801 1363 2844; x_wconf 92' lang='lat' dir='ltr'><strong>me</strong></span> <span class='ocrx_word' id='word_1_278' title='bbox 1378 2784 1518 2857; x_wconf 86' lang='lat' dir='ltr'><strong>Hercule,</strong></span> 
     </span>
     <span class='ocr_line' id='line_1_28' title="bbox 167 2871 1518 2959; baseline -0.007 -19"><span class='ocrx_word' id='word_1_279' title='bbox 167 2898 256 2959; x_wconf 90' lang='lat' dir='ltr'><strong>qnam</strong></span> <span class='ocrx_word' id='word_1_280' title='bbox 284 2894 400 2958; x_wconf 89' lang='lat' dir='ltr'><strong>paucae</strong></span> <span class='ocrx_word' id='word_1_281' title='bbox 429 2882 500 2935; x_wconf 89' lang='lat' dir='ltr'><strong>sunt</strong></span> <span class='ocrx_word' id='word_1_282' title='bbox 533 2874 571 2935; x_wconf 89' lang='lat' dir='ltr'><strong>ad</strong></span> <span class='ocrx_word' id='word_1_283' title='bbox 595 2873 835 2952; x_wconf 90' lang='lat' dir='ltr'><strong>respondendnm</strong></span> <span class='ocrx_word' id='word_1_284' title='bbox 868 2872 907 2933; x_wconf 91' lang='lat' dir='ltr'><strong>ad</strong></span> <span class='ocrx_word' id='word_1_285' title='bbox 932 2871 1031 2932; x_wconf 89' lang='lat' dir='ltr'><strong>omnia</strong></span> <span class='ocrx_word' id='word_1_286' title='bbox 1053 2872 1251 2949; x_wconf 90' lang='lat' dir='ltr'><strong>interrogata.</strong></span> <span class='ocrx_word' id='word_1_287' title='bbox 1299 2872 1343 2932; x_wconf 89' lang='lat' dir='ltr'><strong>Tu</strong></span> <span class='ocrx_word' id='word_1_288' title='bbox 1368 2890 1438 2933; x_wconf 88' lang='lat' dir='ltr'><strong>vero</strong></span> <span class='ocrx_word' id='word_1_289' title='bbox 1463 2873 1518 2932; x_wconf 87' lang='lat' dir='ltr'><strong>de-</strong></span> 
     </span>
     <span class='ocr_line' id='line_1_29' title="bbox 164 2960 1518 3041; baseline -0.007 -12"><span class='ocrx_word' id='word_1_290' title='bbox 164 2975 299 3029; x_wconf 86' lang='lat' dir='ltr'><strong>monstra</strong></span> <span class='ocrx_word' id='word_1_291' title='bbox 331 2972 384 3028; x_wconf 89' lang='lat' dir='ltr'><strong>aut</strong></span> <span class='ocrx_word' id='word_1_292' title='bbox 407 2983 425 3024; x_wconf 93' lang='lat' dir='ltr'><strong>a</strong></span> <span class='ocrx_word' id='word_1_293' title='bbox 447 2962 625 3024; x_wconf 86' lang='lat' dir='ltr'><strong>Ptolemaeo</strong></span> <span class='ocrx_word' id='word_1_294' title='bbox 658 2970 843 3041; x_wconf 82' lang='lat' dir='ltr'><strong>usurpatum-</strong></span> <span class='ocrx_word' id='word_1_295' title='bbox 864 2960 1093 3034; x_wconf 89' lang='lat' dir='ltr'><strong>duodenarium,</strong></span> <span class='ocrx_word' id='word_1_296' title='bbox 1127 2966 1179 3019; x_wconf 90' lang='lat' dir='ltr'><strong>ant</strong></span> <span class='ocrx_word' id='word_1_297' title='bbox 1212 2960 1276 3022; x_wconf 88' lang='lat' dir='ltr'><strong>alia</strong></span> <span class='ocrx_word' id='word_1_298' title='bbox 1303 2960 1340 3021; x_wconf 91' lang='lat' dir='ltr'><strong>ab</strong></span> <span class='ocrx_word' id='word_1_299' title='bbox 1365 2961 1518 3022; x_wconf 85' lang='lat' dir='ltr'><strong>Arabibns</strong></span> 
     </span>
     <span class='ocr_line' id='line_1_30' title="bbox 165 3047 1519 3129; baseline -0.006 -12"><span class='ocrx_word' id='word_1_300' title='bbox 165 3056 349 3117; x_wconf 91' lang='lat' dir='ltr'><strong>introducta.</strong></span> <span class='ocrx_word' id='word_1_301' title='bbox 396 3051 487 3123; x_wconf 83' lang='lat' dir='ltr'><strong>Quod</strong></span> <span class='ocrx_word' id='word_1_302' title='bbox 516 3069 589 3112; x_wconf 85' lang='lat' dir='ltr'><strong>vero</strong></span> <span class='ocrx_word' id='word_1_303' title='bbox 622 3050 769 3112; x_wconf 90' lang='lat' dir='ltr'><strong>rationem</strong></span> <span class='ocrx_word' id='word_1_304' title='bbox 802 3050 839 3112; x_wconf 89' lang='lat' dir='ltr'><strong>ab</strong></span> <span class='ocrx_word' id='word_1_305' title='bbox 868 3048 1043 3129; x_wconf 88' lang='lat' dir='ltr'><strong>aspectibus</strong></span> <span class='ocrx_word' id='word_1_306' title='bbox 1077 3047 1180 3120; x_wconf 87' lang='lat' dir='ltr'><strong>ducis,</strong></span> <span class='ocrx_word' id='word_1_307' title='bbox 1214 3049 1346 3111; x_wconf 87' lang='lat' dir='ltr'><strong>concedo</strong></span> <span class='ocrx_word' id='word_1_308' title='bbox 1375 3048 1430 3110; x_wconf 87' lang='lat' dir='ltr'><strong>tibi</strong></span> <span class='ocrx_word' id='word_1_309' title='bbox 1462 3049 1519 3110; x_wconf 88' lang='lat' dir='ltr'><strong>hoc</strong></span> 
     </span>
     <span class='ocr_line' id='line_1_31' title="bbox 166 3136 1519 3226; baseline -0.006 -22"><span class='ocrx_word' id='word_1_310' title='bbox 166 3155 257 3226; x_wconf 92' lang='lat' dir='ltr'><strong>pactu</strong></span> <span class='ocrx_word' id='word_1_311' title='bbox 282 3144 396 3215; x_wconf 89' lang='lat' dir='ltr'><strong>domna,</strong></span> <span class='ocrx_word' id='word_1_312' title='bbox 420 3150 454 3203; x_wconf 92' lang='lat' dir='ltr'><strong>ut</strong></span> <span class='ocrx_word' id='word_1_313' title='bbox 476 3140 539 3202; x_wconf 91' lang='lat' dir='ltr'><strong>sint</strong></span> <span class='ocrx_word' id='word_1_314' title='bbox 565 3140 595 3201; x_wconf 91' lang='lat' dir='ltr'><strong>iu</strong></span> <span class='ocrx_word' id='word_1_315' title='bbox 618 3139 773 3219; x_wconf 88' lang='lat' dir='ltr'><strong>patiendo,</strong></span> <span class='ocrx_word' id='word_1_316' title='bbox 797 3139 876 3220; x_wconf 90' lang='lat' dir='ltr'><strong>qnod</strong></span> <span class='ocrx_word' id='word_1_317' title='bbox 898 3139 1022 3219; x_wconf 91' lang='lat' dir='ltr'><strong>planeta</strong></span> <span class='ocrx_word' id='word_1_318' title='bbox 1045 3138 1074 3200; x_wconf 91' lang='lat' dir='ltr'><strong>in</strong></span> <span class='ocrx_word' id='word_1_319' title='bbox 1090 3137 1218 3216; x_wconf 89' lang='lat' dir='ltr'><strong>agendo.</strong></span> <span class='ocrx_word' id='word_1_320' title='bbox 1264 3136 1306 3198; x_wconf 85' lang='lat' dir='ltr'><strong>Et</strong></span> <span class='ocrx_word' id='word_1_321' title='bbox 1325 3146 1424 3199; x_wconf 92' lang='lat' dir='ltr'><strong>tamen</strong></span> <span class='ocrx_word' id='word_1_322' title='bbox 1440 3138 1519 3198; x_wconf 91' lang='lat' dir='ltr'><strong>malo</strong></span> 
     </span>
     <span class='ocr_line' id='line_1_32' title="bbox 168 3225 1520 3308; baseline -0.004 -14"><span class='ocrx_word' id='word_1_323' title='bbox 168 3233 284 3305; x_wconf 90' lang='lat' dir='ltr'><strong>dicere,</strong></span> <span class='ocrx_word' id='word_1_324' title='bbox 310 3230 471 3293; x_wconf 87' lang='lat' dir='ltr'><strong>Saturnum</strong></span> <span class='ocrx_word' id='word_1_325' title='bbox 494 3230 523 3291; x_wconf 88' lang='lat' dir='ltr'><strong>in</strong></span> <span class='ocrx_word' id='word_1_326' title='bbox 548 3229 650 3291; x_wconf 81' lang='lat' dir='ltr'><strong>sextili</strong></span> <span class='ocrx_word' id='word_1_327' title='bbox 669 3228 762 3291; x_wconf 90' lang='lat' dir='ltr'><strong>Medii</strong></span> <span class='ocrx_word' id='word_1_328' title='bbox 777 3226 872 3301; x_wconf 85' lang='lat' dir='ltr'><strong>Coeli,</strong></span> <span class='ocrx_word' id='word_1_329' title='bbox 897 3247 984 3308; x_wconf 87' lang='lat' dir='ltr'><strong>qnam</strong></span> <span class='ocrx_word' id='word_1_330' title='bbox 1009 3227 1037 3289; x_wconf 92' lang='lat' dir='ltr'><strong>in</strong></span> <span class='ocrx_word' id='word_1_331' title='bbox 1053 3225 1230 3288; x_wconf 90' lang='lat' dir='ltr'><strong>duodecima</strong></span> <span class='ocrx_word' id='word_1_332' title='bbox 1244 3225 1341 3301; x_wconf 91' lang='lat' dir='ltr'><strong>domo,</strong></span> <span class='ocrx_word' id='word_1_333' title='bbox 1367 3226 1425 3288; x_wconf 93' lang='lat' dir='ltr'><strong>nisi</strong></span> <span class='ocrx_word' id='word_1_334' title='bbox 1441 3226 1520 3307; x_wconf 90' lang='lat' dir='ltr'><strong>quod</strong></span> 
     </span>
     <span class='ocr_line' id='line_1_33' title="bbox 169 3315 1519 3399; baseline -0.005 -15"><span class='ocrx_word' id='word_1_335' title='bbox 169 3331 202 3383; x_wconf 88' lang='lat' dir='ltr'><strong>et</strong></span> <span class='ocrx_word' id='word_1_336' title='bbox 223 3319 391 3384; x_wconf 90' lang='lat' dir='ltr'><strong>memoriam</strong></span> <span class='ocrx_word' id='word_1_337' title='bbox 411 3319 500 3399; x_wconf 90' lang='lat' dir='ltr'><strong>juvat</strong></span> <span class='ocrx_word' id='word_1_338' title='bbox 523 3317 705 3380; x_wconf 89' lang='lat' dir='ltr'><strong>distributio.</strong></span> <span class='ocrx_word' id='word_1_339' title='bbox 750 3318 819 3381; x_wconf 91' lang='lat' dir='ltr'><strong>Non</strong></span> <span class='ocrx_word' id='word_1_340' title='bbox 842 3335 953 3398; x_wconf 88' lang='lat' dir='ltr'><strong>pugno,</strong></span> <span class='ocrx_word' id='word_1_341' title='bbox 979 3326 1013 3379; x_wconf 89' lang='lat' dir='ltr'><strong>nt</strong></span> <span class='ocrx_word' id='word_1_342' title='bbox 1035 3317 1091 3378; x_wconf 90' lang='lat' dir='ltr'><strong>has</strong></span> <span class='ocrx_word' id='word_1_343' title='bbox 1110 3315 1275 3391; x_wconf 87' lang='lat' dir='ltr'><strong>destruam,</strong></span> <span class='ocrx_word' id='word_1_344' title='bbox 1301 3315 1356 3378; x_wconf 91' lang='lat' dir='ltr'><strong>sed</strong></span> <span class='ocrx_word' id='word_1_345' title='bbox 1376 3335 1519 3397; x_wconf 89' lang='lat' dir='ltr'><strong>repugno,</strong></span> 
     </span>
    </p>
   </div>
   <div class='ocr_carea' id='block_1_6' title="bbox 167 3407 1606 3559">
    <p class='ocr_par' dir='ltr' id='par_1_6' title="bbox 167 3407 1606 3559">
     <span class='ocr_line' id='line_1_34' title="bbox 167 3407 1606 3478; baseline -0.011 -6"><span class='ocrx_word' id='word_1_346' title='bbox 167 3430 205 3473; x_wconf 90' lang='lat' dir='ltr'><strong>ne</strong></span> <span class='ocrx_word' id='word_1_347' title='bbox 228 3410 382 3472; x_wconf 88' lang='lat' dir='ltr'><strong>aedificem</strong></span> <span class='ocrx_word' id='word_1_348' title='bbox 406 3417 459 3470; x_wconf 90' lang='lat' dir='ltr'><strong>ant</strong></span> <span class='ocrx_word' id='word_1_349' title='bbox 482 3408 612 3469; x_wconf 88' lang='lat' dir='ltr'><strong>sarciam</strong></span> <span class='ocrx_word' id='word_1_350' title='bbox 635 3407 713 3468; x_wconf 89' lang='lat' dir='ltr'><strong>illos.</strong></span> <span class='ocrx_word' id='word_1_351' title='bbox 1602 3470 1606 3478; x_wconf 28' lang='grc' dir='ltr'>Ι</span> 
     </span>
     <span class='ocr_line' id='line_1_35' title="bbox 237 3492 1519 3559; baseline -0.005 -10"><span class='ocrx_word' id='word_1_352' title='bbox 237 3498 419 3549; x_wconf 82' lang='lat' dir='ltr'><strong>Fabricius:</strong></span> <span class='ocrx_word' id='word_1_353' title='bbox 448 3496 597 3558; x_wconf 82' lang='lat' dir='ltr'><strong>Quaeritur,</strong></span> <span class='ocrx_word' id='word_1_354' title='bbox 624 3510 658 3545; x_wconf 85' lang='lat' dir='ltr'><strong>an</strong></span> <span class='ocrx_word' id='word_1_355' title='bbox 675 3496 779 3559; x_wconf 83' lang='lat' dir='ltr'><strong>planeta</strong></span> <span class='ocrx_word' id='word_1_356' title='bbox 800 3496 874 3557; x_wconf 78' lang='lat' dir='ltr'><strong>Juxta</strong></span> <span class='ocrx_word' id='word_1_357' title='bbox 894 3492 1107 3544; x_wconf 86' lang='lat' dir='ltr'><strong>latitudinem</strong></span> <span class='ocrx_word' id='word_1_358' title='bbox 1125 3492 1309 3558; x_wconf 86' lang='lat' dir='ltr'><strong>dirigendus</strong></span> <span class='ocrx_word' id='word_1_359' title='bbox 1327 3494 1361 3543; x_wconf 87' lang='lat' dir='ltr'><strong>slt</strong></span> <span class='ocrx_word' id='word_1_360' title='bbox 1379 3492 1412 3543; x_wconf 85' lang='lat' dir='ltr'><strong>ad</strong></span> <span class='ocrx_word' id='word_1_361' title='bbox 1431 3504 1519 3543; x_wconf 72' lang='lat' dir='ltr'><strong>meeu-</strong></span> 
     </span>
    </p>
   </div>
   <div class='ocr_carea' id='block_1_7' title="bbox 163 3564 1612 4290">
    <p class='ocr_par' dir='ltr' id='par_1_7' title="bbox 164 3564 1521 3852">
     <span class='ocr_line' id='line_1_36' title="bbox 165 3564 1521 3629; baseline -0.007 -7"><span class='ocrx_word' id='word_1_362' title='bbox 165 3571 266 3622; x_wconf 84' lang='lat' dir='ltr'><strong>dentem</strong></span> <span class='ocrx_word' id='word_1_363' title='bbox 291 3571 330 3620; x_wconf 82' lang='lat' dir='ltr'><strong>rei</strong></span> <span class='ocrx_word' id='word_1_364' title='bbox 348 3569 445 3625; x_wconf 85' lang='lat' dir='ltr'><strong>Solem,</strong></span> <span class='ocrx_word' id='word_1_365' title='bbox 469 3568 508 3618; x_wconf 86' lang='lat' dir='ltr'><strong>roi</strong></span> <span class='ocrx_word' id='word_1_366' title='bbox 533 3570 587 3617; x_wconf 89' lang='lat' dir='ltr'><strong>siue</strong></span> <span class='ocrx_word' id='word_1_367' title='bbox 613 3565 762 3616; x_wconf 76' lang='lat' dir='ltr'><strong>latitudine?</strong></span> <span class='ocrx_word' id='word_1_368' title='bbox 798 3564 887 3629; x_wconf 73' lang='lat' dir='ltr'><strong>Magni</strong></span> <span class='ocrx_word' id='word_1_369' title='bbox 914 3565 1032 3614; x_wconf 86' lang='lat' dir='ltr'><strong>momenti</strong></span> <span class='ocrx_word' id='word_1_370' title='bbox 1050 3579 1090 3614; x_wconf 82' lang='lat' dir='ltr'><strong>ren</strong></span> <span class='ocrx_word' id='word_1_371' title='bbox 1109 3572 1161 3623; x_wconf 78' lang='lat' dir='ltr'><strong>ost,</strong></span> <span class='ocrx_word' id='word_1_372' title='bbox 1191 3570 1217 3614; x_wconf 89' lang='lat' dir='ltr'><strong>et</strong></span> <span class='ocrx_word' id='word_1_373' title='bbox 1235 3565 1260 3613; x_wconf 91' lang='lat' dir='ltr'><strong>in</strong></span> <span class='ocrx_word' id='word_1_374' title='bbox 1279 3565 1454 3615; x_wconf 85' lang='lat' dir='ltr'><strong>directionibus</strong></span> <span class='ocrx_word' id='word_1_375' title='bbox 1471 3579 1521 3613; x_wconf 91' lang='lat' dir='ltr'><strong>uon</strong></span> 
     </span>
     <span class='ocr_line' id='line_1_37' title="bbox 166 3635 1521 3708; baseline -0.007 -14"><span class='ocrx_word' id='word_1_376' title='bbox 166 3658 270 3708; x_wconf 82' lang='lat' dir='ltr'><strong>parram</strong></span> <span class='ocrx_word' id='word_1_377' title='bbox 287 3643 349 3693; x_wconf 83' lang='lat' dir='ltr'><strong>lacit</strong></span> <span class='ocrx_word' id='word_1_378' title='bbox 367 3639 542 3691; x_wconf 63' lang='lat' dir='ltr'><strong>Maroneam.</strong></span> <span class='ocrx_word' id='word_1_379' title='bbox 579 3639 631 3703; x_wconf 85' lang='lat' dir='ltr'><strong>Ego</strong></span> <span class='ocrx_word' id='word_1_380' title='bbox 649 3638 721 3686; x_wconf 83' lang='lat' dir='ltr'><strong>rideo</strong></span> <span class='ocrx_word' id='word_1_381' title='bbox 739 3636 820 3699; x_wconf 81' lang='lat' dir='ltr'><strong>potim</strong></span> <span class='ocrx_word' id='word_1_382' title='bbox 839 3637 892 3686; x_wconf 85' lang='lat' dir='ltr'><strong>siue</strong></span> <span class='ocrx_word' id='word_1_383' title='bbox 911 3635 1042 3685; x_wconf 79' lang='lat' dir='ltr'><strong>latitudine</strong></span> <span class='ocrx_word' id='word_1_384' title='bbox 1056 3635 1204 3686; x_wconf 68' lang='lat' dir='ltr'><strong>dimotiom</strong></span> <span class='ocrx_word' id='word_1_385' title='bbox 1216 3637 1374 3699; x_wconf 60' lang='lat' dir='ltr'><strong>respondem</strong></span> <span class='ocrx_word' id='word_1_386' title='bbox 1394 3638 1452 3700; x_wconf 83' lang='lat' dir='ltr'><strong>qnia</strong></span> <span class='ocrx_word' id='word_1_387' title='bbox 1463 3636 1521 3685; x_wconf 81' lang='lat' dir='ltr'><strong>lati·</strong></span> 
     </span>
     <span class='ocr_line' id='line_1_38' title="bbox 164 3705 1520 3776; baseline -0.007 -11"><span class='ocrx_word' id='word_1_388' title='bbox 164 3715 258 3765; x_wconf 74' lang='lat' dir='ltr'><strong>urdinis</strong></span> <span class='ocrx_word' id='word_1_389' title='bbox 276 3715 311 3763; x_wconf 82' lang='lat' dir='ltr'><strong>ris</strong></span> <span class='ocrx_word' id='word_1_390' title='bbox 330 3721 369 3763; x_wconf 81' lang='lat' dir='ltr'><strong>est</strong></span> <span class='ocrx_word' id='word_1_391' title='bbox 386 3714 412 3761; x_wconf 92' lang='lat' dir='ltr'><strong>in</strong></span> <span class='ocrx_word' id='word_1_392' title='bbox 430 3711 510 3775; x_wconf 86' lang='lat' dir='ltr'><strong>gradu</strong></span> <span class='ocrx_word' id='word_1_393' title='bbox 526 3708 695 3776; x_wconf 83' lang='lat' dir='ltr'><strong>longitudinis,</strong></span> <span class='ocrx_word' id='word_1_394' title='bbox 715 3714 742 3756; x_wconf 89' lang='lat' dir='ltr'><strong>ot</strong></span> <span class='ocrx_word' id='word_1_395' title='bbox 759 3705 864 3770; x_wconf 87' lang='lat' dir='ltr'><strong>planeta</strong></span> <span class='ocrx_word' id='word_1_396' title='bbox 880 3707 977 3756; x_wconf 82' lang='lat' dir='ltr'><strong>ratione</strong></span> <span class='ocrx_word' id='word_1_397' title='bbox 995 3705 1156 3771; x_wconf 78' lang='lat' dir='ltr'><strong>longitudinis</strong></span> <span class='ocrx_word' id='word_1_398' title='bbox 1174 3707 1223 3755; x_wconf 69' lang='lat' dir='ltr'><strong>dm</strong></span> <span class='ocrx_word' id='word_1_399' title='bbox 1245 3706 1340 3756; x_wconf 70' lang='lat' dir='ltr'><strong>rodiam</strong></span> <span class='ocrx_word' id='word_1_400' title='bbox 1354 3709 1520 3772; x_wconf 84' lang='lat' dir='ltr'><strong>consequitur,</strong></span> 
     </span>
     <span class='ocr_line' id='line_1_39' title="bbox 165 3783 509 3852; baseline -0.02 -15"><span class='ocrx_word' id='word_1_401' title='bbox 165 3800 231 3852; x_wconf 85' lang='lat' dir='ltr'><strong>qnae</strong></span> <span class='ocrx_word' id='word_1_402' title='bbox 249 3784 365 3835; x_wconf 79' lang='lat' dir='ltr'><strong>videlicet</strong></span> <span class='ocrx_word' id='word_1_403' title='bbox 383 3783 418 3832; x_wconf 88' lang='lat' dir='ltr'><strong>illi</strong></span> <span class='ocrx_word' id='word_1_404' title='bbox 435 3783 509 3832; x_wconf 80' lang='lat' dir='ltr'><strong>inest</strong></span> 
     </span>
    </p>

    <p class='ocr_par' dir='ltr' id='par_1_8' title="bbox 163 3843 1612 4290">
     <span class='ocr_line' id='line_1_40' title="bbox 253 3843 1520 3937; baseline -0.009 -19"><span class='ocrx_word' id='word_1_405' title='bbox 253 3857 463 3937; x_wconf 87' lang='lat' dir='ltr'><strong>Keplerus:</strong></span> <span class='ocrx_word' id='word_1_406' title='bbox 488 3851 594 3931; x_wconf 89' lang='lat' dir='ltr'><strong>Dirigo</strong></span> <span class='ocrx_word' id='word_1_407' title='bbox 618 3850 728 3925; x_wconf 89' lang='lat' dir='ltr'><strong>sidera,</strong></span> <span class='ocrx_word' id='word_1_408' title='bbox 753 3855 788 3909; x_wconf 91' lang='lat' dir='ltr'><strong>ut</strong></span> <span class='ocrx_word' id='word_1_409' title='bbox 810 3847 954 3923; x_wconf 90' lang='lat' dir='ltr'><strong>oriuntur,</strong></span> <span class='ocrx_word' id='word_1_410' title='bbox 981 3848 1019 3908; x_wconf 91' lang='lat' dir='ltr'><strong>ad</strong></span> <span class='ocrx_word' id='word_1_411' title='bbox 1036 3847 1249 3908; x_wconf 88' lang='lat' dir='ltr'><strong>ascendentem</strong></span> <span class='ocrx_word' id='word_1_412' title='bbox 1265 3854 1297 3908; x_wconf 90' lang='lat' dir='ltr'><strong>et</strong></span> <span class='ocrx_word' id='word_1_413' title='bbox 1310 3847 1354 3907; x_wconf 92' lang='grc' dir='ltr'><strong>Μ.</strong></span> <span class='ocrx_word' id='word_1_414' title='bbox 1371 3843 1424 3920; x_wconf 82' lang='grc'><strong>0.,</strong></span> <span class='ocrx_word' id='word_1_415' title='bbox 1442 3865 1520 3925; x_wconf 85' lang='lat' dir='ltr'><strong>ergo</strong></span> 
     </span>
     <span class='ocr_line' id='line_1_41' title="bbox 164 3932 1520 4028; baseline -0.008 -20"><span class='ocrx_word' id='word_1_416' title='bbox 164 3966 221 4028; x_wconf 91' lang='lat' dir='ltr'><strong>per</strong></span> <span class='ocrx_word' id='word_1_417' title='bbox 243 3944 431 4008; x_wconf 89' lang='lat' dir='ltr'><strong>latitudines.</strong></span> <span class='ocrx_word' id='word_1_418' title='bbox 478 3942 513 4002; x_wconf 93' lang='lat' dir='ltr'><strong>ld</strong></span> <span class='ocrx_word' id='word_1_419' title='bbox 536 3940 797 4020; x_wconf 85' lang='lat' dir='ltr'><strong>Regiomontauus</strong></span> <span class='ocrx_word' id='word_1_420' title='bbox 820 3935 992 3998; x_wconf 86' lang='lat' dir='ltr'><strong>inculcavit.</strong></span> <span class='ocrx_word' id='word_1_421' title='bbox 1039 3932 1115 3997; x_wconf 84' lang='lat' dir='ltr'><strong>Cum</strong></span> <span class='ocrx_word' id='word_1_422' title='bbox 1134 3932 1190 4014; x_wconf 89' lang='lat' dir='ltr'><strong>Sol</strong></span> <span class='ocrx_word' id='word_1_423' title='bbox 1213 3934 1385 4015; x_wconf 90' lang='lat' dir='ltr'><strong>dirigendus</strong></span> <span class='ocrx_word' id='word_1_424' title='bbox 1410 3944 1459 3996; x_wconf 88' lang='lat' dir='ltr'><strong>est</strong></span> <span class='ocrx_word' id='word_1_425' title='bbox 1482 3936 1520 3997; x_wconf 94' lang='lat' dir='ltr'><strong>ad</strong></span> 
     </span>
     <span class='ocr_line' id='line_1_42' title="bbox 165 4023 1520 4108; baseline -0.009 -11"><span class='ocrx_word' id='word_1_426' title='bbox 165 4036 332 4108; x_wconf 89' lang='lat' dir='ltr'><strong>Venerem,</strong></span> <span class='ocrx_word' id='word_1_427' title='bbox 356 4042 387 4095; x_wconf 91' lang='lat' dir='ltr'><strong>et</strong></span> <span class='ocrx_word' id='word_1_428' title='bbox 410 4030 463 4093; x_wconf 92' lang='lat' dir='ltr'><strong>illa</strong></span> <span class='ocrx_word' id='word_1_429' title='bbox 486 4031 580 4093; x_wconf 90' lang='lat' dir='ltr'><strong>habet</strong></span> <span class='ocrx_word' id='word_1_430' title='bbox 603 4024 650 4093; x_wconf 84' lang='lat'><strong>9⁰</strong></span> <span class='ocrx_word' id='word_1_431' title='bbox 673 4029 743 4102; x_wconf 93' lang='lat' dir='ltr'><strong>lat.,</strong></span> <span class='ocrx_word' id='word_1_432' title='bbox 769 4025 835 4087; x_wconf 90' lang='lat' dir='ltr'><strong>dico</strong></span> <span class='ocrx_word' id='word_1_433' title='bbox 860 4025 977 4087; x_wconf 84' lang='lat' dir='ltr'><strong>fatuam</strong></span> <span class='ocrx_word' id='word_1_434' title='bbox 1000 4023 1214 4100; x_wconf 90' lang='lat' dir='ltr'><strong>directionem,</strong></span> <span class='ocrx_word' id='word_1_435' title='bbox 1249 4024 1333 4106; x_wconf 90' lang='lat' dir='ltr'><strong>qnia,</strong></span> <span class='ocrx_word' id='word_1_436' title='bbox 1357 4043 1423 4086; x_wconf 90' lang='lat' dir='ltr'><strong>cum</strong></span> <span class='ocrx_word' id='word_1_437' title='bbox 1446 4043 1520 4104; x_wconf 86' lang='lat' dir='ltr'><strong>pro-</strong></span> 
     </span>
     <span class='ocr_line' id='line_1_43' title="bbox 163 4113 1517 4196; baseline -0.009 -10"><span class='ocrx_word' id='word_1_438' title='bbox 163 4123 238 4187; x_wconf 81' lang='lat' dir='ltr'><strong>ximi</strong></span> <span class='ocrx_word' id='word_1_439' title='bbox 262 4122 336 4185; x_wconf 87' lang='lat' dir='ltr'><strong>iacti</strong></span> <span class='ocrx_word' id='word_1_440' title='bbox 359 4129 438 4196; x_wconf 86' lang='lat' dir='ltr'><strong>sunt,</strong></span> <span class='ocrx_word' id='word_1_441' title='bbox 463 4116 507 4183; x_wconf 83' lang='lat'><strong>9⁰</strong></span> <span class='ocrx_word' id='word_1_442' title='bbox 529 4118 713 4181; x_wconf 89' lang='lat' dir='ltr'><strong>distiterunt.</strong></span> <span class='ocrx_word' id='word_1_443' title='bbox 761 4116 805 4176; x_wconf 90' lang='lat' dir='ltr'><strong>Tn</strong></span> <span class='ocrx_word' id='word_1_444' title='bbox 829 4113 930 4175; x_wconf 91' lang='lat' dir='ltr'><strong>nescio</strong></span> <span class='ocrx_word' id='word_1_445' title='bbox 955 4114 1025 4194; x_wconf 89' lang='lat' dir='ltr'><strong>qnid</strong></span> <span class='ocrx_word' id='word_1_446' title='bbox 1048 4134 1214 4192; x_wconf 69' lang='lat' dir='ltr'><strong>vaporosae:</strong></span> <span class='ocrx_word' id='word_1_447' title='bbox 1243 4115 1380 4196; x_wconf 88' lang='lat' dir='ltr'><strong>planeta,</strong></span> <span class='ocrx_word' id='word_1_448' title='bbox 1407 4113 1517 4195; x_wconf 88' lang='lat' dir='ltr'><strong>inquis,</strong></span> 
     </span>
     <span class='ocr_line' id='line_1_44' title="bbox 163 4202 1612 4290; baseline -0.009 -14"><span class='ocrx_word' id='word_1_449' title='bbox 163 4205 283 4277; x_wconf 87' lang='lat' dir='ltr'><strong>ratione</strong></span> <span class='ocrx_word' id='word_1_450' title='bbox 308 4208 502 4290; x_wconf 90' lang='lat' dir='ltr'><strong>longitudinis</strong></span> <span class='ocrx_word' id='word_1_451' title='bbox 526 4208 586 4268; x_wconf 83' lang='lat' dir='ltr'><strong>vim</strong></span> <span class='ocrx_word' id='word_1_452' title='bbox 609 4205 724 4269; x_wconf 88' lang='lat' dir='ltr'><strong>zodiaci</strong></span> <span class='ocrx_word' id='word_1_453' title='bbox 749 4202 951 4283; x_wconf 85' lang='lat' dir='ltr'><strong>consequitur.</strong></span> <span class='ocrx_word' id='word_1_454' title='bbox 998 4202 1067 4265; x_wconf 93' lang='lat' dir='ltr'><strong>Non</strong></span> <span class='ocrx_word' id='word_1_455' title='bbox 1088 4202 1229 4265; x_wconf 86' lang='lat' dir='ltr'><strong>zodiacus</strong></span> <span class='ocrx_word' id='word_1_456' title='bbox 1251 4203 1394 4284; x_wconf 88' lang='lat' dir='ltr'><strong>planetis,</strong></span> <span class='ocrx_word' id='word_1_457' title='bbox 1419 4202 1474 4264; x_wconf 89' lang='lat' dir='ltr'><strong>sed</strong></span> <span class='ocrx_word' id='word_1_458' title='bbox 1489 4202 1519 4263; x_wconf 92' lang='lat' dir='ltr'><strong>hi</strong></span> <span class='ocrx_word' id='word_1_459' title='bbox 1609 4240 1612 4241; x_wconf 27' lang='grc' dir='ltr'><em>ν</em></span> 
     </span>
    </p>
   </div>
   <div class='ocr_carea' id='block_1_8' title="bbox 162 4290 1521 4612">
    <p class='ocr_par' dir='ltr' id='par_1_9' title="bbox 162 4290 1187 4377">
     <span class='ocr_line' id='line_1_45' title="bbox 162 4290 1187 4377; baseline -0.013 -11"><span class='ocrx_word' id='word_1_460' title='bbox 162 4303 289 4366; x_wconf 88' lang='lat' dir='ltr'><strong>zodiaco</strong></span> <span class='ocrx_word' id='word_1_461' title='bbox 313 4301 374 4362; x_wconf 86' lang='lat' dir='ltr'><strong>vim</strong></span> <span class='ocrx_word' id='word_1_462' title='bbox 399 4297 575 4377; x_wconf 86' lang='lat' dir='ltr'><strong>largiuntur.</strong></span> <span class='ocrx_word' id='word_1_463' title='bbox 622 4296 769 4357; x_wconf 81' lang='lat' dir='ltr'><strong>Pisuetae</strong></span> <span class='ocrx_word' id='word_1_464' title='bbox 793 4292 871 4353; x_wconf 89' lang='lat' dir='ltr'><strong>enim</strong></span> <span class='ocrx_word' id='word_1_465' title='bbox 895 4290 926 4351; x_wconf 92' lang='lat' dir='ltr'><strong>in</strong></span> <span class='ocrx_word' id='word_1_466' title='bbox 949 4311 982 4351; x_wconf 89' lang='lat' dir='ltr'><strong>se</strong></span> <span class='ocrx_word' id='word_1_467' title='bbox 1007 4290 1082 4371; x_wconf 89' lang='lat' dir='ltr'><strong>ipsis</strong></span> <span class='ocrx_word' id='word_1_468' title='bbox 1106 4299 1187 4353; x_wconf 89' lang='lat' dir='ltr'><strong>sunt.</strong></span> 
     </span>
    </p>

    <p class='ocr_par' dir='ltr' id='par_1_10' title="bbox 163 4378 1519 4522">
     <span class='ocr_line' id='line_1_46' title="bbox 239 4378 1519 4449; baseline -0.009 -9"><span class='ocrx_word' id='word_1_469' title='bbox 239 4388 421 4440; x_wconf 77' lang='lat' dir='ltr'><strong>Fabricius:</strong></span> <span class='ocrx_word' id='word_1_470' title='bbox 441 4385 587 4449; x_wconf 85' lang='lat' dir='ltr'><strong>Eclipser</strong></span> <span class='ocrx_word' id='word_1_471' title='bbox 606 4383 693 4434; x_wconf 82' lang='lat' dir='ltr'><strong>inira</strong></span> <span class='ocrx_word' id='word_1_472' title='bbox 710 4382 840 4432; x_wconf 82' lang='lat' dir='ltr'><strong>Terram</strong></span> <span class='ocrx_word' id='word_1_473' title='bbox 859 4380 1032 4444; x_wconf 68' lang='lat' dir='ltr'><strong>confingentes</strong></span> <span class='ocrx_word' id='word_1_474' title='bbox 1049 4380 1076 4429; x_wconf 88' lang='lat' dir='ltr'><strong>tn</strong></span> <span class='ocrx_word' id='word_1_475' title='bbox 1093 4378 1227 4444; x_wconf 84' lang='lat' dir='ltr'><strong>generibus</strong></span> <span class='ocrx_word' id='word_1_476' title='bbox 1246 4393 1295 4429; x_wconf 91' lang='lat' dir='ltr'><strong>non</strong></span> <span class='ocrx_word' id='word_1_477' title='bbox 1313 4385 1372 4429; x_wconf 85' lang='lat' dir='ltr'><strong>nunt</strong></span> <span class='ocrx_word' id='word_1_478' title='bbox 1390 4378 1519 4445; x_wconf 86' lang='lat' dir='ltr'><strong>negligen-</strong></span> 
     </span>
     <span class='ocr_line' id='line_1_47' title="bbox 163 4451 957 4522; baseline -0.018 -9"><span class='ocrx_word' id='word_1_479' title='bbox 163 4463 223 4522; x_wconf 81' lang='lat' dir='ltr'><strong>dae,</strong></span> <span class='ocrx_word' id='word_1_480' title='bbox 242 4476 300 4511; x_wconf 86' lang='lat' dir='ltr'><strong>eum</strong></span> <span class='ocrx_word' id='word_1_481' title='bbox 316 4462 379 4510; x_wconf 81' lang='lat' dir='ltr'><strong>viror</strong></span> <span class='ocrx_word' id='word_1_482' title='bbox 397 4472 456 4509; x_wconf 75' lang='lat' dir='ltr'><strong>ruer</strong></span> <span class='ocrx_word' id='word_1_483' title='bbox 474 4461 608 4508; x_wconf 67' lang='lat' dir='ltr'><strong>camut</strong></span> <span class='ocrx_word' id='word_1_484' title='bbox 625 4455 659 4505; x_wconf 88' lang='lat' dir='ltr'><strong>ad</strong></span> <span class='ocrx_word' id='word_1_485' title='bbox 675 4454 776 4504; x_wconf 85' lang='lat' dir='ltr'><strong>modum</strong></span> <span class='ocrx_word' id='word_1_486' title='bbox 793 4451 957 4516; x_wconf 83' lang='lat' dir='ltr'><strong>planetarum.</strong></span> 
     </span>
    </p>

    <p class='ocr_par' dir='ltr' id='par_1_11' title="bbox 257 4520 1521 4612">
     <span class='ocr_line' id='line_1_48' title="bbox 257 4520 1521 4612; baseline -0.009 -18"><span class='ocrx_word' id='word_1_487' title='bbox 257 4532 461 4612; x_wconf 87' lang='lat' dir='ltr'><strong>Kepleru&#39;a:</strong></span> <span class='ocrx_word' id='word_1_488' title='bbox 492 4529 567 4591; x_wconf 89' lang='lat' dir='ltr'><strong>Illas</strong></span> <span class='ocrx_word' id='word_1_489' title='bbox 596 4527 698 4606; x_wconf 88' lang='lat' dir='ltr'><strong>utique</strong></span> <span class='ocrx_word' id='word_1_490' title='bbox 722 4523 889 4587; x_wconf 89' lang='lat' dir='ltr'><strong>censuerim</strong></span> <span class='ocrx_word' id='word_1_491' title='bbox 912 4521 1162 4595; x_wconf 88' lang='lat' dir='ltr'><strong>considerandas,</strong></span> <span class='ocrx_word' id='word_1_492' title='bbox 1194 4529 1228 4582; x_wconf 89' lang='lat' dir='ltr'><strong>at</strong></span> <span class='ocrx_word' id='word_1_493' title='bbox 1249 4540 1309 4582; x_wconf 93' lang='lat' dir='ltr'><strong>non</strong></span> <span class='ocrx_word' id='word_1_494' title='bbox 1333 4520 1437 4597; x_wconf 90' lang='lat' dir='ltr'><strong>aliter,</strong></span> <span class='ocrx_word' id='word_1_495' title='bbox 1462 4520 1521 4582; x_wconf 87' lang='lat' dir='ltr'><strong>nisi</strong></span> 
     </span>
    </p>
   </div>
   <div class='ocr_carea' id='block_1_9' title="bbox 163 4608 1522 4968">
    <p class='ocr_par' dir='ltr' id='par_1_12' title="bbox 163 4608 1522 4968">
     <span class='ocr_line' id='line_1_49' title="bbox 164 4608 1521 4703; baseline -0.013 -16"><span class='ocrx_word' id='word_1_496' title='bbox 164 4620 411 4703; x_wconf 89' lang='lat' dir='ltr'><strong>conjunctionem</strong></span> <span class='ocrx_word' id='word_1_497' title='bbox 441 4616 637 4698; x_wconf 88' lang='lat' dir='ltr'><strong>corporalem.</strong></span> <span class='ocrx_word' id='word_1_498' title='bbox 683 4613 764 4675; x_wconf 86' lang='lat' dir='ltr'><strong>Nam</strong></span> <span class='ocrx_word' id='word_1_499' title='bbox 798 4610 917 4673; x_wconf 89' lang='lat' dir='ltr'><strong>luminis</strong></span> <span class='ocrx_word' id='word_1_500' title='bbox 946 4609 1079 4673; x_wconf 89' lang='lat' dir='ltr'><strong>subitam</strong></span> <span class='ocrx_word' id='word_1_501' title='bbox 1107 4608 1308 4690; x_wconf 80' lang='lat' dir='ltr'><strong>privationem</strong></span> <span class='ocrx_word' id='word_1_502' title='bbox 1336 4610 1419 4672; x_wconf 86' lang='lat' dir='ltr'><strong>nulla</strong></span> <span class='ocrx_word' id='word_1_503' title='bbox 1441 4609 1521 4670; x_wconf 89' lang='lat' dir='ltr'><strong>ratio</strong></span> 
     </span>
     <span class='ocr_line' id='line_1_50' title="bbox 164 4695 1522 4778; baseline -0.014 -3"><span class='ocrx_word' id='word_1_504' title='bbox 164 4710 306 4777; x_wconf 86' lang='lat' dir='ltr'><strong>admittit</strong></span> <span class='ocrx_word' id='word_1_505' title='bbox 326 4708 385 4770; x_wconf 90' lang='lat' dir='ltr'><strong>nisi</strong></span> <span class='ocrx_word' id='word_1_506' title='bbox 408 4726 445 4769; x_wconf 91' lang='lat' dir='ltr'><strong>ec</strong></span> <span class='ocrx_word' id='word_1_507' title='bbox 467 4708 535 4769; x_wconf 93' lang='lat' dir='ltr'><strong>loco</strong></span> <span class='ocrx_word' id='word_1_508' title='bbox 558 4703 760 4775; x_wconf 78' lang='lat' dir='ltr'><strong>conmdarare,</strong></span> <span class='ocrx_word' id='word_1_509' title='bbox 784 4700 836 4761; x_wconf 90' lang='lat' dir='ltr'><strong>ubi</strong></span> <span class='ocrx_word' id='word_1_510' title='bbox 849 4698 992 4761; x_wconf 90' lang='lat' dir='ltr'><strong>cernitur.</strong></span> <span class='ocrx_word' id='word_1_511' title='bbox 1043 4698 1110 4759; x_wconf 87' lang='lat' dir='ltr'><strong>Tun</strong></span> <span class='ocrx_word' id='word_1_512' title='bbox 1127 4695 1349 4778; x_wconf 87' lang='lat' dir='ltr'><strong>argumentatio</strong></span> <span class='ocrx_word' id='word_1_513' title='bbox 1371 4697 1455 4759; x_wconf 88' lang='lat' dir='ltr'><strong>uuila</strong></span> <span class='ocrx_word' id='word_1_514' title='bbox 1472 4704 1522 4757; x_wconf 88' lang='lat' dir='ltr'><strong>ost</strong></span> 
     </span>
     <span class='ocr_line' id='line_1_51' title="bbox 164 4782 1522 4881; baseline -0.015 -18"><span class='ocrx_word' id='word_1_515' title='bbox 164 4821 185 4863; x_wconf 85' lang='lat' dir='ltr'><strong>a</strong></span> <span class='ocrx_word' id='word_1_516' title='bbox 207 4800 400 4881; x_wconf 83' lang='lat' dir='ltr'><strong>planetarum</strong></span> <span class='ocrx_word' id='word_1_517' title='bbox 431 4795 546 4858; x_wconf 85' lang='lat' dir='ltr'><strong>uiribus</strong></span> <span class='ocrx_word' id='word_1_518' title='bbox 577 4793 616 4855; x_wconf 89' lang='lat' dir='ltr'><strong>ad</strong></span> <span class='ocrx_word' id='word_1_519' title='bbox 634 4791 714 4852; x_wconf 85' lang='lat' dir='ltr'><strong>vires</strong></span> <span class='ocrx_word' id='word_1_520' title='bbox 738 4787 903 4866; x_wconf 85' lang='lat' dir='ltr'><strong>eclipsium.</strong></span> <span class='ocrx_word' id='word_1_521' title='bbox 949 4787 1080 4848; x_wconf 89' lang='lat' dir='ltr'><strong>Planeta</strong></span> <span class='ocrx_word' id='word_1_522' title='bbox 1107 4794 1157 4847; x_wconf 88' lang='lat' dir='ltr'><strong>est</strong></span> <span class='ocrx_word' id='word_1_523' title='bbox 1179 4785 1364 4861; x_wconf 81' lang='lat' dir='ltr'><strong>substantia,</strong></span> <span class='ocrx_word' id='word_1_524' title='bbox 1398 4782 1522 4862; x_wconf 87' lang='lat' dir='ltr'><strong>eclipsis</strong></span> 
     </span>
     <span class='ocr_line' id='line_1_52' title="bbox 163 4870 1522 4968; baseline -0.015 -15"><span class='ocrx_word' id='word_1_525' title='bbox 163 4898 216 4953; x_wconf 86' lang='lat' dir='ltr'><strong>est</strong></span> <span class='ocrx_word' id='word_1_526' title='bbox 238 4885 382 4968; x_wconf 71' lang='lat' dir='ltr'><strong>privatio,</strong></span> <span class='ocrx_word' id='word_1_527' title='bbox 406 4883 609 4947; x_wconf 83' lang='lat' dir='ltr'><strong>determinata</strong></span> <span class='ocrx_word' id='word_1_528' title='bbox 630 4879 692 4943; x_wconf 91' lang='lat' dir='ltr'><strong>situ</strong></span> <span class='ocrx_word' id='word_1_529' title='bbox 715 4875 791 4939; x_wconf 89' lang='lat' dir='ltr'><strong>certi</strong></span> <span class='ocrx_word' id='word_1_530' title='bbox 814 4874 882 4936; x_wconf 90' lang='lat' dir='ltr'><strong>loci.</strong></span> <span class='ocrx_word' id='word_1_531' title='bbox 927 4874 994 4937; x_wconf 88' lang='lat' dir='ltr'><strong>lilia</strong></span> <span class='ocrx_word' id='word_1_532' title='bbox 1007 4872 1102 4954; x_wconf 80' lang='lat' dir='ltr'><strong>igitur</strong></span> <span class='ocrx_word' id='word_1_533' title='bbox 1123 4892 1192 4936; x_wconf 85' lang='lat' dir='ltr'><strong>esso</strong></span> <span class='ocrx_word' id='word_1_534' title='bbox 1214 4873 1297 4936; x_wconf 81' lang='lat' dir='ltr'><strong>vires</strong></span> <span class='ocrx_word' id='word_1_535' title='bbox 1314 4873 1357 4935; x_wconf 87' lang='lat' dir='ltr'><strong>nil</strong></span> <span class='ocrx_word' id='word_1_536' title='bbox 1367 4870 1522 4953; x_wconf 88' lang='lat' dir='ltr'><strong>prohibet,</strong></span> 
     </span>
    </p>
   </div>
   <div class='ocr_carea' id='block_1_10' title="bbox 0 0 1921 5818">
    <p class='ocr_par' dir='ltr' id='par_1_13' title="bbox 0 0 1921 5818">
     <span class='ocr_line' id='line_1_53' title="bbox 0 0 1921 5818; baseline 0 0"><span class='ocrx_word' id='word_1_537' title='bbox 0 0 1921 5818; x_wconf 95' lang='lat' dir='ltr'><strong> </strong></span> 
     </span>
    </p>
   </div>
  </div>
 </body>
</html>
