3786 5808
403 346 447 416 28
998 342 1158 401 Prooemium.

402 510 467 576 quod
485 511 560 559 etiam
578 510 657 560 multa
674 511 700 560 in
718 510 776 574 ipsis
796 507 923 573 copemiei
941 510 1007 559 libris
1025 508 1080 560 loca
1104 507 1244 558 obscuriora
1260 504 1380 555 Rheticns
1396 505 1437 555 hic
1456 520 1487 555 ex
1503 504 1610 569 professo
1629 501 1738 568 explicat:

402 582 468 632 unde
484 580 549 631 baec
566 580 682 631 Narratio
701 586 726 631 et
743 581 886 632 Encomlum
905 581 958 630 loco
976 582 1055 631 brevis
1073 582 1099 629 in
1117 578 1278 643 (lopernicnm
1296 577 1464 627 commentarii
1481 576 1567 626 baberi
1583 580 1688 639 possunt

472 651 530 703 Hae
548 666 640 703 causae
659 658 716 702 sunt
734 653 834 702 additae
852 651 924 716 bujm
942 652 1104 708 Narrationis,
1124 666 1179 701 curn
1196 648 1328 698 Borussiae
1346 648 1463 698 Encomio
1475 647 1581 698 Rhetici
1608 645 1646 696 Ne
1663 651 1739 695 tamen

341 736 344 749 ¹
402 729 488 774 noema
510 738 606 786 quoque
629 738 704 788 opera
727 724 801 774 hosce
824 723 886 773 fines
903 723 999 773 facilius
1018 723 1182 788 consequendi
1200 721 1312 771 deesset:
1336 722 1413 769 risum
1434 719 1482 768 brit
1499 726 1551 768 tam
1568 718 1739 773 Narrationsm,

402 809 476 858 quam
494 793 655 851 Encominm,
678 810 728 860 qua
745 795 797 845 lieri
815 796 896 859 potuit
913 794 1056 860 diligentia,
1078 794 1204 850 ¹revidere,
1230 798 1330 842 etcum
1353 791 1553 840 annotationibus
1575 787 1740 854 marginalibus

403 867 479 915 etiam
496 865 626 915 schemata
644 866 885 926 demonstrationum,
905 880 969 930 qnae
983 865 1102 917 Rbeticus
1119 865 1186 915 haud
1205 863 1276 913 dubio
1296 867 1450 927 apposuerat,
1470 861 1557 911 sedin
1575 862 1637 925 typis
1655 858 1741 910 excusis

403 937 593 1000 exemplaribus,
618 938 701 987 nescio
725 952 774 1003 qus
791 939 968 1003 incog'tantia.
993 938 1082 987 omissa
1100 937 1209 991 fuerant,
1229 934 1329 984 addere.
1366 932 1392 983 Si
1411 947 1475 997 quse
1493 947 1549 982 rere
1566 933 1593 982 in
1610 931 1692 981 iisdem
1707 928 1741 978 bis

402 1009 497 1072 scriptis
516 1021 532 1057 a
550 1022 622 1071 scopo
641 1015 723 1058 nostro
742 1008 861 1059 alieniora
874 1008 1010 1064 habentnre
1031 1007 1179 1072 eaprndens
1191 1006 1282 1056 Lector
1299 1019 1342 1054 suo
1360 1005 1414 1054 loco
1432 1005 1562 1069 relinquat.
1589 1000 1671 1052 Nostri
1687 1013 1740 1049 can·

403 1078 466 1128 doris
485 1092 539 1128 esse
558 1079 678 1137 duximus,
698 1080 773 1130 etiam
792 1086 876 1130 cetera
893 1079 946 1136 illa,
964 1094 1028 1144 quae
1045 1081 1072 1129 iu
1090 1077 1222 1143 exemplari
1240 1090 1306 1127 anno
1327 1072 1402 1124 1541.
1429 1075 1546 1126 Basileae
1564 1074 1639 1130 edito,
1655 1071 1740 1122 iuraui·

401 1164 473 1207 mus,
493 1164 549 1200 cnm
566 1150 637 1200 titulo
656 1158 682 1200 et
699 1151 867 1216 praefatione.
886 1150 946 1201 licet
965 1150 996 1200 ad
1014 1150 1173 1215 principalem
1191 1155 1299 1199 normam
1317 1162 1418 1211 saepem
1437 1161 1486 1197 non
1504 1148 1628 1205 iacerent,
1647 1142 1743 1194 taeter

322 1282 326 1292 Ι
401 1220 529 1272 reddenda
546 1235 608 1271 esse.

472 1291 615 1356 Optandum
627 1299 710 1343 autern
723 1298 796 1349 esset,
816 1292 928 1354 alteram,
946 1306 1021 1356 qnam
1039 1292 1166 1357 aliquoties
1185 1290 1274 1340 audior
1290 1288 1330 1339 hic
1347 1289 1482 1353 pollicetur.
1502 1288 1674 1339 Narratiouem
1688 1299 1741 1349 quo·

403 1377 450 1428 qne
468 1364 582 1412 emissam
599 1364 690 1420 inisser
717 1368 762 1413 ant
778 1364 799 1411 si
818 1362 899 1412 forsan
917 1364 1009 1427 scripta
1026 1364 1125 1428 quidem
1143 1363 1230 1422 inerit,
1256 1360 1301 1412 sed
1318 1360 1407 1410 alicubi
1426 1360 1557 1410 delitescat
1582 1355 1684 1421 (editam
1701 1370 1741 1420 ego

402 1449 452 1484 uon
469 1435 532 1491 ridi,
556 1448 603 1484 nee
621 1436 653 1485 ab
671 1436 719 1485 alio
736 1435 814 1484 risam
833 1449 863 1484 ex
880 1448 1002 1499 quoquam
1019 1431 1141 1495 intellexi)
1159 1433 1237 1484 sadus
1256 1438 1329 1487 esset.
1349 1444 1404 1480 eam
1422 1431 1519 1495 publice
1541 1430 1660 1481 utendam
1676 1441 1743 1491 qnam

401 1507 426 1554 in
450 1505 539 1556 abditis
561 1506 737 1556 comedendam
762 1506 835 1555 uncis
860 1506 970 1556 concedi.
1008 1504 1079 1568 Quod
1100 1506 1167 1555 idem
1191 1505 1221 1553 de
1240 1503 1427 1553 Commentariis
1446 1502 1543 1552 Erasmi
1560 1498 1704 1551 Rbeinholdi
1720 1498 1744 1546 in

402 1575 501 1626 eosdem
520 1575 648 1641 Ceperniei
665 1577 737 1627 libros
756 1576 890 1641 optandum
908 1583 975 1636 erat,
1000 1578 1046 1626 nisi
1065 1579 1196 1626 immatura
1214 1578 1267 1639 ejns
1285 1575 1328 1623 riri
1346 1588 1410 1622 mors
1429 1588 1488 1638 opus
1505 1573 1706 1629 inchoavimus
1721 1575 1744 1618 ct

401 1647 491 1697 multas
504 1648 567 1698 alias
576 1646 736 1712 Reipublicae
747 1647 942 1698 mathematicae
955 1646 1095 1699 utilissimas
1106 1648 1296 1699 lucubrationes.
1316 1645 1460 1708 abrupisset.
1488 1645 1535 1702 Tu,
1549 1645 1640 1694 Lector
1651 1642 1742 1706 optino,

400 1717 439 1768 his
455 1718 544 1776 iruere,
564 1719 642 1769 donec
660 1725 739 1769 totum
757 1734 828 1769 snum
847 1718 980 1770 Uranicum
999 1719 1036 1769 vel
1056 1719 1193 1770 Cosmicum
1211 1732 1284 1782 opus,
1304 1718 1373 1779 cujus
1390 1717 1431 1766 hic
1449 1716 1608 1767 Prodromum
1624 1714 1744 1771 habemus,
1846 1747 1847 1752 ,

399 1788 623 1910 {fficiamibniiiim
641 1792 758 1853 emittat,
775 1789 849 1840 Vale.
879 1791 970 1841 norun
982 1789 1111 1857 Tubingae
1129 1792 1155 1841 in
1171 1789 1274 1839 Musaeo
1292 1795 1383 1845 nostro,
1403 1786 1519 1839 Calendis
1531 1786 1653 1838 Octobris.
1679 1784 1744 1833 Anno

472 2001 639 2067 Keplsrus
657 2003 734 2053 literis
752 2000 878 2054 Maestlinl
897 1999 932 2067 (p.
952 1999 998 2063 et)
1017 2002 1141 2067 respondit
1157 2002 1222 2079 bunc
1239 2002 1266 2051 iu
1283 2001 1398 2052 modum:

488 2109 603 2187 Accepi
628 2108 731 2171 literas
756 2118 826 2173 tuas
850 2111 1033 2191 Praeceptor
1054 2109 1233 2185 clarissime,
1264 2117 1295 2171 et
1323 2108 1477 2188 exemplar
1504 2107 1562 2169 mei
1584 2102 1743 2170 Prodromi.

404 2197 584 2278 Respondeo
613 2199 745 2260 breviter
772 2199 884 2260 omissa
914 2199 1077 2262 honorifica
1103 2198 1329 2262 declamatione.
1381 2196 1513 2259 Primum
1544 2203 1645 2259 errata
1674 2210 1744 2274 quae

403 2286 608 2362 animadverti,
633 2306 766 2367 quaeque
791 2308 910 2350 sensum
931 2288 1062 2362 turbant,
1088 2288 1217 2368 adjunxi.
1255 2286 1374 2351 Sideri
1397 2293 1508 2366 potest,
1534 2286 1744 2366 subjungantur

402 2375 552 2455 opusculo.
599 2376 715 2438 Deinde
739 2377 775 2439 de
798 2374 864 2440 200
886 2376 1107 2458 exemplaribus
1135 2397 1260 2439 moneo:
1294 2377 1365 2458 quia
1391 2375 1580 2456 typographo
1609 2388 1743 2454 expresse

402 2463 477 2539 dixi,
506 2482 564 2525 neu
586 2482 676 2544 posse
700 2484 747 2527 me
771 2466 822 2528 illa
845 2467 996 2547 accipere,
1028 2466 1085 2528 nisi
1099 2473 1179 2528 aute
1207 2465 1285 2527 diem
1307 2465 1432 2528 Martini
1456 2464 1633 2526 absolvatur
1655 2479 1743 2540 opus:

403 2572 460 2614 non
490 2552 592 2614 videor
619 2554 724 2616 teneri.
772 2553 805 2617 Si
829 2556 892 2635 jam
920 2557 1105 2636 accepissem
1135 2554 1334 2634 exemplaria,
1368 2552 1533 2633 potuissem
1561 2552 1592 2614 in
1621 2547 1742 2613 comitiis

402 2641 578 2703 distribuere
602 2642 679 2704 iuter
701 2662 850 2722 proceres.
883 2645 1003 2707 Nullam
1028 2645 1154 2724 emplius
1176 2643 1270 2705 talem
1288 2643 1350 2706 ecio
1370 2641 1567 2704 occasionem.
1602 2639 1653 2702 Ad
1674 2638 1743 2699 haec

397 2731 463 2810 jam
486 2749 572 2809 porro
597 2732 704 2794 venale
726 2733 783 2795 erit
811 2752 907 2796 meum
937 2735 1128 2815 opusculum,
1161 2752 1214 2795 nec
1243 2751 1299 2812 ego
1328 2750 1422 2793 novus
1452 2730 1581 2811 amplius
1612 2747 1661 2791 erc
1684 2743 1745 2788 cum

401 2819 475 2881 meis
498 2820 732 2900 exemplaribus,
761 2822 930 2904 bibliopolis
954 2823 1161 2886 invehentibus
1190 2822 1263 2897 alia,
1294 2829 1328 2884 ut
1354 2819 1475 2882 nimium
1503 2820 1560 2881 eim
1585 2817 1742 2882 habiturus.

402 2909 517 2970 Vereor
540 2919 656 2984 eutem,
684 2919 718 2973 ut
746 2911 775 2972 in
799 2920 852 2974 tua
875 2933 1004 2994 persona
1027 2913 1166 2995 effugium
1188 2919 1323 2992 quaerat.
1371 2908 1405 2971 Si
1428 2917 1459 2971 tu
1483 2908 1512 2971 in
1535 2926 1629 2971 eausa
1650 2920 1745 2968 morae

402 2997 494 3072 fuisti,
517 2999 674 3077 promissis
698 3001 796 3077 stabo,
820 3002 847 3064 si
869 3003 919 3064 ille
944 3003 1032 3065 aliter
1055 3003 1207 3082 quiescere
1230 3000 1325 3064 nolit:
1350 2998 1484 3080 quamvis
1503 3016 1613 3081 cogere
1626 3014 1672 3058 me
1691 3009 1745 3053 non

399 3086 505 3167 possit.
538 3086 581 3149 Et
603 3089 771 3152 mehercule
794 3098 893 3153 metuo
914 3100 948 3153 ut
971 3088 1013 3155 50
1033 3092 1136 3153 floreui
1158 3088 1223 3154 200
1238 3088 1456 3169 exemplaribus
1472 3088 1631 3152 sufficiant
1663 3084 1745 3146 Hanc

400 3175 493 3256 igitur
507 3195 569 3237 rem
583 3184 680 3241 totam
695 3179 750 3240 tibi
764 3180 915 3258 permitte,
941 3179 1079 3261 quicquid
1098 3199 1165 3241 cum
1187 3179 1252 3259 ipso
1275 3187 1382 3259 pactus
1407 3177 1501 3243 amice
1525 3177 1628 3250 fueris,
1652 3178 1745 3236 ratum

401 3264 528 3326 habebo.
567 3264 656 3328 Aliis
679 3267 751 3328 mihi
775 3268 854 3329 ultra
876 3264 920 3331 50
943 3268 1127 3347 exemplaria
1148 3267 1177 3329 in
1202 3265 1306 3350 Styria
1326 3284 1415 3346 porro
1439 3284 1496 3327 non
1521 3284 1596 3347 opus
1620 3272 1677 3327 est.
1713 3255 1744 3320 Si

400 3352 510 3414 metuis
533 3360 567 3414 ut
589 3354 684 3433 ipsum
709 3356 852 3430 offendas,
878 3363 909 3417 et
931 3356 985 3417 tibi
1009 3357 1101 3431 obsis,
1126 3356 1241 3437 siquid
1266 3363 1383 3419 tuarum
1406 3373 1503 3417 rerum
1526 3355 1567 3416 sit
1591 3347 1745 3434 aliquando

401 3441 614 3517 excudendum,
639 3462 751 3506 excusa
773 3452 803 3507 te
827 3444 894 3524 ipsi,
920 3453 952 3506 et
973 3444 1037 3507 sine
1061 3464 1108 3506 me
1132 3464 1199 3507 cnm
1221 3446 1287 3523 ipso
1305 3444 1427 3524 pacisci.
1465 3445 1543 3509 Nolo
1562 3444 1623 3506 tuis
1644 3441 1745 3504 obesse

400 3529 574 3592 commodis.
617 3533 699 3593 Ante
722 3533 868 3595 nundinas
891 3534 1054 3614 paciscere,
1078 3553 1115 3595 ne
1138 3542 1208 3612 post
1231 3542 1400 3596 exerente
1423 3534 1619 3596 nundinarum
1642 3532 1678 3593 de
1701 3542 1745 3588 me

400 3625 526 3687 statuat
574 3619 652 3682 Nam
680 3620 841 3683 insidiosus
869 3631 926 3685 est.
971 3621 1119 3687 Nuntium
1151 3642 1243 3685 onera
1274 3621 1493 3702 exemplaribus
1525 3623 1554 3683 in
1584 3621 1684 3684 reditu
1711 3630 1745 3676 ea

399 3706 532 3784 Alsatia,
555 3717 643 3787 prout
665 3709 715 3773 ille
740 3729 818 3790 aqua
831 3712 880 3774 vel
894 3719 975 3774 terra
990 3712 1170 3774 descendere
1186 3711 1361 3786 decreverit,
1386 3720 1528 3792 qnantum
1552 3712 1632 3772 ferre
1655 3706 1743 3768 volet.

401 3795 559 3860 -Etiam
581 3798 655 3861 illud
678 3807 729 3862 tuo
748 3799 861 3880 judicic
884 3802 1034 3882 permitto,
1060 3801 1129 3885 quid
1143 3821 1190 3864 me
1206 3800 1358 3880 Tubingae
1383 3800 1481 3863 iacere
1506 3800 1665 3863 honestum
1688 3794 1743 3856 sit:

400 3886 562 3967 cuicunque
578 3888 729 3971 exemplar
743 3890 872 3954 dandum
887 3910 1000 3962 censes,
1024 3891 1111 3964 dabo,
1138 3900 1170 3951 et
1187 3890 1253 3970 jam
1267 3890 1332 3952 dari
1346 3908 1400 3968 per
1414 3908 1497 3951 meos
1512 3888 1624 3952 amicos
1644 3885 1743 3968 jubeo·

400 3975 477 4038 Illud
501 3976 593 4039 etiam
619 3997 665 4040 me
693 3987 819 4059 gravat,
852 3999 908 4061 qno
941 3980 1038 4042 minus
1065 3976 1131 4043 200
1155 3999 1209 4061 ego
1238 3997 1337 4041 emere
1365 3977 1495 4059 possim,
1527 3978 1606 4059 qnod
1629 3967 1745 4038 Rbetici

400 4063 533 4127 narratio
555 4067 683 4147 pretium
707 4069 838 4147 augebit.
883 4069 986 4132 Habes
1011 4077 1200 4150 argumenta,
1224 4076 1255 4131 et
1277 4067 1373 4141 vides,
1396 4086 1535 4148 quorsum
1556 4068 1585 4130 in
1609 4062 1744 4148 pactione

400 4153 617 4235 respiciendum
645 4157 695 4219 sit.
739 4157 831 4223 Porro
864 4158 986 4222 nuncius
1021 4158 1050 4221 in
1082 4157 1231 4220 mandatis
1260 4157 1370 4231 habet,
1405 4165 1438 4219 ut
1464 4153 1503 4219 12
1527 4157 1557 4219 11.
1580 4144 1745 4234 Merpaehii

400 4250 541 4323 acceptos
565 4245 644 4325 apud
665 4254 696 4307 te
721 4245 865 4326 deponat,
890 4256 922 4310 et
945 4249 1007 4310 lieri
1030 4255 1147 4326 potest,
1171 4253 1205 4309 nt
1226 4246 1351 4321 Lucius,
1376 4245 1515 4309 Decauus
1534 4244 1744 4321 Weiblingeu·

401 4332 458 4406 sis,
486 4332 579 4395 etiam
601 4334 713 4415 aliquid
736 4335 814 4415 apud
837 4346 868 4400 te
891 4337 1037 4417 deponat,
1067 4337 1097 4399 in
1125 4355 1217 4398 causa
1244 4336 1295 4397 filii
1325 4335 1386 4411 sui,
1416 4335 1465 4417 qui
1488 4336 1535 4398 hic
1559 4343 1614 4396 est
1660 4329 1744 4406 Rogo

399 4422 555 4501 pecuniam
578 4422 660 4485 illam
683 4425 830 4505 tantisper
851 4427 1020 4500 custodias,
1045 4425 1114 4488 dum
1137 4425 1206 4507 qnid
1229 4444 1267 4486 ea
1288 4425 1351 4486 fieri
1374 4424 1464 4488 velim
1495 4423 1671 4493 rescribam,
1694 4420 1745 4476 aul

401 4510 465 4589 ipse
493 4510 570 4573 forte
598 4512 733 4589 veniam,
762 4515 827 4577 Deo
854 4516 948 4578 vitam
977 4515 1133 4595 largiente.
1185 4511 1286 4577 Causa
1314 4514 1392 4576 enim
1420 4534 1488 4581 mea
1519 4502 1744 4575 matrimonialis

400 4598 512 4678 pendet
534 4601 563 4662 in
583 4601 695 4680 judicio
718 4603 933 4668 ecclesiastico.
980 4602 1014 4665 Si
1037 4604 1150 4675 solvar,
1183 4602 1316 4677 decrevi,
1344 4611 1378 4665 ut
1401 4622 1477 4667 nunc
1500 4601 1617 4683 quidem
1641 4594 1744 4660 habeo,

401 4687 440 4748 ad
463 4706 518 4749 vos
545 4690 660 4752 redire:
689 4690 746 4753 nisi
775 4692 854 4755 aliud
881 4692 1048 4756 suaseritis.
1093 4692 1139 4753 De
1162 4692 1308 4754 sumtibus
1339 4693 1524 4755 schematum
1548 4698 1630 4752 tuum
1653 4693 1684 4748 et
1705 4679 1742 4742 D·

400 4776 597 4841 Haienrefferi
621 4788 686 4842 esto
709 4781 855 4844 interme
879 4792 910 4844 et
931 4781 1148 4865 typographum
1172 4788 1315 4844 statuere.
1347 4779 1427 4843 Vale
1448 4779 1494 4847 01.
1517 4780 1545 4844 d.
1569 4777 1743 4865 praeceptor

401 4885 505 4950 meque
529 4887 629 4930 amare
652 4889 754 4953 perge.
