3788 5828
379 379 447 446 220
978 378 1142 431 noeentum.

377 541 459 592 terret
497 541 532 588 At
548 553 623 604 quam
642 543 815 603 competenter
834 539 911 590 etiam
928 539 1048 591 ulteriora
1065 553 1184 595 excusas,
1203 538 1268 603 qued
1285 539 1516 590 mathematicorum
1534 552 1585 589 non
1603 539 1637 588 sit
1653 551 1739 604 parru-

375 612 448 671 litss,
472 612 570 670 ιιιιιιι,
597 625 639 660 an.
655 610 707 661 tale
730 609 789 675 quid
807 615 867 660 tuuc
886 611 953 674 apud
971 618 996 661 ιι
1015 611 1092 661 tacite
1110 611 1231 667 senseris,
1254 612 1329 675 genio
1347 612 1383 662 sie
1401 616 1561 676 ingruente.
1579 609 1739 669 Ῥιιιιιιιι,

376 682 441 748 quod
459 697 544 732 omnes
563 680 629 731 docti
646 682 732 747 magui
747 682 832 745 »ipsum
850 682 955 740 iaciant,
974 697 1031 733 oum
1050 687 1235 746 praeceptorem
1252 682 1373 747 appellas,
1391 680 1539 746 hypotheses
1556 694 1627 732 meas
1644 680 1678 730 illi
1696 682 1740 729 tri·

376 754 444 811 bnis,
470 759 496 803 ιι
517 753 619 803 taudem
638 753 779 810 concludis,
803 757 831 803 ιιι
852 753 972 805 sideribus
998 750 1113 818 (quorum
1131 753 1299 816 permodicam
1318 753 1397 803 habet
1414 749 1541 814 notitiam)
1565 757 1591 802 et
1609 752 1739 811 scientiae,

376 838 451 889 quam
467 824 514 873 ribi
531 825 590 874 hinc
607 823 665 874 iude
685 820 717 886 (ri
736 837 787 888 qua
805 819 856 884 est)
881 825 989 874 comedit
1014 829 1040 874 et
1057 823 1206 881 suffuratur,
1233 830 1354 889 tanquam
1378 823 1454 874 decus
1474 824 1624 873 Germaniae
1641 822 1740 871 valeat:

375 895 440 946 ulia
466 894 497 945 de
525 896 611 962 ignoto
634 894 817 945 inconsiderate
839 896 965 958 scripsisse
987 896 1090 946 rideris:
1118 909 1183 961 quae
1209 910 1255 960 epo
1279 895 1377 961 quidem
1400 896 1544 946 nullatenus
1567 909 1663 943 moror:
1691 895 1740 942 irno

375 966 489 1023 mallem,
512 980 572 1016 vera
589 980 659 1023 esse,
685 966 724 1016 rel
742 966 849 1032 aliquem
868 966 1017 1030 eiuscemodi
1036 968 1103 1025 dari,
1131 968 1171 1016 cui
1189 973 1263 1018 tauta
1279 968 1307 1016 in
1325 969 1496 1018 astronomicis
1514 972 1541 1016 et
1557 965 1741 1024 mammeam

376 1042 545 1102 competerent
563 1038 659 1102 slogia3
684 1052 731 1102 ego
749 1052 799 1086 non
816 1037 917 1088 ultimus
936 1052 1029 1096 ιιιιιιι,
1049 1038 1091 1103 qui
1110 1041 1162 1101 elus
1181 1038 1319 1089 celebraret
1336 1039 1449 1103 gloriam
1486 1037 1544 1088 Nou
1561 1043 1648 1087 tamen
1666 1051 1741 1102 supra

374 1107 546 1159 Ptolemaeum
565 1115 610 1157 ant
628 1106 791 1172 Gopemicnm
810 1108 919 1171 aliosque
941 1109 1043 1159 eximios
1069 1112 1147 1166 viros,
1173 1109 1251 1175 qualis
1276 1110 1302 1158 in
1321 1109 1457 1160 Germanis
1475 1108 1637 1165 ΜιιιιΙιιιιιι,
1662 1110 1741 1158 venor

375 1179 416 1231 illc
434 1186 493 1230 tuns
509 1184 669 1244 praeceptor,
693 1193 761 1229 nune
780 1185 832 1237 est,
858 1179 984 1238 efferrem,
1009 1180 1057 1230 uisi
1076 1181 1178 1245 dipnnrn
1196 1181 1246 1231 iore
1266 1182 1327 1230 satis
1350 1186 1506 1245 perspectum
1525 1179 1652 1230 haberem.
1690 1177 1740 1228 Sed

375 1251 426 1301 siut
442 1250 507 1301 haec
525 1250 707 1315 qualiacunque
725 1249 816 1308 velint,
835 1251 862 1300 id
879 1251 993 1316 equidem
1010 1265 1061 1300 uon
1080 1251 1186 1309 arridet,
1204 1251 1270 1315 quod
1287 1257 1333 1301 tua
1350 1252 1386 1301 sio
1403 1252 1430 1301 iu
1449 1252 1509 1301 libro
1527 1252 1576 1300 isto
1595 1257 1683 1302 conma
1700 1264 1739 1299 ure

375 1321 497 1373 maledico
516 1322 634 1372 abutatur
652 1321 764 1385 epistola,
783 1328 812 1371 ιιι
829 1321 877 1371 luae
895 1324 967 1387 quasi
984 1336 1012 1371 re
1029 1336 1145 1388 purgare,
1167 1328 1241 1386 etque
1260 1329 1368 1387 quantus
1386 1323 1418 1371 sit
1430 1336 1553 1388 quamque
1571 1322 1676 1372 multum
1693 1322 1739 1385 ipsi

375 1393 532 1442 uibuendum
552 1389 584 1454 (si
604 1391 658 1441 Diis
676 1387 769 1456 placet)
788 1393 893 1455 probare
910 1394 977 1455 velit,
997 1407 1024 1442 ιι
1044 1395 1125 1457 ipsum
1142 1395 1180 1443 ita
1191 1394 1295 1443 nimium
1307 1394 1446 1444 extollendo
1459 1399 1486 1443 ιι
1503 1395 1601 1443 sibimet
1618 1392 1740 1457 placendo

376 1469 451 1527 atque
470 1463 525 1513 aliis
543 1464 622 1514 tacite
640 1462 803 1514 detrahendo.
839 1465 875 1513 At
893 1466 1008 1529 quoniam
1027 1465 1052 1513 iu
1076 1468 1207 1528 juventute
1230 1478 1263 1515 ea
1285 1480 1329 1530 per
1352 1465 1518 1530 ignorantiam
1537 1465 1667 1528 scripsisti,
1692 1477 1741 1514 neo

375 1534 439 1584 forte
458 1535 627 1591 emturum.
642 1548 698 1584 eum
716 1548 826 1599 unquam
844 1534 928 1586 literas
945 1535 1001 1586 illas
1018 1535 1208 1599 publicaturum.
1227 1536 1320 1585 nedum
1337 1541 1367 1585 nt
1383 1537 1413 1585 iis
1431 1537 1458 1585 in
1476 1537 1579 1585 aliorum
1597 1535 1741 1599 despectum

374 1610 402 1655 et
420 1605 596 1655 coutumeliam
613 1619 723 1669 unquam
741 1606 861 1655 abusurus
879 1607 951 1663 toret,
969 1606 1061 1657 idcirco
1074 1613 1121 1664 est,
1141 1620 1186 1656 cur
1197 1606 1261 1656 haec
1273 1606 1394 1670 placidior
1406 1607 1493 1657 isram.
1518 1606 1639 1671 (teporem
1649 1605 1740 1655 nihilo·

373 1677 467 1734 miuus.
486 1682 515 1725 ιιι
532 1676 609 1740 primo
628 1690 724 1741 qnoque
742 1683 852 1740 tempore
871 1676 939 1740 apud
957 1691 997 1727 me
1015 1678 1170 1728 declaratum
1183 1677 1353 1743 relinqueres,
1380 1692 1413 1727 an
1432 1678 1477 1727 tibi
1494 1682 1594 1743 gratum
1612 1678 1658 1736 slt,
1678 1675 1743 1741 quod

373 1747 409 1796 sic
427 1747 514 1797 iecerit
533 1753 559 1796 ιι
576 1745 635 1812 quid
653 1747 684 1796 de
703 1749 794 1811 scripto
812 1749 861 1797 isto
880 1748 1001 1798 virulento
1019 1750 1128 1799 ιιιιιιιιι
1146 1755 1199 1799 turn
1212 1763 1308 1814 quoque
1322 1749 1363 1799 alii
1377 1749 1476 1804 eruditi,
1494 1749 1641 1813 adquorum
1652 1760 1742 1800 manna

372 1817 439 1867 istud
457 1820 577 1882 pervenit
608 1816 696 1883 Neque
715 1820 781 1868 enim
800 1818 895 1876 dubito,
915 1818 997 1868 isthuc
1015 1820 1146 1883 perlatum,
1165 1820 1285 1885 siquidem
1297 1820 1395 1886 Pragae
1414 1834 1532 1870 excusum
1550 1821 1591 1873 sit,
1611 1833 1741 1884 suppresso

372 1896 460 1939 tamen
478 1889 626 1953 typographi
644 1889 753 1944 nomine,
771 1890 808 1938 ιιιιΙ
826 1890 856 1939 iit
873 1892 900 1939 in
919 1890 1020 1940 tumosis
1038 1891 1134 1941 libellis.
1162 1891 1237 1941 Plura
1249 1891 1281 1942 de
1292 1891 1331 1941 his
1343 1906 1394 1941 non
1408 1891 1480 1940 addo.
1507 1889 1562 1941 Nec
1580 1891 1646 1940 enim
1665 1890 1743 1955 digua

373 1967 433 2010 suut
449 1967 479 2010 nt
495 1961 579 2009 multis
597 1966 751 2010 revocentur.
788 1960 868 2009 Tuum
887 1966 943 2019 cst,
973 1961 1038 2012 baec
1055 1964 1112 2026 ipsa
1129 1963 1209 2012 obiter
1233 1962 1366 2025 subjuncta
1391 1961 1498 2012 candide
1519 1963 1692 2025 interpretari.
1716 1966 1743 2010 et
1813 2005 1817 2009 .

374 2030 492 2081 schedam
510 2031 576 2081 hanc
589 2030 704 2081 Vulcano
716 2028 823 2081 tradere
852 2030 958 2098 Jamque
977 2034 1066 2083 lterum
1084 2039 1111 2082 st
1128 2034 1230 2098 saepius
1246 2033 1311 2084 vale.
1346 2034 1512 2097 (Postseripta
1528 2039 1587 2083 sunt
1603 2033 1668 2084 baec
1685 2032 1741 2084 lite·

373 2102 416 2156 ris,
433 2116 495 2167 quas
513 2115 571 2167 pag.
590 2099 624 2150 43
644 2116 680 2166 eq.
698 2099 890 2167 proposuimus.)
1462 2136 1470 2153 ι
1788 2107 1793 2112 ’

446 2225 570 2289 Keplems
588 2224 626 2276 his
645 2225 768 2289 Trebonio
786 2226 864 2277 literis
881 2232 963 2277 motus
981 2222 1113 2290 epistolam
1131 2229 1155 2277 si
1182 2228 1251 2279 misit
1274 2229 1471 2287 excusatoriam,
1495 2242 1577 2297 quam
1593 2228 1744 2293 descriptam

374 2297 450 2348 etiam
467 2296 602 2348 Maestliuo
622 2297 690 2347 dedit
707 2298 745 2347 his
764 2297 856 2349 additis
875 2299 972 2349 verbis:

462 2383 543 2456 Quid
572 2384 707 2467 Tyohoni
734 2387 943 2466 responderim
972 2385 1106 2466 (quando
1129 2393 1160 2446 ιι
1184 2387 1214 2448 id
1243 2394 1383 2467 satagere
1412 2388 1525 2462 video),
1554 2406 1593 2448 ex
1621 2387 1741 2466 adjecto

374 2474 539 2555 exemplari
562 2492 735 2551 cognosces.
783 2474 886 2536 Velim
909 2482 1011 2536 autem
1035 2473 1205 2551 existimes,
1234 2494 1309 2538 vera
1331 2496 1378 2537 me
1403 2485 1434 2539 et
1457 2496 1496 2538 ex
1518 2477 1617 2538 animo
1641 2477 1742 2538 omnia

373 2562 542 2642 scripsisse,
568 2563 639 2643 quia
662 2563 778 2626 veritas
801 2582 855 2643 per
878 2583 911 2625 se
937 2565 1005 2642 ipsa
1028 2571 1079 2625 sat
1102 2572 1170 2625 tnta
1192 2572 1251 2627 est.
1298 2562 1387 2636 Quod
1411 2575 1512 2628 autem
1535 2566 1742 2627 vehementior

372 2651 403 2713 io
427 2651 525 2731 ipsum
548 2651 659 2715 Ursum
682 2670 741 2713 non
771 2672 855 2729 sum,
889 2652 1000 2732 partim
1029 2653 1142 2731 pudore
1169 2654 1222 2727 fit,
1252 2654 1364 2733 partim
1391 2661 1483 2716 metu.
1530 2652 1627 2724 Quem
1651 2655 1740 2728 euim,

372 2740 572 2820 prohdolor,
602 2748 762 2821 tantopere
791 2741 927 2814 laudavi,
957 2761 1015 2802 non
1045 2758 1168 2819 possum
1198 2741 1263 2803 siue
1288 2743 1509 2804 inconstantiae
1533 2743 1652 2804 macula
1676 2743 1740 2823 jam

372 2829 477 2891 statim
499 2829 671 2911 turpissime
703 2830 872 2893 traducere.
920 2828 1010 2901 Quod
1040 2829 1068 2890 si
1095 2829 1256 2907 epistolam
1290 2831 1380 2893 etiam
1409 2851 1506 2892 meam
1530 2831 1634 2913 Tychc
1660 2832 1740 2912 typis

370 2918 514 2980 mandare
540 2918 628 2992 velit,
657 2920 820 2981 verendum
844 2919 966 2993 fuisset,
995 2938 1032 2980 ne
1066 2918 1095 2980 io
1120 2919 1265 2998 majorem
1289 2940 1385 2982 meam
1409 2920 1619 2982 contumeliam
1643 2921 1740 2984 Ursus

368 3006 446 3070 alias
469 3027 553 3070 meas
577 3007 762 3087 publicaret,
788 3017 819 3071 et
843 3028 902 3090 qua
923 3015 1011 3090 parte
1035 3006 1237 3069 modestiores
1266 3017 1338 3070 sunt
1365 3010 1567 3084 adulteraret,
1600 3016 1655 3071 aot
1679 3010 1741 3072 elis

367 3095 420 3156 vis
442 3096 514 3159 mihi
537 3095 741 3157 insidiaretur.
1052 3110 1105 3175 (ex
1124 3128 1162 3178 sp.
1183 3114 1217 3165 rs
1235 3114 1270 3164 rr.
1290 3115 1313 3166 ι
1334 3116 1359 3165 ι.
1380 3112 1422 3164 ιι.
1444 3115 1514 3167 serr.
1537 3110 1627 3177 sose.)

439 3234 542 3300 Kepleri
560 3239 645 3286 sutem
663 3236 738 3285 rerba
755 3236 820 3287 haee
837 3244 912 3287 suut:

295 3340 298 3343 ’
368 3341 548 3425 Exemplar
565 3341 771 3424 porrectionis
793 3363 881 3405 meae

494 3430 540 3493 ud
564 3430 758 3513 meismes.
974 3517 997 3582 S
1032 3521 1058 3582 P
1096 3520 1126 3582 D

458 3619 536 3686 Guru
568 3622 788 3688 intellexissem
816 3642 854 3686 ex
876 3624 1033 3687 Maestlini
1067 3625 1183 3701 literis,
1216 3647 1291 3708 ques
1325 3629 1368 3690 ad
1397 3648 1445 3690 me
1479 3629 1563 3692 dedit
1590 3628 1739 3710 superiori

369 3709 520 3799 Augusto,
546 3713 740 3793 respondisse
763 3722 794 3777 te
819 3713 857 3775 ad
881 3713 1051 3792 epistolium
1072 3735 1179 3790 meum,
1205 3718 1329 3797 ejusque
1352 3717 1558 3798 responsionis
1582 3719 1738 3798 exemplar

369 3799 448 3878 apud
463 3800 660 3864 Maestlinum
683 3822 767 3865 esse:
791 3802 930 3882 proxima
953 3806 1111 3866 occasione
1136 3805 1216 3884 apud
1240 3805 1322 3867 illum
1341 3807 1448 3880 institi,
1474 3816 1509 3869 ut
1531 3807 1562 3868 id
1582 3809 1739 3889 exemplar

369 3887 408 3950 ad
431 3907 478 3950 me
502 3889 647 3961 mitteret.
672 3893 790 3973 quando
815 3892 921 3954 literae
943 3901 1013 3954 tuae
1034 3894 1105 3956 milri
1125 3913 1183 3955 noo
1204 3894 1411 3957 redderentur.
1446 3895 1497 3959 Sic
1517 3915 1590 3956 casu
1614 3903 1647 3956 et
1667 3897 1736 3958 dili·

368 3977 472 4056 gentia
494 3985 549 4039 tus
571 3979 694 4055 factum,
719 3990 754 4044 nt
776 3981 915 4062 quamvis
943 3983 1138 4061 pereuntibus
1161 3982 1222 4044 tuis
1247 3982 1352 4057 literis,
1373 3995 1474 4047 tamen
1499 3985 1570 4064 quid
1588 4003 1635 4045 me
1659 3986 1737 4047 scire

367 4065 464 4127 velles
477 4075 549 4146 post
563 4068 709 4131 decimum
724 4088 857 4133 mensem
881 4070 1091 4135 intellexerim.
1138 4071 1252 4133 Horum
1273 4070 1358 4135 initio
1379 4083 1410 4135 te
1430 4074 1589 4135 certiorem
1608 4074 1736 4149 reddidi,

327 4186 333 4189 ·
368 4153 439 4234 quis
461 4155 491 4217 iu
515 4155 569 4217 iila
591 4159 714 4238 querela
737 4168 808 4234 tue,
833 4178 879 4220 me
904 4157 1042 4222 Christe!
1077 4172 1167 4240 quam
1190 4160 1363 4239 justissima
1390 4163 1544 4241 postules,
1584 4172 1619 4224 ut
1640 4163 1736 4242 primo

368 4261 485 4323 quoque
507 4252 644 4324 tempore
668 4266 765 4308 meam
789 4246 845 4309 tibi
869 4247 1051 4310 senteutiam
1075 4248 1224 4328 aperiam:
1251 4269 1287 4311 ne
1313 4270 1351 4312 ex
1379 4250 1435 4312 lrcc
1455 4251 1630 4313 decimestri
1652 4270 1738 4313 mora

367 4331 463 4411 major
485 4332 541 4393 tibi
565 4334 602 4395 de
625 4354 672 4396 me
696 4335 828 4414 suspicio
852 4338 957 4415 eulpae
981 4336 1175 4398 suboriretur.
1220 4336 1376 4408 Quantum
1401 4340 1494 4419 igitur
1518 4340 1631 4401 attinet
1654 4360 1737 4402 meas

368 4419 408 4480 ad
431 4419 542 4483 Ursum
565 4421 689 4503 literas,
724 4443 762 4484 ex
785 4425 837 4498 iis,
872 4444 949 4504 quae
974 4425 1172 4503 excerpsisti,
1197 4426 1297 4489 verbis
1325 4428 1469 4507 pleraque
1492 4448 1561 4491 mea
1593 4446 1736 4510 agnosco.

367 4507 416 4569 Ex
439 4527 475 4571 eo
497 4509 542 4583 iit,
566 4518 600 4572 nt
623 4511 760 4593 quamvis
784 4513 823 4575 ad
847 4514 960 4592 aliqua,
985 4514 1022 4574 de
1050 4512 1157 4593 quibus
1181 4516 1295 4588 dubito,
1319 4535 1395 4595 pene
1415 4517 1642 4579 cohorrescem:
1667 4517 1735 4580 nul·

369 4595 430 4657 lum
452 4605 554 4660 tameo
578 4617 690 4681 negare
713 4603 839 4680 possim.
888 4603 922 4663 In
948 4602 1005 4665 hac
1029 4601 1131 4681 itaque
1155 4612 1241 4682 parte
1271 4605 1383 4666 nullum
1408 4606 1505 4667 adhoc
1529 4606 1601 4670 Ursi
1624 4606 1735 4669 crimen

369 4690 425 4759 est,
452 4685 529 4766 quod
555 4686 678 4767 liqueat.
718 4691 828 4753 Utrum
847 4697 948 4753 autem
969 4690 1121 4770 integrum
1135 4690 1295 4773 epistolem
1309 4693 1519 4772 publicaverit,
1543 4696 1639 4777 major
1658 4695 1735 4774 apud

368 4791 415 4835 me
439 4773 606 4839 dubitatio:
637 4797 713 4859 quae
739 4779 829 4841 facile
853 4780 1073 4854 discuteretur,
1103 4780 1130 4841 si
1153 4781 1226 4843 mihi
1249 4783 1403 4861 exemplar
1426 4784 1492 4865 typi
1515 4793 1609 4846 esset
1654 4782 1736 4847 Nam

367 4859 398 4924 io
421 4861 528 4926 iisdem
553 4862 649 4930 literis
671 4866 858 4953 desiderium
872 4886 971 4934 meum
985 4877 1105 4934 tuomm
1119 4887 1242 4950 operum
1257 4871 1450 4953 legendorum
1470 4873 1618 4954 expressi,
1641 4889 1734 4955 eaque
