3872 5836
410 346 477 415 410
979 350 1201 417 maenaque

412 531 484 593 ago,
512 519 547 573 nt
574 510 735 573 veritatem
764 522 820 589 ego
851 509 949 591 (cnjus
980 521 1115 574 assertor
1143 531 1207 573 snm
1236 519 1370 592 promtus
1398 530 1531 592 semper,
1562 532 1621 574 non
1650 530 1766 592 semper

413 594 554 682 idoneus)
584 599 623 662 ad
655 617 752 661 meum
783 600 970 663 commodum
999 600 1135 680 dirigam.
1185 602 1217 662 ln
1246 602 1382 663 omnibus
1410 602 1614 681 prognosticis
1641 601 1671 663 id
1697 621 1763 682 ago,

412 698 447 753 nt
469 692 506 752 de
524 689 653 770 promtis
676 688 848 757 sententiis,
872 709 948 770 quae
972 689 1044 751 mihi
1072 709 1161 751 verae
1185 690 1337 764 videntur,
1363 698 1484 767 gustum
1508 690 1637 770 aliquem
1656 690 1764 770 jucun-

404 780 519 850 ditatis
543 786 576 841 et
598 777 769 858 majestatis
792 785 918 840 naturae
950 779 1112 857 praebeam
1134 779 1195 841 illis
1219 798 1312 859 supra
1335 779 1466 841 delinitis
1488 780 1564 842 meis
1588 780 1764 843 lectoribus:
1789 793 1795 798 ·

320 896 323 907 λ
413 869 439 931 si
469 869 547 930 sorte
570 887 625 948 per
648 869 704 929 hoc
728 866 897 929 excitentur
921 867 959 929 ad
983 887 1031 930 mc
1055 875 1141 929 tanto
1165 868 1271 949 majori
1296 886 1362 932 cnm
1382 869 1494 931 salario
1509 869 1658 939 alendum,
1681 870 1765 949 cnjus

411 957 495 1020 nulla
518 957 615 1019 adhuc
640 954 776 1018 accessio
801 956 883 1017 facta
907 957 1017 1036 (neque
1041 957 1110 1019 dum
1133 958 1285 1037 impensae
1309 957 1381 1020 mihi
1400 957 1585 1032 restitutae).
1632 956 1717 1020 Haec
1740 957 1765 1019 si

409 1046 607 1126 probaveris,
628 1046 693 1126 jam
716 1063 806 1124 porro
829 1044 901 1107 mihi
925 1064 982 1107 non
999 1046 1201 1122 succensebis,
1226 1049 1314 1128 qnod,
1340 1055 1476 1110 assertor
1490 1048 1675 1126 astrologiae
1700 1065 1765 1109 cnm

410 1136 465 1197 sim
489 1135 589 1197 verbis
613 1142 645 1196 et
665 1124 773 1214 opere,
803 1135 942 1197 studeam
966 1142 1067 1197 tamen
1096 1137 1173 1198 hanc
1197 1137 1306 1200 animis
1334 1137 1486 1200 hominum
1510 1135 1765 1199 existimationem

409 1224 599 1311 implentem,
624 1242 684 1285 non
707 1242 774 1286 esse
797 1243 845 1286 me
869 1242 1014 1304 nugacem
1038 1226 1233 1307 astrologum.
1280 1226 1315 1288 Id
1343 1225 1399 1288 hoc
1430 1246 1507 1287 anno
1536 1227 1609 1300 feci,
1644 1225 1765 1306 rejectis

412 1313 544 1392 quartis,
568 1312 806 1375 revolutionibus
829 1315 949 1388 annuis,
975 1332 1032 1394 quo
1055 1316 1174 1378 nomine
1199 1317 1290 1379 etiam
1312 1316 1515 1379 revolutiones
1538 1325 1711 1379 menstruae
1735 1323 1765 1377 et

410 1410 583 1481 quartarum
606 1402 722 1464 censeri
745 1402 824 1465 volo.
870 1404 1032 1485 Nunquam
1046 1405 1106 1468 illis
1121 1406 1278 1487 quicquam
1292 1406 1394 1479 tribui,
1418 1406 1462 1468 uti
1477 1406 1649 1469 meminisse
1665 1414 1763 1486 potes.

410 1490 548 1554 Sufficiet
575 1491 681 1571 cuique
710 1490 769 1552 diei
798 1501 941 1572 aspectus
969 1513 1051 1557 snus.
1096 1496 1314 1561 Revolutiones
1343 1496 1493 1558 hominum
1523 1503 1555 1557 et
1578 1494 1693 1557 urbium
1716 1493 1763 1555 hic

413 1581 540 1661 excipio.
591 1581 684 1642 Aliud
713 1587 762 1642 est
790 1581 895 1657 homo,
933 1583 1015 1645 alind
1043 1593 1258 1666 tempestatum
1290 1585 1395 1647 series.
1446 1585 1545 1648 Uunm
1572 1583 1644 1647 mihi
1667 1583 1765 1664 possit

415 1671 521 1750 objici,
547 1669 699 1732 conditum
722 1688 788 1732 esse
812 1671 953 1734 mundum
976 1672 1006 1733 in
1030 1682 1113 1737 certo
1136 1682 1247 1755 puncto
1270 1674 1385 1736 zodiaci
1410 1672 1664 1736 Soleversante:
1689 1692 1763 1734 ean-

412 1762 482 1821 dem
506 1778 577 1839 ergo
601 1757 748 1829 rationem
771 1779 839 1822 esse
863 1762 978 1824 reditus
997 1760 1078 1826 Solis
1103 1765 1141 1826 ad
1164 1763 1195 1824 id
1218 1772 1369 1843 punctum,
1394 1783 1470 1843 quae
1491 1769 1538 1824 est
1552 1762 1668 1824 reditus
1683 1760 1763 1824 Solis

412 1850 451 1911 ad
474 1855 617 1928 punctum
640 1848 820 1911 nativitatis.
866 1850 1057 1932 Respondeo,
1083 1872 1155 1934 ergo
1171 1854 1326 1915 differatur
1344 1850 1496 1933 negotium
1512 1870 1547 1913 eo
1566 1870 1670 1931 usque,
1696 1850 1764 1912 dum

412 1946 494 2001 recte
518 1955 573 1999 nos
597 1938 726 2000 doceant
749 1938 932 2019 chronologi,
953 1960 1010 2020 qno
1026 1942 1095 2003 anni
1109 1951 1245 2023 tempore
1260 1942 1300 2002 sit
1318 1942 1456 2003 conditus
1470 1941 1608 2002 mundns.
1646 1937 1764 2010 Quam-

411 2028 459 2091 vis
483 2027 541 2090 etsi
564 2027 596 2089 id
618 2034 785 2101 teneamus,
811 2028 959 2090 abacnlo
982 2036 1083 2091 tamen
1107 2031 1146 2093 ad
1162 2031 1380 2110 aognlnmnon
1396 2030 1530 2110 sequitur
1544 2036 1763 2108 argumentum.

411 2118 446 2179 In
470 2117 569 2179 reditu
592 2115 710 2196 quidem
734 2115 816 2178 Solis
845 2118 950 2179 eadem
973 2126 1023 2180 est
1043 2120 1136 2191 ratio,
1166 2128 1280 2181 atnon
1304 2121 1335 2181 in
1358 2119 1511 2200 subjecto,
1541 2119 1619 2198 quod
1643 2117 1764 2180 revolu-

411 2205 543 2268 tionibus
567 2204 743 2266 variaudum
766 2207 951 2286 proponitur.
997 2205 1146 2271 Similiter
1169 2228 1292 2272 causam
1306 2208 1411 2281 habes,
1435 2228 1487 2270 cnr
1501 2208 1633 2269 animam
1649 2207 1760 2268 Terrae

412 2294 540 2357 tribuam
568 2294 597 2355 in
623 2291 805 2355 Germanico
833 2295 946 2375 scripto
974 2295 1159 2360 brevissimis
1187 2298 1298 2359 verbis.
1345 2298 1424 2359 Nam
1453 2316 1501 2358 res
1525 2297 1593 2375 ipsa
1620 2294 1683 2358 scio
1712 2293 1765 2356 tibi

412 2403 471 2445 non
494 2381 674 2462 displicebit.
695 2438 699 2441 .
718 2383 930 2447 Fundamenta
958 2385 1115 2449 universae
1145 2387 1300 2449 doctrinae
1322 2381 1581 2467 ‘meteorologicae
1613 2383 1764 2465 proposui.

383 2472 489 2541 ,Illud
513 2471 653 2534 existimo
676 2471 732 2532 tibi
751 2472 914 2552 jucundum
938 2475 1028 2537 etiam
1053 2475 1131 2537 fore:
1156 2476 1233 2556 qnod
1257 2495 1321 2537 rem
1344 2474 1564 2557 qnotidianam,
1590 2472 1764 2537 admiratio-

411 2561 457 2623 nis
485 2568 587 2624 tamen
616 2560 765 2623 maximae
796 2564 902 2642 (qnam
931 2564 1076 2645 astrologi
1100 2564 1380 2645 superstitionibus,
1412 2563 1581 2645 philosophi
1610 2562 1765 2624 calumniis

412 2650 550 2725 obruunt,
574 2657 610 2712 ut
631 2649 778 2712 hactenns
803 2672 821 2711 a
843 2653 961 2714 nemine
985 2654 1172 2735 investigata
1195 2655 1251 2727 sit)
1275 2654 1304 2715 in
1329 2654 1426 2716 lucem
1447 2654 1532 2726 sisto,
1558 2652 1695 2734 qnodque
1711 2652 1764 2712 hoc

410 2746 501 2819 pacto
525 2739 743 2819 quodammodo
772 2739 969 2822 philosophos
999 2762 1102 2805 omnes
1132 2743 1272 2805 cohortor
1301 2742 1339 2804 ad
1362 2741 1627 2821 investigationem
1655 2759 1764 2802 causa-

410 2847 489 2903 rum,
518 2847 570 2890 cnr
588 2827 729 2906 planetae
757 2847 812 2908 per
840 2838 981 2910 aspectus
1011 2840 1127 2895 tantum
1156 2838 1330 2912 operentur,
1364 2851 1422 2893 non
1450 2831 1524 2891 item
1547 2831 1617 2902 (ant
1639 2847 1699 2891 non
1722 2830 1766 2890 ita

411 2916 545 2989 sortiter)
569 2935 624 2995 per
647 2935 695 2978 se:
721 2936 826 2997 nempe
850 2927 884 2981 ut
908 2921 1045 3000 exemplo
1068 2930 1151 2997 utar,
1181 2928 1329 2983 curante
1354 2920 1505 2983 octiduum
1529 2938 1600 3003 cum
1618 2920 1767 2980 distarent

258 3067 266 3081 ,
306 3034 309 3038 ·
409 3002 430 3083 ii
454 3013 487 3067 et
510 3013 536 3076 ό
559 3024 602 3085 gr.
628 3002 680 3078 50,
706 3026 763 3069 oon
788 3007 899 3069 inerint
920 3010 1041 3089 pluviae
1066 3018 1097 3072 et
1120 3010 1246 3073 nebulae
1271 3017 1302 3070 et
1325 3010 1419 3084 nives,
1448 3008 1537 3070 hodie
1561 3027 1627 3070 curn
1651 3006 1767 3069 distant

410 3114 454 3175 gr.
481 3091 534 3168 60,
559 3093 621 3155 sint
643 3094 733 3157 illae?
757 3114 824 3157 cnm
848 3104 949 3158 tamen
973 3098 1150 3160 tantundem
1174 3099 1248 3161 lucis
1267 3097 1405 3178 utrinqne
1419 3098 1563 3171 habeant,
1589 3097 1765 3176 eosdemque

412 3184 474 3246 sere
498 3191 581 3246 ortus
605 3190 638 3244 et
660 3203 786 3247 occasus
805 3193 960 3257 tucantur.
1008 3185 1139 3262 Quarto,
1165 3189 1269 3249 eadem
1284 3187 1439 3249 excusatio
1458 3185 1591 3265 pertinet
1613 3185 1705 3246 etiam
1728 3184 1765 3244 ad

411 3272 607 3352 appendicem
635 3272 673 3332 de
697 3271 811 3350 eclipsi.
867 3274 998 3352 Magna
1031 3294 1106 3337 sum
1138 3296 1224 3338 usus
1259 3276 1513 3349 immodestia,
1548 3274 1579 3336 si
1612 3273 1767 3353 prodeat

408 3360 477 3422 hoc
507 3359 787 3439 prognosticum
820 3360 854 3421 in
889 3360 1132 3427 Germaniam.
1186 3363 1375 3427 Audacter
1404 3364 1604 3445 polliceor,
1638 3370 1764 3424 osten-

410 3449 496 3510 dere
520 3466 571 3509 me
593 3466 705 3527 posse
728 3455 929 3512 tractatum
948 3451 1132 3531 integrum
1156 3454 1197 3515 de
1221 3472 1276 3528 ea,
1302 3454 1422 3533 qualis
1445 3471 1531 3513 vero
1556 3449 1765 3513 tractatus?

408 3537 542 3601 Nullus
566 3536 696 3613 adhno,
720 3537 755 3600 si
778 3556 898 3601 verum
923 3540 1054 3604 fatear.
1102 3541 1164 3605 Sed
1188 3551 1287 3604 tamen
1313 3543 1339 3604 si
1364 3542 1429 3623 quis
1452 3547 1585 3620 peteret,
1609 3538 1765 3602 Maestlini

410 3626 516 3689 literae
539 3644 594 3706 pro
618 3644 666 3687 me
690 3626 892 3707 loquerentur,
918 3629 967 3691 nbi
990 3631 1118 3693 maxime
1143 3651 1267 3694 necesse
1290 3639 1383 3694 esset.
1430 3631 1511 3693 Nam
1536 3629 1642 3692 statim
1664 3646 1766 3691 mense

408 3706 522 3778 Mar'tio
555 3714 653 3777 adhuc
682 3716 790 3796 scripsi
820 3718 859 3779 ad
883 3713 903 3781 3
925 3719 1070 3799 paginas,
1105 3720 1278 3803 petentibus
1305 3720 1351 3782 ita
1379 3718 1556 3799 quibusdam
1579 3716 1764 3790 Abbatibus,

409 3805 463 3867 sed
487 3804 673 3885 populariter
708 3805 773 3867 sine
801 3814 942 3886 compoto
971 3808 1079 3870 seriem
1105 3810 1232 3889 explicui
1261 3817 1352 3871 natae
1376 3808 1524 3887 paulatim
1548 3807 1624 3868 artis
1648 3824 1686 3867 ex
1709 3806 1765 3866 ob·

409 3893 647 3963 servationibus,
682 3893 908 3977 hypothesibus,
933 3897 1064 3971 tabulis,
1099 3897 1339 3976 ephemeridibus
1367 3915 1473 3978 nsque'
1491 3897 1531 3958 ad
1552 3895 1763 3975 prognostica:

410 3982 514 4045 addidi
539 3981 773 4061 descriptionem
796 4003 883 4046 meac
907 3984 1146 4060 observationis,
1170 3987 1270 4048 omnia
1294 3986 1333 4048 ad
1357 4003 1454 4048 meum
1478 3985 1665 4046 commodum
1688 3982 1764 4045 mei-

410 4090 466 4152 que
490 4069 581 4131 ofiicii
611 4070 817 4133 fundationem
845 4073 950 4136 direxi.
996 4075 1093 4138 Nemo
1126 4082 1228 4137 tamen
1257 4075 1287 4137 id
1321 4074 1399 4154 quod
1432 4073 1540 4153 scripsi
1569 4072 1655 4135 vidit.
1704 4071 1764 4134 Sed

409 4158 507 4237 major
536 4156 678 4219 fortassis
707 4160 836 4222 andacia
865 4160 1085 4242 interponentis
1114 4183 1183 4225 sese
1215 4163 1294 4225 inter
1322 4163 1477 4244 opiniones
1505 4162 1662 4224 artificum.
1708 4160 1765 4222 Hic

400 4246 489 4337 venim
511 4264 570 4307 non
593 4251 729 4317 tantum,
754 4248 832 4329 qnod
855 4249 917 4312 ista
934 4253 1097 4314 vernacula
1119 4252 1223 4332 lingna
1245 4252 1389 4329 scribam,
1414 4252 1470 4314 sed
1493 4251 1595 4324 etiam,
1621 4250 1700 4331 quod
1723 4250 1766 4310 ita

410 4335 550 4409 sentiam,
574 4333 742 4398 miraberis.
789 4338 920 4401 Feceras
943 4347 976 4402 tn
999 4342 1180 4403 mentionem
1204 4342 1302 4403 obiter
1320 4341 1528 4404 diminuendae
1548 4336 1767 4419 intemperatos

410 4422 540 4499 Solaria,
574 4443 633 4505 qua
663 4433 695 4487 et
716 4431 995 4509 npoodnparqaona
1019 4429 1263 4494 diminuerentur.
1309 4432 1346 4494 ld
1373 4449 1430 4511 ego
1458 4429 1501 4493 nti
1526 4428 1625 4490 obiter
1644 4427 1764 4507 arripui,

409 4513 453 4576 sic
477 4512 570 4575 etiam
593 4512 692 4583 obiter
705 4516 888 4590 confirmavi,
912 4517 1039 4580 dicendo
1063 4537 1101 4580 ex
1123 4519 1328 4600 magnitudine
1348 4519 1477 4582 aestatis
1492 4537 1550 4579 uon
1565 4536 1656 4598 posse
1670 4514 1765 4577 statui

410 4604 447 4664 de
471 4600 708 4679 eccentricitate,
733 4613 857 4684 propter
880 4607 1051 4686 analogiam
1076 4609 1262 4687 superiomm
1290 4609 1479 4688 planetarum
1503 4608 1533 4668 in
1558 4605 1766 4686 aequantibus,

410 4710 487 4773 quae
511 4688 613 4771 ntique
637 4692 730 4755 etiam
753 4692 856 4756 Solem
879 4703 999 4770 teneat,
1024 4695 1050 4756 si
1073 4698 1207 4759 rationes
1229 4697 1455 4778 philosophicas
1479 4714 1650 4776 sequamur.
1697 4694 1765 4755 Ve-

409 4800 476 4845 rum
498 4781 568 4843 dnm
591 4779 667 4845 hene
681 4781 844 4863 perpendo,
868 4783 988 4846 invenio
1012 4785 1051 4846 ad
1071 4785 1239 4865 juvandum
1253 4786 1399 4850 calculum
1418 4784 1582 4849 vernalium
1596 4791 1628 4845 et
1642 4790 1764 4845 antum-
