3788 5828
746 297 830 365 oeus
844 296 923 351 ω
1452 299 1516 368 ssa

153 458 204 540 qni
224 454 348 539 panitas
373 456 456 521 iden
484 464 666 521 statuerunt.
713 459 830 540 Nempe
853 459 1047 521 Ptolemaeum
1069 457 1099 520 D
1124 465 1264 522 mtrem
1290 460 1452 540 uquaods
1481 471 1517 524 et

153 547 340 610 Bnautrnm
363 546 432 607 viae
454 546 649 627 planetariae
673 547 756 610 iecit.
803 546 990 628 Goperuicus
1012 566 1084 608 vero
1113 546 1241 611 circaG
1269 557 1419 625 centnm
1450 567 1518 613 nra-

153 635 235 698 dium
257 635 337 697 inter
358 634 388 696 D
415 644 448 696 et
470 635 516 709 B,
549 646 720 699 accentuum
753 636 886 699 eocsntri
916 636 965 699 vel
996 637 1285 718 eecentnepioyolum
1313 637 1515 701 circumducit.

152 723 191 787 Ei
214 742 287 804 ergo
310 722 355 797 tt,
378 732 412 786 nt
435 724 484 786 via
506 725 647 805 planetae
672 726 714 787 sit
728 746 817 808 quarn
833 725 968 806 proxime
982 723 1107 798 EFGH,
1133 726 1187 787 sed
1211 734 1310 788 motus
1334 728 1515 808 aequalitas,

154 814 234 877 sicut
256 812 351 891 ipsius
374 812 456 875 orbis
482 813 653 877 intermedii
681 814 761 879 inter
782 810 897 877 EFGH
928 822 959 876 et
982 812 1090 876 IKLM
1119 814 1200 875 circa
1224 814 1268 889 C,
1301 814 1346 877 ita
1371 817 1516 897 planetae

154 903 236 965 circa
258 902 301 975 D,
325 901 488 980 regulatur.
509 895 553 976 ”l

244 989 378 1057 Causam
399 990 505 1067 habes,
530 1012 582 1057 cnr
597 990 755 1072 aequantia
774 999 910 1055 centrum
932 997 1020 1070 parte
1046 991 1138 1054 tertia
1161 992 1397 1059 eccentricitatis
1422 992 1515 1069 totius

156 1102 174 1142 a
197 1088 302 1143 centro
327 1078 487 1142 eoceutn‘oi
511 1081 613 1143 distet.
630 1080 658 1155 ⁴¹)
694 1081 811 1162 Nempe
834 1078 961 1142 mundus
984 1086 1067 1141 totns
1090 1078 1192 1143 animai
1209 1080 1316 1162 plenus
1336 1089 1413 1165 eetp,
1437 1102 1515 1164 qnae

155 1169 269 1250 rapiat,
294 1168 434 1250 quiequid
456 1168 634 1249 adipiscitur
657 1169 816 1231 stellarum
839 1168 904 1231 sire
925 1177 1125 1242 cometarum,
1151 1169 1239 1249 idque
1263 1190 1301 1232 ea
1323 1172 1513 1248 pernicitate,

155 1278 245 1339 qnam
267 1256 393 1338 requirit
416 1258 474 1319 loci
496 1279 516 1319 a
537 1257 611 1320 'Sole
635 1258 783 1321 distantia
806 1257 901 1321 stibi
925 1255 1072 1319 tortitudo
1095 1258 1227 1320 virtutis.
1242 1263 1270 1332 ⁸)
1307 1258 1425 1321 Deinde
1448 1269 1514 1324 esto

156 1346 343 1427 inquolibet
364 1346 490 1427 planeta
512 1347 673 1428 peculiaris
700 1346 820 1422 anima,
850 1347 935 1426 enjus
964 1346 1089 1426 remigio
1117 1347 1210 1408 stella
1235 1349 1385 1410 ascendat
1406 1348 1437 1410 in
1460 1368 1515 1412 suo

155 1435 289 1499 ambitu:
314 1443 345 1497 et
368 1435 490 1499 orbibus
514 1436 639 1499 remotis
662 1437 767 1501 eadem
789 1443 962 1518 sequentur.

240 1525 345 1605 Atque
368 1525 444 1586 haec
469 1525 506 1586 de
524 1533 696 1604 aequante,
730 1524 780 1588 nbi
809 1524 939 1605 legerint
967 1522 1079 1603 aliqui,
1107 1523 1169 1586 scio
1197 1524 1339 1603 gestient
1385 1523 1466 1586 Nam
1489 1524 1515 1587 si

154 1612 301 1676 mirantur
314 1611 479 1677 astronorm
493 1612 702 1677 Ptolemaeum
714 1614 988 1676 indemonstratum
1008 1612 1154 1675 mmsisse
1177 1612 1255 1673 hanc
1278 1613 1404 1675 medem
1427 1632 1515 1675 men-

153 1722 256 1769 snram
278 1702 374 1765 centri
397 1703 566 1785 aequantia,
590 1704 684 1766 multo
707 1703 804 1783 magis
823 1704 890 1785 jam
912 1701 1098 1767 mirabuntur
1117 1701 1247 1787 qnidam,
1270 1701 1366 1764 fnisse
1389 1711 1514 1765 cansam

154 1793 243 1873 hujus
266 1788 328 1865 rei,
361 1811 456 1872 neque
480 1798 583 1855 tamen
607 1793 644 1853 de
668 1806 706 1854 ea
728 1792 904 1854 Ptolemaeo
932 1789 1122 1866 suboluisse,
1153 1798 1220 1854 enin
1246 1790 1346 1871 ipsam
1373 1790 1514 1866 remita,

154 1882 198 1944 uti
220 1881 333 1953 habet,
365 1887 517 1955 sumeret,
549 1888 583 1951 et
614 1880 700 1963 quasi
728 1880 834 1952 diuino¹
858 1887 931 1942 nutu
960 1896 1069 1942 caecus
1097 1881 1136 1941 ad
1164 1879 1262 1943 locum
1284 1879 1420 1943 debitum
1441 1894 1514 1960 per-

154 1970 280 2034 reniret.

243 2056 306 2121 Sed
336 2064 436 2120 tamen
465 2076 518 2120 eos
548 2054 720 2121 admonitos
753 2057 861 2135 velim,
895 2056 969 2121 nihil
1002 2077 1071 2121 esse
1102 2076 1140 2119 ex
1168 2056 1247 2121 omni
1270 2064 1358 2137 parte
1382 2055 1513 2121 beatum.

153 2148 234 2214 Nam
256 2147 286 2209 in
311 2146 430 2209 Venere
455 2155 487 2208 et
508 2146 659 2209 Mercurio
686 2146 747 2209 ista
777 2147 909 2210 tarditas
940 2154 973 2209 et
998 2145 1146 2209 velocitas
1175 2164 1232 2208 non
1261 2147 1300 2209 ad
1330 2143 1516 2224 planetaoa

154 2236 227 2301 Sole
256 2234 489 2315 digressionem,
524 2233 578 2298 sed
611 2236 651 2298 ad
681 2236 778 2298 solnm
801 2235 913 2299 Terrae
944 2242 1057 2297 motum
1085 2230 1378 2308 accommodarunt
1423 2232 1516 2297 Etsi

155 2325 221 2408 quis
249 2322 317 2387 huie
344 2323 388 2393 rei
419 2332 581 2404 praetexat
613 2323 765 2386 diversam
796 2332 896 2387 motus
926 2320 1129 2389 conditionem
1161 2344 1181 2389 a
1207 2331 1288 2387 mntn
1317 2322 1513 2404 superiorum,

174 2435 244 2478 nam
268 2413 395 2501 deniqne
419 2413 447 2475 in
471 2414 584 2475 Terrae
608 2432 706 2475 annno
729 2421 813 2477 motu
835 2431 958 2476 cansam
982 2413 1112 2477 aderet?
1159 2412 1188 2479 is
1212 2410 1290 2475 enim
1314 2431 1409 2492 neque
1434 2409 1513 2492 apud

213 2505 362 2566 lernaeum
386 2520 479 2582 neque
510 2502 590 2582 apud
615 2500 814 2583 (lopernicnm
845 2509 993 2583 aequante
1021 2496 1201 2581 indignitd
1246 2496 1350 2572 Quare
1379 2500 1514 2563 ethaeo

153 2594 271 2657 incerta
295 2592 331 2654 lis
355 2590 411 2653 snb
435 2602 607 2653 astronomo
626 2589 729 2670 judice
751 2590 895 2672 pendeat.

404 2780 409 2787 ’
469 2821 514 2882 nu
538 2817 679 2884 csrnr
701 2815 943 2882 mensumn
965 2813 1198 2881 secuuntur

681 2938 795 2993 NOTAE
814 2932 991 2992 AUCTORE.

235 3049 268 3123 a)
290 3053 320 3108 Si
341 3068 414 3124 qnae
435 3069 522 3107 cansa
541 3052 633 3116 eflicit,
658 3059 692 3108 nt
712 3050 849 3111 Saturnus
872 3050 948 3107 altus
972 3048 1010 3103 ait
1032 3048 1137 3104 tardior
1157 3050 1227 3103 Jove
1241 3047 1433 3121 humilioriot
1454 3047 1514 3103 Soli

153 3134 287 3198 viciniori,
307 3134 404 3188 eadem
417 3132 530 3197 efficiat,
553 3140 584 3187 nt
597 3133 732 3188 Saturnus
746 3134 821 3187 altus
836 3136 866 3184 'et
879 3144 1025 3202 apognens
1044 3129 1082 3184 sit
1095 3128 1201 3183 tardior
1215 3145 1245 3183 se
1260 3129 1320 3198 ipso
1334 3129 1470 3201 perigaao
1483 3133 1515 3183 et
1543 3130 1544 3135 ’

153 3214 261 3271 humili.
298 3215 392 3269 Causa
405 3213 548 3284 utriusque
562 3211 603 3268 rei
617 3220 662 3267 est
675 3212 819 3284 elongatio
833 3212 966 3285 planetae
981 3226 999 3266 a
1013 3209 1078 3265 Solo
1091 3209 1237 3264 rectilinea
1254 3208 1344 3277 major
1356 3208 1403 3263 rel
1416 3208 1512 3271 minor,

154 3295 221 3367 qm'a
233 3296 318 3366 longa
332 3293 439 3348 distans
455 3309 473 3347 a
485 3293 550 3348 Solo
563 3299 693 3347 versatur
707 3293 735 3346 'sn
748 3293 852 3347 virtute
867 3291 957 3346 Solari
970 3290 1097 3345 tenuiore
1111 3296 1141 3344 et
1154 3287 1342 3343 imbecilliora.

233 3372 264 3441 b)
290 3375 378 3437 Quam
393 3373 637 3445 aequipollentiam
651 3373 847 3444 hypothesium
861 3371 940 3426 duem
953 3368 983 3426 in
997 3372 1146 3426 comment.
1161 3369 1260 3423 Martis
1274 3375 1348 3461 part.
1363 3368 1387 3422 1.
1489 3447 1496 3460 ο

154 3453 959 3605 sedtitttttdiltltttldttttmtt
973 3450 1514 3604 Ettritdt⁰ltdf¹⁰ttdtttt

153 3624 201 3672 tae
222 3617 303 3671 unius
317 3614 436 3669 motibus
458 3632 496 3668 ex
509 3614 574 3669 Sole
598 3613 808 3683 apparentibus,
833 3612 946 3682 spiratio
967 3618 997 3666 et
1019 3610 1164 3683 pariliatis,
1190 3617 1294 3684 regnat
1314 3607 1459 3680 proportio
1471 3606 1513 3662 dl·

153 3696 318 3752 standarum
339 3693 465 3763 praecise
482 3695 569 3769 dupla
588 3693 616 3748 ia
629 3693 748 3748 modiana
769 3691 836 3763 ipsis
850 3691 962 3754 diurnis
986 3699 1019 3747 ut
1032 3698 1096 3746 snut
1118 3704 1199 3745 arcus
1214 3689 1435 3752 eceentrioormn,
1450 3704 1513 3763 pro·

154 3778 245 3847 portis
267 3774 406 3848 ipsissima
427 3773 620 3829 distantiarum
634 3773 742 3844 simpla,
766 3772 827 3827 ride
842 3773 992 3827 Commeat
1006 3771 1105 3826 Martis
1119 3778 1193 3840 port
1209 3772 1248 3825 ili
1266 3776 1298 3824 et
1314 3762 1361 3823 tv.
1393 3768 1515 3824 cuman

153 3857 324 3913 diversitatis
337 3853 570 3909 evidentissimam
582 3855 670 3910 habet
683 3854 731 3908 lib.
746 3855 793 3908 IV.
807 3852 884 3923 Epit-
898 3854 1011 3909 Astron.

233 3933 265 4005 d)
284 3938 346 3992 Hoc
358 3934 392 3988 de
407 3935 558 4005 Cupernico
572 3950 666 3989 rernm
679 3941 732 3997 est,
746 3932 791 3988 eni
805 3932 959 3988 Coentmm
973 3938 1018 3986 est
1031 3929 1187 4001 aequantia,
1203 3947 1253 3984 sen
1267 3929 1360 4000 potins
1373 3927 1509 3987 amatri-

154 4017 310 4082 eotentriui,
330 4015 354 4069 Β
369 4022 492 4073 centrum
513 4015 576 4069 riae
590 4016 733 4086 planatae,
755 4019 785 4068 et
806 4013 894 4083 ipsius
908 4011 956 4069 ΔΟ
977 4028 1042 4083 para
1057 4012 1144 4066 tarda
1156 4009 1211 4065 BC.
1249 4013 1289 4065 At
1311 4008 1340 4063 in
1352 4009 1514 4067 Ptolemaeo

154 4098 229 4155 ratio
249 4104 294 4153 est
317 4095 385 4151 alia.
425 4095 564 4151 [illenim
578 4095 604 4149 D
628 4101 674 4149 est
695 4100 819 4153 centrum
841 4091 1040 4164 aequandas
1066 4089 1220 4154 ecoantrioi,
1243 4105 1328 4162 quare
1351 4084 1438 4161 ipsius
1460 4087 1514 4145 AD

155 4178 277 4235 semisms
296 4185 341 4231 est
363 4175 424 4230 BD.
595 4214 601 4223 .
923 4230 926 4241 .

154 4346 184 4394 et
206 4253 404 4393 Ῑιαθῐῖεῑξῗὶῗῗ
411 4252 805 4389 prrgnfflpeitubtgllffieffi
819 4250 1513 4402 ειξὲξῗᾞῖἒέῗοᾚίὴωεὲῗεωωὶὲῃᾶῗ

153 4425 237 4474 meat
253 4418 352 4473 Martis
367 4422 442 4486 part.
459 4412 506 4469 lli.
521 4419 551 4467 et
563 4414 611 4469 tv.
627 4420 657 4468 et
669 4414 819 4484 repetitam
833 4412 881 4467 lib.
897 4408 946 4466 IV.
961 4408 1037 4481 Epit.
1052 4416 1165 4467 Astron.
1205 4374 1212 4397 ³
1472 4430 1476 4439 ·

233 4495 264 4567 s)
284 4496 362 4554 stitit
381 4510 451 4566 opus
469 4494 649 4565 exceptione:
670 4506 736 4548 reru
754 4493 848 4548 rarius
868 4498 914 4546 est
933 4491 1019 4546 etiam
1032 4493 1066 4545 de
1081 4492 1191 4548 Venere
1212 4499 1242 4546 et
1254 4490 1401 4547 Mermrrio.
1441 4489 1513 4559 litam

153 4581 228 4652 qaod
247 4578 415 4649 Copornicur
439 4575 549 4647 aliquas
569 4576 666 4630 horum
688 4575 865 4644 planctuum
888 4572 1106 4644 inaequalitates
1130 4573 1235 4644 alligat
1255 4574 1291 4627 ad
1312 4577 1416 4627 notum
1439 4570 1515 4626 orbis

153 4659 249 4724 mni,
272 4660 301 4714 id
322 4661 357 4714 da
372 4672 470 4712 errore
490 4663 544 4710 ost
914 4666 917 4673 ⁴

233 4735 270 4812 p)
293 4740 377 4809 Apud
391 4737 581 4793 Ptolemaeum
595 4733 703 4805 quidem
716 4738 746 4787 et
760 4733 948 4803 Gopomionra.
986 4735 1027 4788 At
1039 4750 1095 4804 ogo
1108 4731 1137 4789 in
1150 4732 1301 4791 cunnus.
1314 4728 1416 4789 nauto
1429 4745 1512 4799 pras·

154 4821 298 4891 cipnorum
311 4818 376 4875 libri
389 4818 569 4873 membrorum
592 4815 645 4869 hoc
663 4828 746 4867 unum
767 4812 822 4868 feci
844 4815 966 4873 attolat
980 4813 1146 4887 anpmarem
1159 4812 1280 4884 lapidem
1292 4810 1321 4865 in
1336 4810 1513 4869 namneum
