3814 5818
391 399 456 465 3θῖ
816 394 917 445 Literse
934 394 1036 460 Keplesi
1055 394 1205 458 siderumque
1223 398 1325 444 mutuus

390 558 553 617 eommodsm,
570 560 601 605 ut
617 556 687 605 'nitio
704 554 792 604 berum
810 516 936 604 liberemus
953 554 1063 605 memini.
1083 552 1208 617 obtigisse.
1246 549 1339 614 smper
1358 549 1392 601 sd
1408 549 1548 614 Priueipsus
1565 563 1631 615 ques
1648 556 1679 601 su
1695 564 1746 601 rso·

391 632 467 679 unisti
484 635 509 679 ιι
526 641 590 692 quse
609 641 656 691 epo
674 627 772 676 omuino
790 625 921 675 seribende
937 624 1003 674 duxi.
1042 623 1144 674 Summe
1170 627 1237 672 eret:
1267 621 1368 688 globum
1392 622 1474 672 minus
1495 624 1590 684 lustum
1613 635 1661 673 nes
1686 622 1747 672 estis

391 701 532 755 artificiose,
552 698 592 762 qul
611 698 692 746 luturo
710 698 777 761 operi
795 696 943 759 respondere
955 695 1041 758 possit,
1061 694 1201 743 eonlsotum
1214 707 1277 742 esse.
1315 691 1448 743 Stellarum
1466 699 1493 742 ιι
1504 694 1641 758 imaginum
1653 692 1745 758 dpusss

390 787 439 820 non
457 772 521 820 bone
540 783 567 817 se
585 767 691 824 hebere;
709 768 776 817 unde
794 769 931 832 quicunque
949 768 1054 830 primum
1073 765 1227 828 adspexerit,
1246 763 1337 813 nullius
1355 764 1474 813 momenti
1491 769 1572 812 totum
1589 777 1651 827 opus
1669 764 1746 812 eestl·

391 843 478 897 mebit,
498 838 606 888 offensus
625 839 749 902 reprimo
767 840 867 893 intuitu,
887 852 917 885 ex
936 840 1007 899 eujus
1020 836 1175 899 apparitione
1193 835 1224 884 de
1237 836 1326 884 esteris
1344 834 1391 898 ipsi
1408 834 1453 884 list
1468 834 1596 898 judicium.
1633 832 1661 883 Si
1679 848 1705 882 ιι.
1725 835 1749 883 le

391 912 503 976 perergis
522 903 661 959 non'modo
679 909 905 974 omiseramus,
925 908 970 958 sed
987 909 1102 972 ingentes
1120 908 1193 956 neeri
1210 907 1274 962 sint,
1300 905 1358 970 quid
1377 905 1408 956 de
1426 907 1478 970 ipso
1497 896 1573 971 ἔργῳ
1590 904 1749 957 sentiendus

389 981 507 1047 putabit?
526 979 572 1031 dte.
608 981 700 1030 Addidi
718 986 810 1037 sutem,
829 986 863 1041 te,
882 981 903 1029 si
921 980 966 1031 tibi
979 980 1050 1042 oopie
1067 977 1146 1034 lieret,
1166 992 1215 1026 non
1233 977 1305 1026 modo
1323 979 1450 1040 promisse,
1470 977 1515 1027 sed
1532 976 1658 1040 promissis
1675 976 1748 1039 plurs

392 1058 521 1118 preestsre
539 1052 602 1101 selle
619 1052 775 1115 promisisse,
795 1065 859 1115 quse
877 1057 962 1099 temen
987 1050 1076 1098 ubseus
1095 1063 1145 1097 non
1162 1048 1241 1112 possis
1259 1045 1304 1097 tc.
1341 1045 1385 1096 Me
1403 1063 1461 1115 erpo
1481 1047 1546 1097 Cels.
1565 1048 1641 1110 ipsius
1659 1045 1747 1095 humil·

390 1125 448 1174 lime
467 1125 635 1179 committere,
663 1130 745 1171 utrum
771 1121 804 1171 ed
821 1120 998 1186 perficiendum
1024 1119 1049 1168 id
1068 1133 1128 1181 opus
1147 1134 1196 1167 non
1215 1119 1349 1168 consultius
1365 1119 1473 1181 judicet,
1501 1125 1530 1167 ut
1548 1132 1620 1167 omne
1643 1116 1670 1167 id
1688 1125 1749 1169 tuse

392 1196 513 1265 potestati
532 1193 696 1243 nonoredutur
713 1190 758 1242 dte.
780 1220 813 1230 -
832 1192 931 1241 Literss
949 1198 1006 1240 tuus
1024 1189 1192 1239 lubentissime
1214 1190 1348 1249 misissem,
1377 1190 1423 1240 sed
1445 1196 1474 1239 ut
1496 1188 1612 1252 superiori
1638 1195 1749 1252 tempore

392 1267 492 1329 scripsi,
516 1265 656 1328 personslis
672 1263 717 1313 ille
734 1277 774 1313 me
792 1263 969 1327 impedierunt,
998 1276 1046 1311 nee
1064 1261 1162 1324 quidem
1179 1260 1223 1310 llle
1240 1266 1294 1310 tem
1311 1259 1399 1318 fenile,
1422 1267 1452 1310 ut
1467 1275 1535 1311 nuno
1554 1261 1605 1321 sis,
1624 1257 1751 1309 obliterssi

393 1339 547 1401 potuissent;
575 1336 648 1399 plurs
665 1351 690 1384 u.
710 1342 768 1384 sunt
791 1341 817 1384 et
834 1334 892 1384 bino
910 1333 967 1382 inde
986 1333 1105 1397 disperse.
1141 1330 1192 1382 Sed
1216 1346 1255 1381 res
1278 1332 1342 1381 bene
1366 1330 1451 1383 hebet
1488 1331 1544 1382 Hos
1561 1346 1586 1380 n.
1607 1343 1751 1395 responsum

392 1414 449 1471 post
466 1407 547 1472 plures
565 1406 734 1457 hebdomsdss
752 1406 846 1469 seoepi,
865 1404 930 1470 qnod
948 1404 981 1453 sd
999 1404 1099 1453 verbum
1118 1402 1256 1452 desoribere
1274 1401 1348 1451 solui.

489 1530 563 1580 Von
593 1531 719 1580 Gottes
750 1528 895 1579 Gneden
925 1524 1128 1576 Friederlelr
1158 1524 1296 1590 Herzog
1326 1538 1366 1573 su
1393 1523 1649 1588 Wdrtemberg.
1726 1588 1729 1595 Ι

624 1600 752 1650 Vnseru
775 1599 853 1649 (irus
872 1613 968 1649 susor
985 1598 1134 1647 Ersemer
1152 1596 1210 1646 sud
1228 1595 1337 1645 lieber
1355 1594 1526 1645 Getresser.

461 1690 514 1741 Wir
537 1691 620 1740 beben
646 1704 727 1739 swern
757 1687 952 1752 sudertbdnipeu
979 1684 1081 1736 Beriobt
1105 1699 1192 1748 vogen
1219 1682 1263 1734 des
1286 1699 1333 1734 ron
1356 1683 1392 1733 Μ.
1419 1684 1443 1735 J.
1466 1683 1591 1748 Kepplero
1614 1683 1751 1746 professore

390 1762 574 1813 Metbemstum
601 1776 633 1810 su
658 1760 750 1809 Greets
777 1760 957 1823 sngessebuen,
989 1758 1048 1807 eber
1072 1772 1128 1806 som
1151 1754 1325 1807 Goldselrmied
1351 1756 1389 1804 uit
1412 1758 1466 1819 inst
1489 1754 1648 1819 rerlertigten
1671 1755 1752 1818 operis

391 1834 569 1892 Astronomioi,
598 1832 659 1881 elles
676 1830 769 1880 inhelts
786 1830 836 1879 rud
854 1828 992 1878 sonderlielr
1011 1828 1102 1878 desem
1119 1827 1214 1891 gntdig
1231 1840 1398 1882 semommeu,
1425 1840 1477 1875 ιιιι
1496 1824 1560 1876 euoh
1578 1825 1695 1889 bessgter
1713 1824 1751 1875 M.

392 1904 503 1968 Keppler
526 1904 589 1953 eben
608 1902 646 1951 dis
663 1901 757 1951 weroks
775 1900 866 1950 helbon
885 1899 934 1948 snd
951 1901 998 1947 rrie
1017 1898 1050 1947 Er
1068 1899 1113 1948 des
1132 1896 1279 1962 serlertlgon
1290 1896 1362 1946 welle
1380 1897 1581 1961 sugesohrieben.
1618 1894 1677 1944 Vud
1694 1894 1752 1946 weil

392 1977 436 2024 vir
454 1990 498 2023 sne
523 1974 587 2024 noels
605 1975 644 2022 nit
662 1972 795 2036 ellerd'sngs
815 1984 860 2020 sus
879 1970 974 2019 soleher
992 1969 1045 2018 sein
1063 1968 1183 2033 Keppleri
1201 1969 1320 2032 meinung
1337 1967 1504 2018 vutsrriohten
1523 1967 1632 2019 konnen.
1653 1967 1686 2015 ist
1704 1982 1750 2016 sn·

392 2060 432 2096 ser
449 2046 572 2110 gntdlper
588 2043 714 2099 Berelolr,
742 2043 768 2091 lr
784 2041 868 2091 wellet
886 2040 937 2090 lure
961 2040 1064 2090 desumi
1092 2038 1252 2088 susohreiben
1280 2039 1328 2088 rud
1351 2041 1424 2089 einen
1449 2037 1629 2102 speeifioierteu
1647 2035 1753 2087 Berioht

392 2117 512 2180 begeren,
540 2129 592 2163 ves
610 2114 659 2164 sud
676 2115 723 2163 vie
741 2113 775 2162 Er
798 2112 835 2163 dis
854 2111 929 2161 Werk
953 2111 1023 2160 reoht
1048 2107 1210 2160 ensuriobten
1228 2108 1378 2167 sorbebsns,
1406 2109 1471 2160 suolr
1490 2109 1583 2159 welche
1601 2114 1683 2157 motus
1701 2108 1753 2159 md

392 2187 439 2235 wie
457 2201 483 2236 er
501 2185 608 2236 dissolbe
627 2185 711 2235 derein
730 2185 834 2248 bringeri
851 2182 930 2231 welle.
967 2182 1080 2232 Alsdsmr
1099 2174 1230 2246 gedeuken
1248 2180 1292 2228 wir
1308 2195 1353 2229 sns
1372 2181 1453 2230 lerner
1471 2195 1503 2229 su
1519 2178 1673 2230 rosolrieren.

500 2256 594 2305 Detum
613 2255 728 2320 Stntgert
745 2255 769 2304 d.
790 2251 832 2301 18.
852 2253 950 2318 Aprilis.
1306 2251 1413 2300 Bulth.
1440 2251 1641 2315 Eisengrein.

464 2361 501 2411 Ex
518 2361 567 2410 hoo
584 2360 703 2410 mendeto
722 2356 805 2422 (nujus
823 2359 899 2408 serbe
917 2372 973 2406 oum
991 2357 1138 2419 seripserim,
1157 2370 1257 2406 senssnn
1275 2361 1329 2406 tute
1346 2357 1473 2420 percipere
1491 2354 1574 2419 potes)
1594 2356 1680 2412 sides,
1699 2370 1754 2405 rem

395 2433 476 2482 denno
493 2433 520 2481 ln
537 2433 662 2496 integrum
679 2436 760 2480 totsru
781 2431 923 2479 restitutum
946 2442 1009 2478 esse.
1047 2426 1211 2477 Ooesslonem
1235 2440 1293 2491 ergo
1316 2426 1394 2476 hebes
1416 2427 1494 2477 telem
1517 2427 1550 2476 sb
1572 2427 1644 2476 initio
1670 2426 1754 2476 denne

394 2504 475 2553 ordiri.
512 2500 590 2551 Vides
607 2508 701 2551 metum
719 2500 750 2551 de
769 2502 889 2550 sumtibus
907 2514 952 2549 nos
971 2497 1118 2556 declinasse,
1138 2504 1234 2548 strom
1253 2511 1350 2546 omnem
1370 2498 1433 2547 bene
1446 2497 1547 2547 bebere.
1585 2496 1666 2546 'l'uum
1682 2510 1753 2547 use

394 2581 441 2630 est,
459 2572 543 2623 uthis
561 2574 669 2622 monitus
686 2578 756 2621 tuum
775 2585 874 2623 omnem
890 2570 1049 2626 sententium,
1068 2575 1177 2619 mentem
1195 2575 1222 2618 ιι
1240 2569 1348 2618 ssimum
1367 2568 1400 2617 de
1417 2570 1526 2625 invento,
1546 2568 1578 2617 de
1590 2568 1753 2632 dispositione

394 2646 495 2704 orbium,
515 2644 546 2696 de
565 2644 671 2692 motibus
689 2649 716 2693 ιι
732 2643 843 2707 inprimis
862 2642 893 2691 de
905 2641 977 2690 modo
989 2639 1140 2703 perficiendi,
1158 2639 1253 2690 indices
1273 2647 1298 2688 et
1311 2638 1430 2689 deolsres.
1467 2638 1523 2690 llos
1541 2653 1618 2688 unum
1636 2654 1705 2704 rogo,
1724 2643 1754 2687 ut

392 2717 522 2781 perspicue
539 2714 564 2763 id
582 2728 713 2779 propones,
732 2727 791 2762 nem
813 2726 869 2778 ego,
888 2718 918 2762 ut
934 2714 1043 2776 ingenue
1065 2711 1155 2766 leteer,
1173 2726 1204 2760 ex
1223 2710 1334 2774 epistolis
1351 2711 1399 2758 tuis
1416 2715 1487 2759 tuem
1498 2717 1608 2759 mentem
1626 2710 1752 2759 suffieien·

394 2793 434 2836 ter
453 2788 551 2850 exequi
570 2796 619 2835 non
637 2799 745 2848 possum,
764 2785 852 2848 qulbus
869 2784 983 2832 nimirum
1000 2782 1079 2832 modis
1097 2782 1196 2832 efficere
1213 2782 1259 2831 tibi
1272 2782 1422 2844 propositum
1439 2782 1473 2829 sit
1518 2780 1612 2831 Verum
1628 2781 1673 2829 ills
1689 2787 1752 2829 tuse

394 2858 541 2922 prudentiss
559 2857 693 2912 committo,
712 2871 762 2905 non
775 2855 900 2912 dubitem,
919 2856 977 2919 quin
996 2855 1080 2903 omnis
1097 2855 1189 2916 optime
1208 2851 1391 2916 prsemedltste
1407 2851 1452 2900 tibi
1471 2853 1529 2901 siut

466 2927 524 2977 Jsm
543 2927 691 2977 Meestlluus
710 2926 742 2976 sd
761 2927 957 2975 observationem
977 2926 1234 2988 eomputetiouemque
1247 2922 1366 2986 eelipseos
1381 2918 1414 2982 Θ
1433 2918 1753 2983 (Μιιιιι1ι99)ιηιιιὶι,

396 2999 428 3050 sd
439 2996 555 3063 Optlosm
567 2998 730 3048 referendum
741 3019 776 3030 —
789 2996 845 3047 Hes
858 2995 985 3046 Meestlini
996 2995 1084 3044 lites-ee
1103 2995 1192 3044 dosunt
1204 2995 1230 3043 in
1243 2992 1364 3042 Heusobii
1376 2992 1521 3042 oolleotione
1534 2990 1627 3056 (eomp.
1640 3007 1664 3056 p.
1676 2989 1752 3054 21³),

395 3084 486 3134 eosque
505 3069 647 3120 Hensohius
666 3071 719 3118 sine
738 3069 811 3117 dubio
831 3067 984 3133 negligentis
1000 3066 1152 3129 prseterisit,
1172 3080 1228 3115 oum
1248 3065 1280 3113 eb
1298 3064 1357 3112 eliis
1375 3063 1410 3112 M.
1430 3064 1507 3113 literis
1525 3070 1658 3127 seperstse
1674 3064 1755 3112 insint

394 3141 470 3192 Μιιι.
488 3140 588 3205 l'etrop.
611 3139 667 3189 Vol.
686 3138 750 3195 XV,
777 3139 842 3202 quod
868 3138 944 3187 relert
970 3137 1097 3200 eolipsium
1122 3136 1312 3184 obseruationes.
1348 3134 1511 3184 Posteriores:
1530 3149 1619 3185 essum
1645 3138 1753 3198 peren,

395 3226 459 3278 quse
477 3213 577 3275 respieit
594 3211 736 3260 msehinem
754 3209 857 3273 Kepleri
881 3207 1026 3263 coelestem,
1052 3220 1201 3270 quemquem
1224 3207 1316 3256 sestius
1341 3206 1373 3255 sd
1391 3219 1450 3271 peg.
1470 3203 1505 3254 88
1526 3206 1599 3268 umus
1623 3205 1754 3256 mluminls

395 3283 534 3346 pertinest,
560 3281 723 3344 supplementi
746 3280 800 3329 loeo
822 3279 862 3328 blo
885 3278 1041 3328 inserendum
1060 3278 1215 3335 sensuimus,
1242 3275 1305 3326 bees
1323 3276 1425 3340 insuper
1447 3282 1591 3337 mouentes,
1621 3289 1668 3334 ss,
1686 3289 1753 3340 ques

394 3351 543 3402 Messeliuus
563 3351 662 3401 exhibet
686 3351 717 3400 de
735 3350 826 3413 seripto
844 3363 889 3398 suo
908 3347 940 3396 sd
959 3347 1056 3396 Duoem
1074 3345 1240 3396 Friederioum
1263 3346 1324 3396 deto
1349 3348 1472 3411 pertinere
1491 3348 1525 3397 ud
1541 3361 1600 3413 peg.
1621 3344 1655 3393 71
1678 3360 1752 3411 pres·

393 3422 560 3541 mi'uss'o'ons
579 3490 638 3540 mn.
658 3490 714 3539 vo.
733 3488 787 3538 xv.
812 3489 883 3538 omn
908 3501 964 3536 sum
981 3486 1119 3550 praemisse
1136 3485 1212 3536 essm
1236 3486 1441 3550 repressorem
1459 3486 1586 3537 usuum
1611 3485 1751 3549 operm

396 3551 421 3614 d.
441 3563 464 3613 d.
484 3559 509 3611 9.
531 3559 572 3611 19.
586 3560 642 3611 Ost
664 3557 745 3621 1999,
770 3563 830 3609 bem
855 3560 887 3609 eb
908 3557 1036 3607 Hensebio
1058 3558 1188 3612 omlssem,
1215 3571 1289 3621 quem
1308 3558 1411 3608 dumus
1429 3571 1505 3622 suprs
1527 3555 1563 3621 (p.
1585 3554 1634 3619 bb)
1655 3557 1753 3608 deone.

396 3633 487 3696 Quem,
506 3648 581 3697 quum
598 3632 707 3681 murinus
725 3637 843 3695 experte
861 3630 945 3694 optloe
960 3634 1066 3685 motet,
1085 3628 1118 3678 sd
1137 3627 1192 3676 Vol.
1212 3628 1247 3678 11.
1265 3628 1440 3680 reserrendsm
1455 3630 1607 3679 ιιιιιιίιιιιιι.

468 3704 507 3754 sd
525 3703 629 3768 Kepleri
646 3702 730 3753 litores
753 3703 777 3752 d.
797 3698 1129 3752 d.‘1l.Jun.Meestlinus
1155 3699 1282 3763 respondit
1306 3701 1329 3750 d.
1351 3697 1375 3748 4.
1396 3696 1510 3749 14..1ι11ι
1530 3695 1606 3749 lete.
1644 3699 1682 3747 Er
1703 3700 1754 3750 bes

373 3828 386 3850 ο
397 3776 556 3841 responsione
573 3775 637 3824 bsee
656 3780 753 3824 tentum
771 3772 820 3823 bue
837 3774 979 3837 pertinent:
1007 3770 1184 3821 Gelemltetem
1201 3771 1364 3821 domestlssm
1387 3776 1413 3820 ιι
1435 3771 1634 3835 esudsmqnsm
1651 3784 1691 3820 ms
1710 3784 1753 3820 es·

399 3854 496 3912 portum
515 3861 546 3898 ιι
564 3848 647 3895 enimn
665 3845 792 3896 eondoleo.
829 3839 885 3894 Ab!
916 3841 998 3903 Quem
1016 3843 1132 3892 uberem
1149 3841 1240 3891 dneere
1259 3848 1356 3906 opostm
1371 3841 1463 3890 sltsm!
1500 3840 1595 3902 Quibus
1613 3854 1660 3891 uss
1677 3842 1753 3892 besse

397 3920 494 3968 ridetur
511 3924 617 3974 nesure,
645 3931 677 3967 ee
695 3917 775 3966 denuo
793 3915 877 3980 eripit!
915 3912 984 3974 Ques
1003 3913 1141 3977 dngnleser
1160 3925 1176 3961 e
1194 3912 1249 3962 Deo
1267 3912 1452 3963 beuedstieues
1470 3926 1516 3962 nes
1534 3913 1661 3976 senapin·
1677 3919 1753 3976 pute·

317 4031 319 4035 .
397 4004 466 4048 mus,
495 4004 539 4038 ιιι
557 3990 610 4052 ipse
627 4002 745 4053 perquem
767 4001 843 4050 seepe
860 3988 901 4035 six
917 3991 1069 4035 monstretur
1085 3997 1169 4032 rursus
1188 3983 1287 4033 edimlt!
1325 3982 1375 4034 Sed
1392 3996 1509 4033 sessoese
1526 3996 1568 4033 me
1584 3996 1691 4035 ιιιιιιιι
1705 3984 1753 4033 es«

397 4060 442 4110 boo
460 4066 487 4109 et
505 4060 599 4109 dicere:
629 4059 751 4108 Dominus
770 4058 851 4115 dedit,
879 4056 1001 4106 Dominus
1025 4054 1140 4113 obstulit,
1165 4055 1198 4103 ιιι
1220 4069 1310 4105 nomeu
1329 4054 1430 4104 Domlnl
1455 4054 1620 4105 beuedlemm
1658 4052 1684 4105 ls
1702 4054 1752 4105 sle·

397 4137 493 4180 menter
511 4131 543 4179 eb
562 4130 616 4178 eliis
635 4130 819 4179 selemitetibus
837 4143 882 4178 nos
900 4132 1022 4193 proteget.
1060 4127 1148 4175 Amen.
1407 4177 1409 4180 Α

467 4201 525 4250 Ηιι
548 4200 648 4264 quidem
674 4200 778 4263 epistole
803 4199 952 4263 estroloploe
976 4213 1025 4247 nun
1052 4197 1149 4261 muge.
1175 4202 1264 4260 postes
1287 4209 1343 4245 sero
1362 4194 1523 4255 ldssstllsus,
1547 4197 1660 4261 qumis
1686 4194 1754 4246 bned

399 4272 514 4321 eddlotus
533 4271 697 4336 ssuologiee,
721 4276 808 4321 netem
825 4270 934 4334 Keplero
954 4268 1089 4318 renuueist
1111 4266 1212 4317 dllolsm
1236 4263 1322 4328 (Juslo
1339 4280 1426 4317 meuse
1446 4264 1528 4329 roes)
1556 4270 1644 4331 ,sulm
1655 4269 1753 4331 'prin

397 4343 508 4392 lnbuue
527 4341 645 4392 muudum
669 4349 784 4405 repostus
808 4336 1555 4398 ιιιιιιιοι11,ιιι1ιι.ιιι1ι11ιιιιιιιι1)ιι1ιιιιι1ιιιιι,
1582 4335 1780 4403 pudende·-

397 4412 476 4463 bult.“
514 4413 618 4468 mens,
636 4412 701 4476 quod
719 4411 757 4460 his
774 4412 864 4469 innuit,
883 4410 962 4466 deest,
980 4410 1025 4459 sed
1042 4408 1141 4474 quslem
1158 4422 1174 4458 e
1191 4409 1285 4459 euntis
1297 4407 1426 4458 ldssstlirsl
1437 4410 1597 4460 nfflrltslern
1608 4416 1751 4459 some·

398 4485 430 4534 rlt
449 4484 596 4549 estrologus,
612 4484 666 4545 lem
684 4483 735 4533 elie
753 4483 829 4533 etiem
848 4482 1021 4545 superstitione
1040 4484 1141 4542 septus,
1160 4481 1314 4544 semipsum
1330 4486 1385 4530 tum
1403 4481 1519 4544 teutpert
1536 4481 1667 4530 ιιιιιιιιιι
1683 4479 1751 4529 ds·

397 4556 499 4605 ιιιιιιιι
515 4556 629 4620 prisssse
644 4554 816 4618 publlneeque,
836 4567 868 4602 ss
884 4551 923 4602 bis
940 4551 1044 4616 Keplsrl
1062 4557 1168 4615 sppsret
1183 4551 1270 4609 Ιιιιιιι,
1289 4550 1314 4600 d.
1333 4550 1356 4600 d.
1375 4546 1420 4600 99.
1439 4553 1505 4618 eug.
1527 4547 1611 4601 lebes

1015 4691 1050 4754 S.
1093 4692 1132 4754 P.

484 4799 564 4863 Mihi
595 4818 730 4881 quoqne,
752 4798 939 4878 Preeoeptor
968 4785 1157 4874 omrissime‘,
1193 4804 1357 4879 postquem
1387 4798 1496 4874 oedem
1526 4805 1625 4867 tenum
1650 4793 1753 4867 nudo

397 4888 556 4973 proposuit
573 4888 705 4981 Unuie,
731 4888 845 4951 ¹'eedem
865 4893 1006 4967 tempere
1025 4888 1251 4969 puerperiorum
1269 4887 1476 4950 ιιιιιιιιιιιι
1504 4894 1599 4971 stqss
1621 4905 1661 4950 ns
1683 4886 1753 4949 olim
