3872 5836
436 353 502 419 370
856 356 957 406 Literna
976 355 1078 418 Kepleri
1104 356 1257 421 chorumque
1274 362 1378 406 mutuae

435 516 571 577 Tandem
603 514 709 594 puduit
732 514 820 587 belli,
835 515 900 576 -cui
924 514 1111 576 adhaerebat
1131 515 1283 577 calumnia
1306 514 1513 595 spoliationis3
1545 514 1663 594 itaque,
1694 513 1798 594 iniqua

433 605 590 683 pactione,
622 623 659 663 ue
684 603 754 682 quid
778 622 843 665 meo
868 604 974 668 labore.
993 603 1063 664 iude
1088 604 1297 665 concinnatum
1327 603 1405 664 citra
1428 620 1608 665 consensum
1630 603 1794 664 haeredum

434 694 562 764 ederem,
588 694 711 753 tandem
735 711 797 754 rem
822 712 857 752 eo
882 692 1003 765 adduxi,
1029 699 1063 754 ut
1086 691 1332 754 observationum
1355 692 1428 753 mihi
1451 692 1694 772 copiasecundis
1709 692 1796 772 ipso-

434 801 500 842 rum
529 781 736 843 voluntatibus
764 781 992 861 relinqueretur.
1038 780 1087 842 Ex
1120 800 1155 842 eo
1187 780 1289 861 itaque
1322 780 1523 859 patrocinium
1552 779 1795 845 lucubrationum

432 869 584 951 Tyclronis
609 870 681 932 mihi
704 889 763 931 nou
788 888 915 948 arrogo,
940 870 994 931 sed
1019 868 1051 929 id
1074 870 1179 931 lubens
1204 870 1335 932 huuneris
1359 868 1470 931 nobilis
1493 869 1570 943 viri,
1596 869 1795 933 Francisci

433 957 626 1032 Gonaneb‚
662 958 736 1019 dicti
759 958 970 1037 Teugnagl,
1005 958 1194 1037 Westphali,
1230 958 1381 1040 Tychouis
1403 958 1506 1020 Brahe
1534 958 1637 1037 generi
1660 958 1792 1031 remitto,

435 1047 484 1125 qui
508 1064 575 1107 cum
598 1048 639 1106 sit
662 1067 681 1107 a
704 1048 838 1108 consiliis
866 1046 1103 1126 appellationum
1127 1046 1372 1121 Bohemicarum‚
1404 1054 1524 1125 partem
1554 1046 1654 1126 operis
1683 1047 1793 1109 bonam

430 1153 487 1195 non
512 1135 624 1196 invitus
648 1135 721 1196 mibi
744 1135 875 1215 reliquit.
923 1134 1008 1206 Quae
1033 1136 1157 1216 quisque
1181 1137 1324 1209 effecerit,
1348 1143 1468 1215 tempus
1493 1135 1646 1198 ostendet.

501 1223 565 1273 Hinc
584 1225 675 1272 mansit
693 1222 821 1291 Keplerus
835 1225 868 1274 sd
887 1238 926 1281 ea,
946 1238 1010 1289 quae
1027 1223 1076 1273 huc
1089 1238 1166 1289 usque
1184 1225 1210 1273 lu
1229 1223 1346 1274 Martia
1363 1223 1462 1274 theoria
1473 1225 1613 1288 profecerit,
1632 1222 1793 1289 proponenda

428 1296 454 1343 iu
473 1295 534 1344 libro
555 1295 602 1353 ,de
621 1296 727 1344 motibus
746 1295 834 1345 stellae
853 1293 968 1352 Manat
988 1295 1078 1345 deiude
1096 1297 1194 1361 pergit:

519 1364 582 1428 Sed
606 1366 644 1427 ad
669 1366 770 1446 capita
795 1367 948 1429 literarum
972 1374 1090 1428 tuarum
1113 1378 1257 1428 revertar.

517 1456 560 1518 Ut
583 1455 779 1517 fundamenta
803 1456 964 1518 restitutae
999 1456 1168 1518 theoriae
1190 1454 1360 1517 ¹Lunaris
1385 1455 1493 1526 edam,
1525 1473 1623 1517 meum
1649 1473 1706 1531 non
1730 1461 1788 1527 est,
1837 1458 1842 1473 '

428 1544 484 1605 sed
507 1543 688 1618 haeredum,
723 1563 815 1624 quos,
846 1553 880 1605 ut
903 1544 1037 1619 faciant,
1064 1563 1183 1606 mouere
1207 1563 1266 1605 uon
1290 1543 1423 1616 desisto;
1461 1562 1545 1623 spem
1568 1544 1597 1605 in
1622 1543 1790 1623 propinquo

428 1633 541 1694 nullam
563 1632 661 1695 video.
703 1630 783 1703 Quid
808 1635 834 1695 si
858 1653 929 1695 vero
952 1640 986 1695 tu
1009 1633 1074 1714 ipse
1098 1633 1154 1695 hoc
1170 1633 1323 1712 negotium
1337 1650 1513 1712 promovere
1527 1631 1649 1713 possis?
1683 1632 1786 1711 Teng-

429 1722 547 1802 aaglius
572 1721 651 1783 euim
676 1741 768 1803 nuper
792 1722 1016 1804 peregrinatum
1039 1722 1123 1796 abiit,
1147 1728 1308 1803 praetextu
1328 1720 1471 1782 visendae
1485 1720 1620 1800 patriae3
1643 1720 1786 1802 privatim

426 1831 497 1872 vero
528 1809 647 1890 aJebat,
676 1830 709 1872 se
733 1812 817 1873 adire
840 1812 996 1891 Angliam.
1041 1810 1099 1874 Est
1129 1819 1231 1873 autem
1254 1810 1283 1871 in
1307 1809 1408 1872 Dauia
1432 1808 1504 1872 Chr.
1529 1808 1668 1873 Severini
1691 1808 1786 1870 Lou-

425 1906 685 1979 gomoutauus,
724 1918 781 1979 quo
811 1901 913 1982 Tycho
942 1900 981 1961 ad
1005 1899 1138 1962 Lunaria
1168 1918 1241 1961 usus
1271 1908 1320 1961 est
1347 1898 1519 1978 plurimum:
1558 1897 1624 1979 qui,
1658 1897 1683 1960 si
1715 1898 1786 1978 qnid

426 1996 566 2067 superest
589 1988 794 2065 correctionis,
819 1996 925 2068 suopte
950 1988 980 2049 id
1004 1988 1104 2050 Marte
1127 1988 1210 2068 prius
1226 1987 1413 2062 emendabit3
1436 1988 1568 2050 monitus
1591 1985 1671 2048 euim
1695 2007 1714 2048 a
1737 2004 1786 2047 me

427 2076 458 2137 id
481 2094 535 2156 per
558 2075 663 2137 literas
688 2096 720 2138 se
745 2078 894 2139 iacturum
918 2086 967 2139 est
989 2077 1156 2157 pollicitus;
1192 2096 1248 2157 quo
1274 2078 1355 2139 lacto
1384 2097 1441 2138 uno
1472 2076 1567 2158 gradu
1597 2075 1720 2156 propius
1745 2074 1783 2136 ad

426 2165 590 2227 editionem
613 2165 839 2228 accesserimus.
887 2167 920 2227 ln
944 2166 1137 2229 conclusione
1161 2164 1339 2246 Opticorum
1363 2185 1471 2227 noram
1495 2165 1669 2227 methodum
1691 2164 1783 2245 polli-

423 2252 502 2314 citus
528 2271 593 2314 sum
617 2254 660 2314 rei
683 2255 895 2334 perficiendae.
942 2256 1031 2317 Illam
1054 2275 1135 2331 vero,
1160 2254 1226 2316 Deo
1250 2256 1385 2330 volente,
1411 2256 1476 2317 sine
1500 2254 1652 2336 Tyclrouis
1675 2253 1783 2315 obser·

423 2341 595 2403 rationibus
621 2342 755 2404 editurus
779 2353 811 2405 et
834 2344 862 2404 in
887 2345 961 2405 meis
986 2344 1142 2425 eclipsium
1166 2343 1427 2406 observationibus
1451 2345 1663 2423 exploraturus
1684 2360 1759 2404 snm.

511 2427 600 2500 Quod
624 2430 724 2493 lixas
749 2432 869 2508 attinet,
895 2442 982 2495 extat
1006 2434 1085 2514 apud
1109 2433 1256 2495 haeredes
1270 2434 1422 2514 privatum
1445 2450 1519 2512 opus
1547 2421 1631 2495 1000
1646 2432 1782 2504 lixarum,

420 2518 452 2580 iu
476 2537 535 2598 quo
558 2519 671 2581 multae
704 2520 734 2581 in
762 2521 967 2601 septentrione
1000 2532 1123 2603 praeter
1154 2540 1309 2585 numerum
1331 2521 1549 2583 Ptolemaicum
1577 2530 1782 2594 accesserunt,

421 2607 552 2688 aliquae,
571 2610 752 2687 praesertim
776 2610 806 2673 in
829 2611 1018 2675 meridionali
1042 2610 1273 2691 hemisphaerio,
1299 2611 1470 2672 necessario
1487 2612 1569 2672 fuere
1584 2608 1780 2689 praeteritae.

420 2696 497 2761 Utut
520 2696 642 2770 habeat,
666 2697 830 2762 haeredum
854 2700 1009 2764 arbitrium
1033 2711 1091 2776 est,
1115 2699 1190 2762 illud
1214 2700 1313 2762 edere.

492 2780 606 2844 (Addidit
632 2784 756 2850 Keplerus
779 2788 845 2839 huuc
871 2790 1013 2857 catalogum
1038 2789 1166 2839 stellarum
1190 2788 1293 2837 fixarum
1318 2786 1409 2837 tabulis
1433 2785 1605 2850 Rudolphluis.
1648 2784 1780 2836 Thebrim

418 2856 545 2906 Lanarum
564 2856 719 2915 absolutam,
744 2858 873 2910 Herwarto
893 2862 1049 2918 dedicatum,
1076 2861 1107 2909 ob
1126 2858 1248 2909 deiectum
1268 2857 1415 2924 typographi
1432 2873 1482 2907 non
1500 2856 1689 2922 imprimendam
1707 2870 1779 2908 curs·

418 2929 467 2986 aa
485 2928 551 2977 nese
568 2928 632 2978 ussa
651 2928 707 2977 vor.
727 2930 760 2980 11.
782 2930 842 2980 nse.
862 2928 1123 2997 Passenianum.)
1587 2918 1602 2949 ·

507 2998 553 3060 De
576 3000 746 3080 astrologia
773 3003 850 3064 talia
877 3005 1003 3078 scribis,
1038 3004 1115 3065 talia
1143 3002 1282 3082 quaeris,
1314 3009 1349 3062 ut
1371 3018 1506 3079 sperem,
1541 3000 1597 3062 tibi
1619 3000 1778 3080 plurimum

417 3087 609 3151 sessanum
648 3090 685 3150 iri
718 3091 775 3152 hac
804 3093 925 3171 adjecta
962 3091 1245 3166 dissertatiuncula,
1278 3109 1338 3170 qua
1362 3091 1457 3163 lecta,
1491 3090 1518 3150 si
1541 3090 1617 3151 bene
1640 3088 1776 3169 conjicio,

417 3177 586 3257 aequiorem
596 3179 804 3256 pronuntiabit
814 3181 996 3243 seutentiam
1010 3200 1062 3242 rex
1077 3179 1330 3261 sapientissimus.
1356 3177 1417 3241 Sed
1433 3179 1566 3241 fortusse
1580 3177 1693 3257 peterit
1702 3178 1777 3241 haec

417 3267 487 3326 olim
503 3266 630 3326 materia
653 3266 828 3345 diligentius
851 3268 950 3330 etita
972 3269 1122 3343 adornari,
1147 3275 1181 3331 ut
1204 3267 1404 3333 serenissimis
1427 3268 1493 3347 ejus
1508 3268 1603 3331 oculis
1622 3267 1777 3329 honestius

417 3354 572 3414 offeratur.
618 3354 701 3414 Deus
726 3374 774 3416 me
798 3375 837 3418 ex
859 3357 1046 3418 astronomia
1069 3357 1230 3437 expediat,
1264 3365 1299 3419 ut
1326 3358 1366 3419 ad
1393 3375 1494 3421 curem
1521 3357 1622 3436 operis
1650 3355 1709 3418 mei
1737 3356 1775 3418 de

417 3441 624 3502 Bormonis
647 3443 767 3505 mundi
791 3455 962 3509 convertar.
1007 3445 1155 3526 Equidem
1178 3446 1252 3508 illud
1275 3464 1350 3526 opus
1372 3445 1575 3527 jampridem
1599 3444 1695 3508 tacite
1708 3444 1774 3525 regi

398 3538 520 3618 'vestro
544 3529 715 3603 destinari,
749 3551 806 3594 uon
830 3541 894 3595 tam
917 3535 1018 3598 studio
1042 3535 1070 3597 ei
1093 3536 1320 3611 innotescendi,
1345 3554 1435 3616 quam
1458 3543 1529 3598 voto
1553 3533 1774 3608 ardentissimo,

416 3625 449 3681 ut
480 3619 601 3698 inipso
633 3621 789 3684 coalescat
820 3623 977 3686 harmonia
1009 3624 1212 3689 ecclesiae.
1259 3626 1291 3689 Is
1314 3625 1392 3687 enim
1422 3624 1497 3687 talia
1519 3624 1660 3703 scripsit,
1700 3623 1775 3686 talia

416 3708 508 3780 facit,
533 3715 647 3771 utnon
671 3709 885 3775 inconvenieus
909 3721 962 3775 aut
984 3712 1156 3794 ἀναρμοςος
1179 3715 1320 3778 videatur
1341 3714 1514 3795 hujusmodi
1539 3714 1588 3776 vel
1612 3712 1772 3788 dedicatio,

414 3799 462 3859 rel
486 3798 681 3862 existimatio.
728 3799 788 3871 Qui
813 3821 871 3884 quo
894 3804 1012 3866 tardius
1042 3805 1219 3885 aggreditur
1245 3822 1308 3866 reru
1337 3804 1477 3867 omuibus
1498 3800 1653 3885 oppressis
1675 3818 1772 3882 exep-

413 3887 606 3961 tatissimam
631 3889 687 3950 hou
711 3890 885 3970 diligentius
909 3909 1012 3954 omnes
1036 3895 1211 3957 occasiones
1235 3894 1602 3973 circumspectarem
1621 3899 1772 3957 nasetur.

413 3977 497 4038 Deus
517 3975 555 4039 Ο.
571 3978 615 4038 Μ.
635 3977 745 4040 bouum
768 3998 853 4059 opus,
877 3982 956 4060 quod
979 3982 1009 4043 iu
1032 3982 1099 4061 ipso
1123 3990 1264 4063 operatus
1290 3989 1352 4057 cst,
1376 3983 1473 4062 primo
1497 4000 1612 4063 quoque
1636 3988 1774 4061 tem

412 4065 559 4145 perficiat.
607 4063 669 4126 Sed
692 4066 770 4128 hanc
795 4068 977 4132 mentionem
1009 4071 1076 4132 ideo
1110 4072 1233 4152 injicere
1257 4071 1360 4150 coepi,
1395 4080 1430 4133 ut
1460 4070 1619 4133 consilium
1650 4069 1706 4132 abs
1730 4078 1771 4146 te,

413 4154 470 4214 Vir
492 4154 759 4217 Praestantissima
791 4166 927 4238 peterem
959 4160 989 4221 iu
1014 4181 1047 4222 re
1072 4161 1137 4239 jaun
1173 4161 1307 4222 amulte
1331 4168 1467 4240 tempore
1490 4159 1656 4223 destinata
1704 4156 1771 4231 Quo

413 4240 531 4303 nomine
553 4241 712 4320 plurimum
735 4245 844 4320 laetor,
879 4255 910 4308 te
935 4248 1007 4310 mihi
1031 4249 1164 4311 oblatum
1188 4268 1225 4310 ex
1249 4249 1302 4311 illa
1324 4258 1430 4329 gente,
1460 4267 1559 4331 aquo
1582 4246 1771 4328 potissimum

413 4330 458 4392 sic
481 4329 622 4391 erudirer.
668 4332 820 4414 Numqui
844 4344 892 4397 est
920 4336 949 4398 in
974 4346 1004 4399 te
1029 4357 1112 4399 amor
1135 4339 1239 4401 harum
1263 4338 1387 4414 artium,
1419 4358 1477 4401 unu
1500 4338 1635 4418 patietur
1657 4337 1770 4410 feriari,

414 4417 483 4500 quin
505 4419 555 4480 rel
578 4418 635 4481 hac
658 4422 707 4484 vel
730 4422 792 4485 alis
815 4424 865 4485 via
888 4425 1022 4498 (iuuene
1044 4428 1123 4489 enim
1138 4427 1268 4490 humana
1289 4424 1400 4504 omnis,
1425 4436 1458 4490 et
1471 4428 1593 4500 bellum,
1615 4428 1770 4495 Musarum

412 4506 580 4588 pernicies,
614 4510 716 4572 nescio
744 4520 888 4592 quantum
921 4535 940 4575 a
967 4516 1054 4578 uobis
1083 4515 1165 4578 absit
1191 4517 1220 4578 in
1243 4517 1410 4593 Bohemia,
1445 4517 1515 4580 dum
1539 4516 1608 4597 jam
1630 4516 1771 4582 Metaris

411 4596 602 4677 periclitatur
624 4606 714 4678 atque
738 4601 879 4676 Austris)
912 4605 1057 4666 cultorem
1085 4607 1258 4668 matheseos
1289 4607 1414 4669 consilio
1443 4607 1493 4669 vel
1514 4625 1608 4687 opera
1639 4610 1716 4689 (qus
1739 4615 1770 4671 te

411 4685 525 4766 pollere
549 4685 705 4762 existimo,
739 4691 799 4751 tuis
830 4691 926 4753 literis
954 4692 1109 4768 inductus)
1143 4714 1232 4776 quam
1260 4696 1373 4775 optime
1400 4715 1589 4776 promoveas.
1636 4695 1700 4761 Sed
1728 4697 1769 4759 ad

354 4770 364 4797 ¹
413 4775 620 4856 quaestionem
643 4776 811 4840 redeamus.
857 4779 1006 4861 Equidem
1028 4782 1073 4844 ita
1095 4785 1301 4848 conformatae
1324 4794 1395 4848 suut
1417 4786 1521 4848 theses
1545 4804 1642 4865 mese,
1664 4790 1769 4849 utnec

410 4864 537 4945 planeta
558 4882 615 4927 uec
638 4873 781 4948 aspectus
804 4868 882 4931 ullos
906 4871 1004 4934 malus
1027 4871 1079 4933 sit.
1126 4871 1355 4938 Contrariorum
1377 4893 1448 4937 reru
1468 4875 1617 4957 oppositio
1641 4884 1771 4941 sxcmat
