<?xml version="1.0" encoding="UTF-8"?>
<!DOCTYPE html PUBLIC "-//W3C//DTD XHTML 1.0 Transitional//EN"
    "http://www.w3.org/TR/xhtml1/DTD/xhtml1-transitional.dtd">
<html xmlns="http://www.w3.org/1999/xhtml" xml:lang="en" lang="en">
 <head>
  <title>
</title>
<meta http-equiv="Content-Type" content="text/html;charset=utf-8" />
  <meta name='ocr-system' content='tesseract 3.04.00' />
  <meta name='ocr-capabilities' content='ocr_page ocr_carea ocr_par ocr_line ocrx_word'/>
</head>
<body>
  <div class='ocr_page' id='page_1' title='image "./joanniskepleria27frisgoog_0374.png"; bbox 0 0 3872 5836; ppageno 0'>
   <div class='ocr_carea' id='block_1_1' title="bbox 694 376 1525 449">
    <p class='ocr_par' dir='ltr' id='par_1_1' title="bbox 694 342 1525 449">
     <span class='ocr_line' id='line_1_1' title="bbox 694 376 1525 449; baseline -0.004 1"><span class='ocrx_word' id='word_1_1' title='bbox 694 380 816 432; x_wconf 67' lang='lat' dir='ltr'><strong>teron·</strong></span> <span class='ocrx_word' id='word_1_2' title='bbox 834 379 995 449; x_wconf 60' lang='lat' dir='ltr'><strong>soene</strong></span> <span class='ocrx_word' id='word_1_3' title='bbox 1460 376 1525 447; x_wconf 77' lang='lat' dir='ltr'><strong>sie</strong></span> 
     </span>
    </p>
   </div>
   <div class='ocr_carea' id='block_1_2' title="bbox 163 534 1547 2596">
    <p class='ocr_par' dir='ltr' id='par_1_2' title="bbox 163 534 1547 2028">
     <span class='ocr_line' id='line_1_2' title="bbox 168 534 1526 606; baseline -0.002 -14"><span class='ocrx_word' id='word_1_4' title='bbox 168 555 228 592; x_wconf 81' lang='lat' dir='ltr'><strong>raro</strong></span> <span class='ocrx_word' id='word_1_5' title='bbox 247 542 303 593; x_wconf 82' lang='lat' dir='ltr'><strong>scni</strong></span> <span class='ocrx_word' id='word_1_6' title='bbox 320 540 445 604; x_wconf 84' lang='lat' dir='ltr'><strong>decropiio</strong></span> <span class='ocrx_word' id='word_1_7' title='bbox 463 540 652 593; x_wconf 64' lang='lat' dir='ltr'><strong>inclinationum</strong></span> <span class='ocrx_word' id='word_1_8' title='bbox 669 539 775 591; x_wconf 77' lang='lat' dir='ltr'><strong>affectus</strong></span> <span class='ocrx_word' id='word_1_9' title='bbox 794 534 866 592; x_wconf 76' lang='lat' dir='ltr'><strong>esaei</strong></span> <span class='ocrx_word' id='word_1_10' title='bbox 904 540 945 592; x_wconf 77' lang='lat' dir='ltr'><strong>Ad</strong></span> <span class='ocrx_word' id='word_1_11' title='bbox 962 554 1027 606; x_wconf 79' lang='lat' dir='ltr'><strong>quae</strong></span> <span class='ocrx_word' id='word_1_12' title='bbox 1044 541 1102 591; x_wconf 91' lang='lat' dir='ltr'><strong>olim</strong></span> <span class='ocrx_word' id='word_1_13' title='bbox 1120 540 1192 593; x_wconf 84' lang='lat' dir='ltr'><strong>raldo</strong></span> <span class='ocrx_word' id='word_1_14' title='bbox 1210 539 1394 600; x_wconf 71' lang='lat' dir='ltr'><strong>iuchuaumus,</strong></span> <span class='ocrx_word' id='word_1_15' title='bbox 1422 552 1454 589; x_wconf 88' lang='lat' dir='ltr'><strong>ea</strong></span> <span class='ocrx_word' id='word_1_16' title='bbox 1470 546 1526 604; x_wconf 89' lang='lat' dir='ltr'><strong>poet</strong></span> 
     </span>
     <span class='ocr_line' id='line_1_3' title="bbox 165 610 1526 676; baseline -0.004 -12"><span class='ocrx_word' id='word_1_17' title='bbox 165 613 316 665; x_wconf 75' lang='lat' dir='ltr'><strong>omnemne</strong></span> <span class='ocrx_word' id='word_1_18' title='bbox 335 620 362 664; x_wconf 89' lang='grc' dir='ltr'><strong>οι</strong></span> <span class='ocrx_word' id='word_1_19' title='bbox 380 626 535 671; x_wconf 68' lang='lat' dir='ltr'><strong>ateramum</strong></span> <span class='ocrx_word' id='word_1_20' title='bbox 566 613 664 664; x_wconf 85' lang='lat' dir='ltr'><strong>sordere</strong></span> <span class='ocrx_word' id='word_1_21' title='bbox 683 612 753 661; x_wconf 89' lang='lat' dir='ltr'><strong>nobie</strong></span> <span class='ocrx_word' id='word_1_22' title='bbox 771 613 905 676; x_wconf 89' lang='lat' dir='ltr'><strong>incipiunt,</strong></span> <span class='ocrx_word' id='word_1_23' title='bbox 924 628 972 662; x_wconf 90' lang='lat' dir='ltr'><strong>non</strong></span> <span class='ocrx_word' id='word_1_24' title='bbox 991 612 1069 661; x_wconf 87' lang='lat' dir='ltr'><strong>solnm</strong></span> <span class='ocrx_word' id='word_1_25' title='bbox 1088 612 1119 661; x_wconf 90' lang='lat' dir='ltr'><strong>ob</strong></span> <span class='ocrx_word' id='word_1_26' title='bbox 1136 610 1271 676; x_wconf 88' lang='lat' dir='ltr'><strong>pleniorem</strong></span> <span class='ocrx_word' id='word_1_27' title='bbox 1288 612 1391 661; x_wconf 85' lang='lat' dir='ltr'><strong>rationis</strong></span> <span class='ocrx_word' id='word_1_28' title='bbox 1410 625 1483 660; x_wconf 78' lang='lat' dir='ltr'><strong>mum</strong></span> <span class='ocrx_word' id='word_1_29' title='bbox 1501 617 1526 661; x_wconf 91' lang='lat' dir='ltr'><strong>et</strong></span> 
     </span>
     <span class='ocr_line' id='line_1_4' title="bbox 163 682 1527 746; baseline -0.003 -12"><span class='ocrx_word' id='word_1_30' title='bbox 163 686 249 746; x_wconf 79' lang='lat' dir='ltr'><strong>malua</strong></span> <span class='ocrx_word' id='word_1_31' title='bbox 265 684 400 746; x_wconf 71' lang='lat' dir='ltr'><strong>tudinum,</strong></span> <span class='ocrx_word' id='word_1_32' title='bbox 429 682 474 732; x_wconf 90' lang='lat' dir='ltr'><strong>sed</strong></span> <span class='ocrx_word' id='word_1_33' title='bbox 491 684 599 734; x_wconf 84' lang='lat' dir='ltr'><strong>maxime</strong></span> <span class='ocrx_word' id='word_1_34' title='bbox 618 685 649 734; x_wconf 90' lang='lat' dir='ltr'><strong>ob</strong></span> <span class='ocrx_word' id='word_1_35' title='bbox 668 685 744 734; x_wconf 85' lang='lat' dir='ltr'><strong>erasis</strong></span> <span class='ocrx_word' id='word_1_36' title='bbox 762 685 934 733; x_wconf 80' lang='lat' dir='ltr'><strong>mutationem.</strong></span> <span class='ocrx_word' id='word_1_37' title='bbox 971 683 1005 733; x_wconf 84' lang='lat' dir='ltr'><strong>Et</strong></span> <span class='ocrx_word' id='word_1_38' title='bbox 1029 683 1095 733; x_wconf 89' lang='lat' dir='ltr'><strong>hanc</strong></span> <span class='ocrx_word' id='word_1_39' title='bbox 1113 682 1300 733; x_wconf 80' lang='lat' dir='ltr'><strong>inclinationum</strong></span> <span class='ocrx_word' id='word_1_40' title='bbox 1319 683 1481 732; x_wconf 70' lang='lat' dir='ltr'><strong>mutationem</strong></span> <span class='ocrx_word' id='word_1_41' title='bbox 1501 689 1527 732; x_wconf 92' lang='lat' dir='ltr'><strong>et</strong></span> 
     </span>
     <span class='ocr_line' id='line_1_5' title="bbox 165 753 1524 818; baseline -0.001 -12"><span class='ocrx_word' id='word_1_42' title='bbox 165 754 334 806; x_wconf 79' lang='lat' dir='ltr'><strong>differentiam</strong></span> <span class='ocrx_word' id='word_1_43' title='bbox 361 771 411 804; x_wconf 93' lang='lat' dir='ltr'><strong>non</strong></span> <span class='ocrx_word' id='word_1_44' title='bbox 430 755 456 802; x_wconf 94' lang='lat' dir='ltr'><strong>in</strong></span> <span class='ocrx_word' id='word_1_45' title='bbox 475 755 592 805; x_wconf 74' lang='lat' dir='ltr'><strong>mdonali</strong></span> <span class='ocrx_word' id='word_1_46' title='bbox 609 756 689 804; x_wconf 89' lang='lat' dir='ltr'><strong>solnm</strong></span> <span class='ocrx_word' id='word_1_47' title='bbox 707 754 819 812; x_wconf 84' lang='lat' dir='ltr'><strong>homine,</strong></span> <span class='ocrx_word' id='word_1_48' title='bbox 847 755 891 804; x_wconf 86' lang='lat' dir='ltr'><strong>sed</strong></span> <span class='ocrx_word' id='word_1_49' title='bbox 915 756 941 803; x_wconf 91' lang='lat' dir='ltr'><strong>in</strong></span> <span class='ocrx_word' id='word_1_50' title='bbox 965 755 1043 804; x_wconf 89' lang='lat' dir='ltr'><strong>brutis</strong></span> <span class='ocrx_word' id='word_1_51' title='bbox 1069 770 1164 818; x_wconf 89' lang='lat' dir='ltr'><strong>quoque</strong></span> <span class='ocrx_word' id='word_1_52' title='bbox 1188 760 1273 816; x_wconf 86' lang='lat' dir='ltr'><strong>aperte</strong></span> <span class='ocrx_word' id='word_1_53' title='bbox 1298 753 1524 804; x_wconf 74' lang='lat' dir='ltr'><strong>animadvertimus.</strong></span> 
     </span>
     <span class='ocr_line' id='line_1_6' title="bbox 164 825 1526 887; baseline -0.002 -11"><span class='ocrx_word' id='word_1_54' title='bbox 164 826 253 882; x_wconf 81' lang='lat' dir='ltr'><strong>Porro.</strong></span> <span class='ocrx_word' id='word_1_55' title='bbox 271 826 292 875; x_wconf 83' lang='lat' dir='ltr'><strong>ai</strong></span> <span class='ocrx_word' id='word_1_56' title='bbox 309 826 485 876; x_wconf 71' lang='lat' dir='ltr'><strong>inclinationes</strong></span> <span class='ocrx_word' id='word_1_57' title='bbox 502 826 528 874; x_wconf 91' lang='lat' dir='ltr'><strong>iu</strong></span> <span class='ocrx_word' id='word_1_58' title='bbox 548 827 630 876; x_wconf 88' lang='lat' dir='ltr'><strong>animo</strong></span> <span class='ocrx_word' id='word_1_59' title='bbox 650 826 835 876; x_wconf 77' lang='lat' dir='ltr'><strong>confomantur</strong></span> <span class='ocrx_word' id='word_1_60' title='bbox 861 828 877 875; x_wconf 78' lang='lat' dir='ltr'><strong>a</strong></span> <span class='ocrx_word' id='word_1_61' title='bbox 895 826 1011 875; x_wconf 88' lang='lat' dir='ltr'><strong>natalitio</strong></span> <span class='ocrx_word' id='word_1_62' title='bbox 1030 825 1126 882; x_wconf 85' lang='lat' dir='ltr'><strong>sidere,</strong></span> <span class='ocrx_word' id='word_1_63' title='bbox 1146 839 1195 874; x_wconf 92' lang='lat' dir='ltr'><strong>uon</strong></span> <span class='ocrx_word' id='word_1_64' title='bbox 1214 838 1231 873; x_wconf 91' lang='lat' dir='ltr'><strong>a</strong></span> <span class='ocrx_word' id='word_1_65' title='bbox 1249 830 1455 887; x_wconf 85' lang='lat' dir='ltr'><strong>temperamento,</strong></span> <span class='ocrx_word' id='word_1_66' title='bbox 1473 832 1526 873; x_wconf 86' lang='lat' dir='ltr'><strong>tom</strong></span> 
     </span>
     <span class='ocr_line' id='line_1_7' title="bbox 164 895 1525 963; baseline -0.001 -16"><span class='ocrx_word' id='word_1_67' title='bbox 164 898 258 948; x_wconf 86' lang='lat' dir='ltr'><strong>medici</strong></span> <span class='ocrx_word' id='word_1_68' title='bbox 276 913 307 947; x_wconf 80' lang='lat' dir='ltr'><strong>cx</strong></span> <span class='ocrx_word' id='word_1_69' title='bbox 324 903 574 960; x_wconf 74' lang='lat' dir='ltr'><strong>temperamentorum</strong></span> <span class='ocrx_word' id='word_1_70' title='bbox 593 898 734 963; x_wconf 73' lang='lat' dir='ltr'><strong>cognitione</strong></span> <span class='ocrx_word' id='word_1_71' title='bbox 754 903 780 947; x_wconf 87' lang='lat' dir='ltr'><strong>et</strong></span> <span class='ocrx_word' id='word_1_72' title='bbox 798 898 969 947; x_wconf 75' lang='lat' dir='ltr'><strong>observatione</strong></span> <span class='ocrx_word' id='word_1_73' title='bbox 992 896 1086 947; x_wconf 87' lang='lat' dir='ltr'><strong>nulium</strong></span> <span class='ocrx_word' id='word_1_74' title='bbox 1104 902 1199 946; x_wconf 76' lang='lat' dir='ltr'><strong>carnem</strong></span> <span class='ocrx_word' id='word_1_75' title='bbox 1215 895 1336 957; x_wconf 76' lang='lat' dir='ltr'><strong>indicium</strong></span> <span class='ocrx_word' id='word_1_76' title='bbox 1363 895 1394 946; x_wconf 92' lang='lat' dir='ltr'><strong>de</strong></span> <span class='ocrx_word' id='word_1_77' title='bbox 1419 895 1525 945; x_wconf 84' lang='lat' dir='ltr'><strong>inclina·</strong></span> 
     </span>
     <span class='ocr_line' id='line_1_8' title="bbox 164 967 1526 1033; baseline -0.002 -15"><span class='ocrx_word' id='word_1_78' title='bbox 164 970 275 1019; x_wconf 84' lang='lat' dir='ltr'><strong>tionibus</strong></span> <span class='ocrx_word' id='word_1_79' title='bbox 293 969 427 1019; x_wconf 74' lang='lat' dir='ltr'><strong>smsitirae</strong></span> <span class='ocrx_word' id='word_1_80' title='bbox 445 969 544 1018; x_wconf 75' lang='lat' dir='ltr'><strong>mimae</strong></span> <span class='ocrx_word' id='word_1_81' title='bbox 562 969 670 1030; x_wconf 78' lang='lat' dir='ltr'><strong>proferre</strong></span> <span class='ocrx_word' id='word_1_82' title='bbox 688 974 799 1033; x_wconf 80' lang='lat' dir='ltr'><strong>possent</strong></span> <span class='ocrx_word' id='word_1_83' title='bbox 837 969 873 1019; x_wconf 79' lang='lat' dir='ltr'><strong>At</strong></span> <span class='ocrx_word' id='word_1_84' title='bbox 890 969 981 1019; x_wconf 84' lang='lat' dir='ltr'><strong>medici</strong></span> <span class='ocrx_word' id='word_1_85' title='bbox 1000 974 1026 1019; x_wconf 88' lang='lat' dir='ltr'><strong>ot</strong></span> <span class='ocrx_word' id='word_1_86' title='bbox 1043 967 1178 1032; x_wconf 69' lang='lat' dir='ltr'><strong>philosophi</strong></span> <span class='ocrx_word' id='word_1_87' title='bbox 1198 967 1288 1017; x_wconf 78' lang='lat' dir='ltr'><strong>cernue</strong></span> <span class='ocrx_word' id='word_1_88' title='bbox 1304 967 1420 1028; x_wconf 84' lang='lat' dir='ltr'><strong>judicant</strong></span> <span class='ocrx_word' id='word_1_89' title='bbox 1438 967 1469 1017; x_wconf 92' lang='lat' dir='ltr'><strong>da</strong></span> <span class='ocrx_word' id='word_1_90' title='bbox 1487 967 1526 1016; x_wconf 90' lang='lat' dir='ltr'><strong>in-</strong></span> 
     </span>
     <span class='ocr_line' id='line_1_9' title="bbox 165 1038 1527 1104; baseline -0.001 -15"><span class='ocrx_word' id='word_1_91' title='bbox 165 1040 342 1090; x_wconf 84' lang='lat' dir='ltr'><strong>clinationibus</strong></span> <span class='ocrx_word' id='word_1_92' title='bbox 360 1053 434 1104; x_wconf 87' lang='lat' dir='ltr'><strong>qnam</strong></span> <span class='ocrx_word' id='word_1_93' title='bbox 453 1041 677 1102; x_wconf 81' lang='lat' dir='ltr'><strong>perspicacissimus</strong></span> <span class='ocrx_word' id='word_1_94' title='bbox 697 1039 853 1104; x_wconf 59' lang='lat' dir='ltr'><strong>adelogum</strong></span> <span class='ocrx_word' id='word_1_95' title='bbox 883 1054 941 1104; x_wconf 88' lang='lat' dir='ltr'><strong>ergo</strong></span> <span class='ocrx_word' id='word_1_96' title='bbox 960 1045 1038 1102; x_wconf 88' lang='lat' dir='ltr'><strong>patet.</strong></span> <span class='ocrx_word' id='word_1_97' title='bbox 1058 1038 1233 1089; x_wconf 77' lang='lat' dir='ltr'><strong>inclinationes</strong></span> <span class='ocrx_word' id='word_1_98' title='bbox 1251 1053 1300 1086; x_wconf 90' lang='lat' dir='ltr'><strong>non</strong></span> <span class='ocrx_word' id='word_1_99' title='bbox 1320 1039 1351 1087; x_wconf 93' lang='lat' dir='ltr'><strong>ab</strong></span> <span class='ocrx_word' id='word_1_100' title='bbox 1371 1039 1456 1094; x_wconf 85' lang='lat' dir='ltr'><strong>astris,</strong></span> <span class='ocrx_word' id='word_1_101' title='bbox 1483 1038 1527 1087; x_wconf 93' lang='lat' dir='ltr'><strong>sed</strong></span> 
     </span>
     <span class='ocr_line' id='line_1_10' title="bbox 165 1110 1526 1174; baseline -0.003 -14"><span class='ocrx_word' id='word_1_102' title='bbox 165 1125 184 1160; x_wconf 87' lang='lat' dir='ltr'><strong>a</strong></span> <span class='ocrx_word' id='word_1_103' title='bbox 202 1111 404 1174; x_wconf 78' lang='lat' dir='ltr'><strong>temperamentis</strong></span> <span class='ocrx_word' id='word_1_104' title='bbox 423 1125 485 1160; x_wconf 84' lang='lat' dir='ltr'><strong>csse.</strong></span> <span class='ocrx_word' id='word_1_105' title='bbox 523 1110 623 1160; x_wconf 79' lang='lat' dir='ltr'><strong>indicia</strong></span> <span class='ocrx_word' id='word_1_106' title='bbox 639 1111 790 1160; x_wconf 88' lang='lat' dir='ltr'><strong>medicorum</strong></span> <span class='ocrx_word' id='word_1_107' title='bbox 812 1126 842 1159; x_wconf 82' lang='lat' dir='ltr'><strong>ex</strong></span> <span class='ocrx_word' id='word_1_108' title='bbox 860 1112 1064 1173; x_wconf 85' lang='lat' dir='ltr'><strong>temperamentis</strong></span> <span class='ocrx_word' id='word_1_109' title='bbox 1090 1110 1152 1158; x_wconf 89' lang='lat' dir='ltr'><strong>adeo</strong></span> <span class='ocrx_word' id='word_1_110' title='bbox 1176 1110 1319 1159; x_wconf 88' lang='lat' dir='ltr'><strong>constantia</strong></span> <span class='ocrx_word' id='word_1_111' title='bbox 1338 1115 1364 1157; x_wconf 91' lang='lat' dir='ltr'><strong>et</strong></span> <span class='ocrx_word' id='word_1_112' title='bbox 1382 1110 1452 1173; x_wconf 72' lang='lat' dir='ltr'><strong>quan</strong></span> <span class='ocrx_word' id='word_1_113' title='bbox 1471 1123 1526 1171; x_wconf 89' lang='lat' dir='ltr'><strong>par·</strong></span> 
     </span>
     <span class='ocr_line' id='line_1_11' title="bbox 166 1179 1527 1245; baseline -0.003 -13"><span class='ocrx_word' id='word_1_114' title='bbox 166 1188 247 1245; x_wconf 87' lang='lat' dir='ltr'><strong>pctna</strong></span> <span class='ocrx_word' id='word_1_115' title='bbox 257 1196 310 1232; x_wconf 87' lang='lat' dir='ltr'><strong>esse</strong></span> <span class='ocrx_word' id='word_1_116' title='bbox 321 1187 487 1245; x_wconf 74' lang='lat' dir='ltr'><strong>nonpossent,</strong></span> <span class='ocrx_word' id='word_1_117' title='bbox 500 1194 548 1230; x_wconf 89' lang='lat' dir='ltr'><strong>nec</strong></span> <span class='ocrx_word' id='word_1_118' title='bbox 557 1195 653 1245; x_wconf 89' lang='lat' dir='ltr'><strong>semper</strong></span> <span class='ocrx_word' id='word_1_119' title='bbox 664 1197 710 1232; x_wconf 90' lang='lat' dir='ltr'><strong>nec</strong></span> <span class='ocrx_word' id='word_1_120' title='bbox 717 1182 807 1245; x_wconf 84' lang='lat' dir='ltr'><strong>ubique</strong></span> <span class='ocrx_word' id='word_1_121' title='bbox 814 1182 932 1235; x_wconf 79' lang='lat' dir='ltr'><strong>valerent.</strong></span> <span class='ocrx_word' id='word_1_122' title='bbox 945 1181 1150 1231; x_wconf 87' lang='lat' dir='ltr'><strong>siinchnationes</strong></span> <span class='ocrx_word' id='word_1_123' title='bbox 1165 1195 1215 1229; x_wconf 90' lang='lat' dir='ltr'><strong>non</strong></span> <span class='ocrx_word' id='word_1_124' title='bbox 1228 1193 1244 1229; x_wconf 89' lang='lat' dir='ltr'><strong>a</strong></span> <span class='ocrx_word' id='word_1_125' title='bbox 1256 1180 1321 1228; x_wconf 88' lang='lat' dir='ltr'><strong>crasi</strong></span> <span class='ocrx_word' id='word_1_126' title='bbox 1334 1179 1469 1235; x_wconf 86' lang='lat' dir='ltr'><strong>humorum,</strong></span> <span class='ocrx_word' id='word_1_127' title='bbox 1483 1179 1527 1228; x_wconf 85' lang='lat' dir='ltr'><strong>sed</strong></span> 
     </span>
     <span class='ocr_line' id='line_1_12' title="bbox 165 1251 1527 1317; baseline -0.003 -15"><span class='ocrx_word' id='word_1_128' title='bbox 165 1266 185 1302; x_wconf 82' lang='lat' dir='ltr'><strong>a</strong></span> <span class='ocrx_word' id='word_1_129' title='bbox 203 1252 273 1302; x_wconf 87' lang='lat' dir='ltr'><strong>coeio</strong></span> <span class='ocrx_word' id='word_1_130' title='bbox 291 1255 455 1316; x_wconf 81' lang='lat' dir='ltr'><strong>provenirent.</strong></span> <span class='ocrx_word' id='word_1_131' title='bbox 492 1252 576 1302; x_wconf 78' lang='lat' dir='ltr'><strong>Floret</strong></span> <span class='ocrx_word' id='word_1_132' title='bbox 594 1253 665 1312; x_wconf 74' lang='lat' dir='ltr'><strong>aliie,</strong></span> <span class='ocrx_word' id='word_1_133' title='bbox 684 1258 713 1303; x_wconf 87' lang='lat' dir='ltr'><strong>ut</strong></span> <span class='ocrx_word' id='word_1_134' title='bbox 731 1253 807 1302; x_wconf 87' lang='lat' dir='ltr'><strong>orasis</strong></span> <span class='ocrx_word' id='word_1_135' title='bbox 825 1254 932 1317; x_wconf 88' lang='lat' dir='ltr'><strong>corporis</strong></span> <span class='ocrx_word' id='word_1_136' title='bbox 949 1266 1025 1316; x_wconf 86' lang='lat' dir='ltr'><strong>saepe</strong></span> <span class='ocrx_word' id='word_1_137' title='bbox 1045 1260 1111 1301; x_wconf 81' lang='lat' dir='ltr'><strong>essct</strong></span> <span class='ocrx_word' id='word_1_138' title='bbox 1128 1251 1304 1315; x_wconf 82' lang='lat' dir='ltr'><strong>phlegmatica.</strong></span> <span class='ocrx_word' id='word_1_139' title='bbox 1323 1251 1452 1306; x_wconf 79' lang='lat' dir='ltr'><strong>inclinatio</strong></span> <span class='ocrx_word' id='word_1_140' title='bbox 1470 1265 1527 1300; x_wconf 87' lang='lat' dir='ltr'><strong>reru</strong></span> 
     </span>
     <span class='ocr_line' id='line_1_13' title="bbox 165 1322 1526 1393; baseline -0.002 -19"><span class='ocrx_word' id='word_1_141' title='bbox 165 1324 229 1374; x_wconf 78' lang='lat' dir='ltr'><strong>noch</strong></span> <span class='ocrx_word' id='word_1_142' title='bbox 244 1328 299 1374; x_wconf 82' lang='lat' dir='ltr'><strong>tota</strong></span> <span class='ocrx_word' id='word_1_143' title='bbox 310 1323 443 1374; x_wconf 80' lang='lat' dir='ltr'><strong>Martialis.</strong></span> <span class='ocrx_word' id='word_1_144' title='bbox 456 1374 468 1393; x_wconf 24' lang='grc' dir='ltr'>κ</span> <span class='ocrx_word' id='word_1_145' title='bbox 481 1323 602 1376; x_wconf 83' lang='lat' dir='ltr'><strong>Videmus</strong></span> <span class='ocrx_word' id='word_1_146' title='bbox 619 1337 715 1388; x_wconf 84' lang='lat' dir='ltr'><strong>qnoque</strong></span> <span class='ocrx_word' id='word_1_147' title='bbox 728 1326 753 1373; x_wconf 92' lang='lat' dir='ltr'><strong>in</strong></span> <span class='ocrx_word' id='word_1_148' title='bbox 771 1324 844 1374; x_wconf 88' lang='lat' dir='ltr'><strong>rebus</strong></span> <span class='ocrx_word' id='word_1_149' title='bbox 856 1325 1000 1374; x_wconf 79' lang='lat' dir='ltr'><strong>mauimatie</strong></span> <span class='ocrx_word' id='word_1_150' title='bbox 1013 1325 1120 1372; x_wconf 79' lang='lat' dir='ltr'><strong>crucium</strong></span> <span class='ocrx_word' id='word_1_151' title='bbox 1133 1322 1286 1371; x_wconf 65' lang='lat' dir='ltr'><strong>Merendae</strong></span> <span class='ocrx_word' id='word_1_152' title='bbox 1301 1323 1454 1384; x_wconf 87' lang='lat' dir='ltr'><strong>potissimum</strong></span> <span class='ocrx_word' id='word_1_153' title='bbox 1467 1334 1526 1371; x_wconf 84' lang='lat' dir='ltr'><strong>cen·</strong></span> 
     </span>
     <span class='ocr_line' id='line_1_14' title="bbox 164 1391 1527 1459; baseline -0.004 -14"><span class='ocrx_word' id='word_1_154' title='bbox 164 1396 270 1449; x_wconf 81' lang='lat' dir='ltr'><strong>atitncru</strong></span> <span class='ocrx_word' id='word_1_155' title='bbox 288 1395 376 1444; x_wconf 80' lang='lat' dir='ltr'><strong>virium</strong></span> <span class='ocrx_word' id='word_1_156' title='bbox 395 1394 568 1453; x_wconf 75' lang='lat' dir='ltr'><strong>differentiam,</strong></span> <span class='ocrx_word' id='word_1_157' title='bbox 587 1402 616 1444; x_wconf 87' lang='lat' dir='ltr'><strong>ut</strong></span> <span class='ocrx_word' id='word_1_158' title='bbox 636 1395 701 1444; x_wconf 86' lang='lat' dir='ltr'><strong>aliae</strong></span> <span class='ocrx_word' id='word_1_159' title='bbox 720 1394 811 1445; x_wconf 86' lang='lat' dir='ltr'><strong>herbae</strong></span> <span class='ocrx_word' id='word_1_160' title='bbox 829 1396 940 1444; x_wconf 87' lang='lat' dir='ltr'><strong>habeant</strong></span> <span class='ocrx_word' id='word_1_161' title='bbox 958 1396 1006 1443; x_wconf 84' lang='lat' dir='ltr'><strong>rim</strong></span> <span class='ocrx_word' id='word_1_162' title='bbox 1025 1394 1161 1459; x_wconf 73' lang='lat' dir='ltr'><strong>digerendi,</strong></span> <span class='ocrx_word' id='word_1_163' title='bbox 1181 1392 1350 1451; x_wconf 79' lang='lat' dir='ltr'><strong>modificandi,</strong></span> <span class='ocrx_word' id='word_1_164' title='bbox 1374 1391 1527 1447; x_wconf 87' lang='lat' dir='ltr'><strong>attrahendi,</strong></span> 
     </span>
     <span class='ocr_line' id='line_1_15' title="bbox 165 1463 1530 1531; baseline -0.004 -16"><span class='ocrx_word' id='word_1_165' title='bbox 165 1466 321 1531; x_wconf 75' lang='lat' dir='ltr'><strong>glutinandi,</strong></span> <span class='ocrx_word' id='word_1_166' title='bbox 342 1465 406 1515; x_wconf 82' lang='lat' dir='ltr'><strong>alteo</strong></span> <span class='ocrx_word' id='word_1_167' title='bbox 424 1466 602 1515; x_wconf 88' lang='lat' dir='ltr'><strong>mundificandi</strong></span> <span class='ocrx_word' id='word_1_168' title='bbox 620 1472 786 1529; x_wconf 85' lang='lat' dir='ltr'><strong>potestatem,</strong></span> <span class='ocrx_word' id='word_1_169' title='bbox 812 1467 877 1515; x_wconf 88' lang='lat' dir='ltr'><strong>aliae</strong></span> <span class='ocrx_word' id='word_1_170' title='bbox 897 1465 1076 1521; x_wconf 81' lang='lat' dir='ltr'><strong>calefaciendi.</strong></span> <span class='ocrx_word' id='word_1_171' title='bbox 1103 1465 1168 1514; x_wconf 87' lang='lat' dir='ltr'><strong>aliae</strong></span> <span class='ocrx_word' id='word_1_172' title='bbox 1186 1463 1347 1527; x_wconf 80' lang='lat' dir='ltr'><strong>refrigerandi</strong></span> <span class='ocrx_word' id='word_1_173' title='bbox 1371 1463 1434 1517; x_wconf 85' lang='lat' dir='ltr'><strong>rirn.</strong></span> <span class='ocrx_word' id='word_1_174' title='bbox 1457 1470 1530 1526; x_wconf 90' lang='lat' dir='ltr'><strong>prout</strong></span> 
     </span>
     <span class='ocr_line' id='line_1_16' title="bbox 165 1533 1547 1597; baseline -0.004 -11"><span class='ocrx_word' id='word_1_175' title='bbox 165 1538 246 1587; x_wconf 83' lang='lat' dir='ltr'><strong>cratia</strong></span> <span class='ocrx_word' id='word_1_176' title='bbox 263 1537 360 1586; x_wconf 87' lang='lat' dir='ltr'><strong>iliarum</strong></span> <span class='ocrx_word' id='word_1_177' title='bbox 379 1536 496 1586; x_wconf 73' lang='grc' dir='ltr'><strong>ιᾱιπίιιίι</strong></span> <span class='ocrx_word' id='word_1_178' title='bbox 534 1536 607 1596; x_wconf 85' lang='lat' dir='ltr'><strong>Quod</strong></span> <span class='ocrx_word' id='word_1_179' title='bbox 624 1539 650 1586; x_wconf 91' lang='lat' dir='ltr'><strong>in</strong></span> <span class='ocrx_word' id='word_1_180' title='bbox 668 1537 707 1585; x_wconf 91' lang='lat' dir='ltr'><strong>his</strong></span> <span class='ocrx_word' id='word_1_181' title='bbox 724 1538 787 1585; x_wconf 86' lang='lat' dir='ltr'><strong>rirce</strong></span> <span class='ocrx_word' id='word_1_182' title='bbox 805 1551 837 1586; x_wconf 81' lang='lat' dir='ltr'><strong>ox</strong></span> <span class='ocrx_word' id='word_1_183' title='bbox 855 1538 933 1592; x_wconf 86' lang='lat' dir='ltr'><strong>crasi,</strong></span> <span class='ocrx_word' id='word_1_184' title='bbox 959 1536 986 1585; x_wconf 91' lang='lat' dir='ltr'><strong>id</strong></span> <span class='ocrx_word' id='word_1_185' title='bbox 1003 1538 1029 1585; x_wconf 89' lang='lat' dir='ltr'><strong>in</strong></span> <span class='ocrx_word' id='word_1_186' title='bbox 1048 1537 1165 1585; x_wconf 75' lang='grc' dir='ltr'><strong>οιιιιποιὶο</strong></span> <span class='ocrx_word' id='word_1_187' title='bbox 1184 1535 1324 1597; x_wconf 89' lang='lat' dir='ltr'><strong>corporibus</strong></span> <span class='ocrx_word' id='word_1_188' title='bbox 1343 1542 1402 1583; x_wconf 89' lang='lat' dir='ltr'><strong>sunt</strong></span> <span class='ocrx_word' id='word_1_189' title='bbox 1419 1533 1524 1583; x_wconf 88' lang='lat' dir='ltr'><strong>inclina·</strong></span> <span class='ocrx_word' id='word_1_190' title='bbox 1544 1572 1547 1576; x_wconf 15' lang='grc' dir='ltr'><em>Δ</em></span> 
     </span>
     <span class='ocr_line' id='line_1_17' title="bbox 166 1604 1524 1672; baseline -0.004 -14"><span class='ocrx_word' id='word_1_191' title='bbox 166 1610 257 1658; x_wconf 80' lang='lat' dir='ltr'><strong>tiones</strong></span> <span class='ocrx_word' id='word_1_192' title='bbox 296 1607 365 1658; x_wconf 80' lang='lat' dir='ltr'><strong>Dicis</strong></span> <span class='ocrx_word' id='word_1_193' title='bbox 384 1623 493 1672; x_wconf 84' lang='lat' dir='ltr'><strong>quoqne.</strong></span> <span class='ocrx_word' id='word_1_194' title='bbox 523 1608 634 1657; x_wconf 74' lang='lat' dir='ltr'><strong>smmum</strong></span> <span class='ocrx_word' id='word_1_195' title='bbox 660 1623 688 1657; x_wconf 89' lang='lat' dir='ltr'><strong>se</strong></span> <span class='ocrx_word' id='word_1_196' title='bbox 706 1607 798 1657; x_wconf 85' lang='lat' dir='ltr'><strong>habore</strong></span> <span class='ocrx_word' id='word_1_197' title='bbox 826 1608 859 1658; x_wconf 91' lang='lat' dir='ltr'><strong>ad</strong></span> <span class='ocrx_word' id='word_1_198' title='bbox 878 1608 997 1658; x_wconf 72' lang='lat' dir='ltr'><strong>ooeimtia</strong></span> <span class='ocrx_word' id='word_1_199' title='bbox 1020 1607 1085 1656; x_wconf 77' lang='lat' dir='ltr'><strong>haec</strong></span> <span class='ocrx_word' id='word_1_200' title='bbox 1102 1607 1189 1667; x_wconf 69' lang='grc' dir='ltr'><strong><em>παθη.</em></strong></span> <span class='ocrx_word' id='word_1_201' title='bbox 1216 1612 1246 1654; x_wconf 87' lang='lat' dir='ltr'><strong>nt</strong></span> <span class='ocrx_word' id='word_1_202' title='bbox 1263 1605 1350 1654; x_wconf 87' lang='lat' dir='ltr'><strong>oculus</strong></span> <span class='ocrx_word' id='word_1_203' title='bbox 1374 1605 1407 1653; x_wconf 86' lang='lat' dir='ltr'><strong>ad</strong></span> <span class='ocrx_word' id='word_1_204' title='bbox 1435 1604 1524 1662; x_wconf 86' lang='lat' dir='ltr'><strong>iucem,</strong></span> 
     </span>
     <span class='ocr_line' id='line_1_18' title="bbox 167 1675 1524 1742; baseline -0.004 -13"><span class='ocrx_word' id='word_1_205' title='bbox 167 1681 236 1729; x_wconf 82' lang='lat' dir='ltr'><strong>auris</strong></span> <span class='ocrx_word' id='word_1_206' title='bbox 254 1679 288 1729; x_wconf 88' lang='lat' dir='ltr'><strong>ad</strong></span> <span class='ocrx_word' id='word_1_207' title='bbox 305 1693 393 1729; x_wconf 87' lang='lat' dir='ltr'><strong>sonum</strong></span> <span class='ocrx_word' id='word_1_208' title='bbox 411 1682 448 1742; x_wconf 84' lang='lat' dir='ltr'><strong>(p.</strong></span> <span class='ocrx_word' id='word_1_209' title='bbox 469 1675 544 1737; x_wconf 76' lang='lat' dir='ltr'><strong>did).</strong></span> <span class='ocrx_word' id='word_1_210' title='bbox 581 1679 653 1728; x_wconf 85' lang='lat' dir='ltr'><strong>Haec</strong></span> <span class='ocrx_word' id='word_1_211' title='bbox 671 1694 721 1729; x_wconf 88' lang='lat' dir='ltr'><strong>non</strong></span> <span class='ocrx_word' id='word_1_212' title='bbox 740 1680 847 1729; x_wconf 88' lang='lat' dir='ltr'><strong>absurde</strong></span> <span class='ocrx_word' id='word_1_213' title='bbox 865 1679 933 1729; x_wconf 87' lang='lat' dir='ltr'><strong>dicta</strong></span> <span class='ocrx_word' id='word_1_214' title='bbox 951 1685 1023 1736; x_wconf 83' lang='lat' dir='ltr'><strong>sunt,</strong></span> <span class='ocrx_word' id='word_1_215' title='bbox 1050 1688 1144 1726; x_wconf 80' lang='lat' dir='ltr'><strong>comam</strong></span> <span class='ocrx_word' id='word_1_216' title='bbox 1163 1678 1228 1726; x_wconf 90' lang='lat' dir='ltr'><strong>enim</strong></span> <span class='ocrx_word' id='word_1_217' title='bbox 1255 1676 1406 1740; x_wconf 82' lang='lat' dir='ltr'><strong>superiorum</strong></span> <span class='ocrx_word' id='word_1_218' title='bbox 1424 1676 1524 1724; x_wconf 68' lang='lat' dir='ltr'><strong>relabo-</strong></span> 
     </span>
     <span class='ocr_line' id='line_1_19' title="bbox 166 1746 1526 1813; baseline -0.004 -13"><span class='ocrx_word' id='word_1_219' title='bbox 166 1764 226 1800; x_wconf 85' lang='lat' dir='ltr'><strong>ncm</strong></span> <span class='ocrx_word' id='word_1_220' title='bbox 245 1750 279 1800; x_wconf 89' lang='lat' dir='ltr'><strong>ad</strong></span> <span class='ocrx_word' id='word_1_221' title='bbox 296 1750 412 1799; x_wconf 87' lang='lat' dir='ltr'><strong>inierinra</strong></span> <span class='ocrx_word' id='word_1_222' title='bbox 430 1764 486 1799; x_wconf 90' lang='lat' dir='ltr'><strong>esse</strong></span> <span class='ocrx_word' id='word_1_223' title='bbox 504 1751 557 1812; x_wconf 90' lang='lat' dir='ltr'><strong>ipse</strong></span> <span class='ocrx_word' id='word_1_224' title='bbox 576 1749 643 1800; x_wconf 88' lang='lat' dir='ltr'><strong>clare</strong></span> <span class='ocrx_word' id='word_1_225' title='bbox 661 1750 738 1809; x_wconf 79' lang='lat' dir='ltr'><strong>innui,</strong></span> <span class='ocrx_word' id='word_1_226' title='bbox 758 1751 802 1799; x_wconf 85' lang='lat' dir='ltr'><strong>sed</strong></span> <span class='ocrx_word' id='word_1_227' title='bbox 821 1766 871 1800; x_wconf 90' lang='lat' dir='ltr'><strong>non</strong></span> <span class='ocrx_word' id='word_1_228' title='bbox 889 1765 919 1799; x_wconf 90' lang='lat' dir='ltr'><strong>ee</strong></span> <span class='ocrx_word' id='word_1_229' title='bbox 931 1750 1012 1805; x_wconf 84' lang='lat' dir='ltr'><strong>modo.</strong></span> <span class='ocrx_word' id='word_1_230' title='bbox 1032 1764 1079 1813; x_wconf 85' lang='lat' dir='ltr'><strong>qno</strong></span> <span class='ocrx_word' id='word_1_231' title='bbox 1098 1755 1125 1798; x_wconf 91' lang='lat' dir='ltr'><strong>tu</strong></span> <span class='ocrx_word' id='word_1_232' title='bbox 1143 1747 1269 1811; x_wconf 79' lang='lat' dir='ltr'><strong>intelligis,</strong></span> <span class='ocrx_word' id='word_1_233' title='bbox 1289 1762 1337 1796; x_wconf 90' lang='lat' dir='ltr'><strong>non</strong></span> <span class='ocrx_word' id='word_1_234' title='bbox 1351 1746 1416 1810; x_wconf 91' lang='lat' dir='ltr'><strong>qnod</strong></span> <span class='ocrx_word' id='word_1_235' title='bbox 1429 1746 1526 1795; x_wconf 89' lang='lat' dir='ltr'><strong>animus</strong></span> 
     </span>
     <span class='ocr_line' id='line_1_20' title="bbox 166 1817 1527 1886; baseline -0.004 -15"><span class='ocrx_word' id='word_1_236' title='bbox 166 1821 202 1871; x_wconf 89' lang='lat' dir='ltr'><strong>ad</strong></span> <span class='ocrx_word' id='word_1_237' title='bbox 221 1820 340 1871; x_wconf 84' lang='lat' dir='ltr'><strong>coelestes</strong></span> <span class='ocrx_word' id='word_1_238' title='bbox 358 1820 536 1870; x_wconf 85' lang='lat' dir='ltr'><strong>inclinationes</strong></span> <span class='ocrx_word' id='word_1_239' title='bbox 555 1822 590 1870; x_wconf 89' lang='lat' dir='ltr'><strong>sic</strong></span> <span class='ocrx_word' id='word_1_240' title='bbox 611 1835 638 1870; x_wconf 89' lang='lat' dir='ltr'><strong>se</strong></span> <span class='ocrx_word' id='word_1_241' title='bbox 656 1819 765 1877; x_wconf 80' lang='lat' dir='ltr'><strong>haheat,</strong></span> <span class='ocrx_word' id='word_1_242' title='bbox 791 1822 834 1871; x_wconf 89' lang='lat' dir='ltr'><strong>sed</strong></span> <span class='ocrx_word' id='word_1_243' title='bbox 853 1820 916 1886; x_wconf 89' lang='lat' dir='ltr'><strong>qnod</strong></span> <span class='ocrx_word' id='word_1_244' title='bbox 935 1819 1024 1885; x_wconf 85' lang='lat' dir='ltr'><strong>singuli</strong></span> <span class='ocrx_word' id='word_1_245' title='bbox 1044 1820 1150 1884; x_wconf 88' lang='lat' dir='ltr'><strong>corporis</strong></span> <span class='ocrx_word' id='word_1_246' title='bbox 1165 1818 1286 1871; x_wconf 88' lang='lat' dir='ltr'><strong>humores</strong></span> <span class='ocrx_word' id='word_1_247' title='bbox 1306 1817 1468 1867; x_wconf 87' lang='lat' dir='ltr'><strong>elementares</strong></span> <span class='ocrx_word' id='word_1_248' title='bbox 1487 1831 1527 1865; x_wconf 89' lang='lat' dir='ltr'><strong>re-</strong></span> 
     </span>
     <span class='ocr_line' id='line_1_21' title="bbox 164 1887 1528 1957; baseline -0.004 -16"><span class='ocrx_word' id='word_1_249' title='bbox 164 1894 275 1956; x_wconf 88' lang='lat' dir='ltr'><strong>spiciunt</strong></span> <span class='ocrx_word' id='word_1_250' title='bbox 293 1892 403 1957; x_wconf 86' lang='lat' dir='ltr'><strong>singulos</strong></span> <span class='ocrx_word' id='word_1_251' title='bbox 420 1891 547 1954; x_wconf 83' lang='lat' dir='ltr'><strong>planetas,</strong></span> <span class='ocrx_word' id='word_1_252' title='bbox 565 1898 595 1940; x_wconf 90' lang='lat' dir='ltr'><strong>nt</strong></span> <span class='ocrx_word' id='word_1_253' title='bbox 612 1892 731 1942; x_wconf 78' lang='lat' dir='ltr'><strong>videlicet</strong></span> <span class='ocrx_word' id='word_1_254' title='bbox 747 1891 764 1951; x_wconf 69' lang='lat' dir='ltr'><strong>b</strong></span> <span class='ocrx_word' id='word_1_255' title='bbox 782 1893 913 1943; x_wconf 81' lang='lat' dir='ltr'><strong>relativam</strong></span> <span class='ocrx_word' id='word_1_256' title='bbox 931 1893 980 1940; x_wconf 84' lang='lat' dir='ltr'><strong>rim</strong></span> <span class='ocrx_word' id='word_1_257' title='bbox 1006 1891 1101 1940; x_wconf 87' lang='lat' dir='ltr'><strong>habeat</strong></span> <span class='ocrx_word' id='word_1_258' title='bbox 1126 1889 1159 1939; x_wconf 93' lang='lat' dir='ltr'><strong>ad</strong></span> <span class='ocrx_word' id='word_1_259' title='bbox 1176 1889 1304 1938; x_wconf 89' lang='lat' dir='ltr'><strong>humorem</strong></span> <span class='ocrx_word' id='word_1_260' title='bbox 1322 1887 1528 1938; x_wconf 86' lang='lat' dir='ltr'><strong>melancholicum</strong></span> 
     </span>
     <span class='ocr_line' id='line_1_22' title="bbox 166 1954 1277 2028; baseline -0.005 -14"><span class='ocrx_word' id='word_1_261' title='bbox 166 1963 342 2019; x_wconf 73' lang='lat' dir='ltr'><strong>cummium,</strong></span> <span class='ocrx_word' id='word_1_262' title='bbox 360 1963 553 2020; x_wconf 80' lang='lat' dir='ltr'><strong>stimulandum,</strong></span> <span class='ocrx_word' id='word_1_263' title='bbox 570 1964 753 2028; x_wconf 70' lang='lat' dir='ltr'><strong>vegetandum</strong></span> <span class='ocrx_word' id='word_1_264' title='bbox 773 1962 799 2024; x_wconf 67' lang='grc' dir='ltr'><em>ὀ</em></span> <span class='ocrx_word' id='word_1_265' title='bbox 818 1963 851 2013; x_wconf 84' lang='lat' dir='ltr'><strong>ad</strong></span> <span class='ocrx_word' id='word_1_266' title='bbox 870 1962 1007 2019; x_wconf 84' lang='lat' dir='ltr'><strong>choleram.</strong></span> <span class='ocrx_word' id='word_1_267' title='bbox 1027 1954 1051 2023; x_wconf 78' lang='lat' dir='ltr'>Q</span> <span class='ocrx_word' id='word_1_268' title='bbox 1071 1961 1104 2011; x_wconf 87' lang='lat' dir='ltr'><strong>ad</strong></span> <span class='ocrx_word' id='word_1_269' title='bbox 1122 1961 1277 2025; x_wconf 74' lang='lat' dir='ltr'><strong>sangninem·</strong></span> 
     </span>
    </p>

    <p class='ocr_par' dir='ltr' id='par_1_3' title="bbox 168 2028 1529 2241">
     <span class='ocr_line' id='line_1_23' title="bbox 240 2028 1527 2099; baseline -0.006 -14"><span class='ocrx_word' id='word_1_270' title='bbox 240 2034 270 2085; x_wconf 89' lang='lat' dir='ltr'><strong>In</strong></span> <span class='ocrx_word' id='word_1_271' title='bbox 288 2048 399 2091; x_wconf 83' lang='lat' dir='ltr'><strong>summa,</strong></span> <span class='ocrx_word' id='word_1_272' title='bbox 419 2033 488 2091; x_wconf 83' lang='lat' dir='ltr'><strong>dico,</strong></span> <span class='ocrx_word' id='word_1_273' title='bbox 507 2034 587 2084; x_wconf 90' lang='lat' dir='ltr'><strong>nullas</strong></span> <span class='ocrx_word' id='word_1_274' title='bbox 605 2034 738 2098; x_wconf 86' lang='lat' dir='ltr'><strong>qualitates</strong></span> <span class='ocrx_word' id='word_1_275' title='bbox 756 2036 848 2099; x_wconf 88' lang='lat' dir='ltr'><strong>primas</strong></span> <span class='ocrx_word' id='word_1_276' title='bbox 874 2042 919 2085; x_wconf 86' lang='lat' dir='ltr'><strong>aut</strong></span> <span class='ocrx_word' id='word_1_277' title='bbox 937 2034 1060 2083; x_wconf 89' lang='lat' dir='ltr'><strong>secundas</strong></span> <span class='ocrx_word' id='word_1_278' title='bbox 1077 2039 1177 2097; x_wconf 89' lang='lat' dir='ltr'><strong>praeter</strong></span> <span class='ocrx_word' id='word_1_279' title='bbox 1199 2031 1351 2081; x_wconf 86' lang='lat' dir='ltr'><strong>caliditatem</strong></span> <span class='ocrx_word' id='word_1_280' title='bbox 1371 2035 1397 2079; x_wconf 88' lang='lat' dir='ltr'><strong>et</strong></span> <span class='ocrx_word' id='word_1_281' title='bbox 1414 2028 1527 2079; x_wconf 83' lang='lat' dir='ltr'><strong>lucidita-</strong></span> 
     </span>
     <span class='ocr_line' id='line_1_24' title="bbox 170 2101 1529 2170; baseline -0.004 -16"><span class='ocrx_word' id='word_1_282' title='bbox 170 2113 236 2163; x_wconf 83' lang='lat' dir='ltr'><strong>tem.</strong></span> <span class='ocrx_word' id='word_1_283' title='bbox 257 2112 286 2153; x_wconf 91' lang='lat' dir='ltr'><strong>nt</strong></span> <span class='ocrx_word' id='word_1_284' title='bbox 303 2120 351 2155; x_wconf 92' lang='lat' dir='ltr'><strong>neo</strong></span> <span class='ocrx_word' id='word_1_285' title='bbox 369 2105 432 2154; x_wconf 81' lang='lat' dir='ltr'><strong>ullas</strong></span> <span class='ocrx_word' id='word_1_286' title='bbox 450 2104 624 2155; x_wconf 85' lang='lat' dir='ltr'><strong>inclinationes</strong></span> <span class='ocrx_word' id='word_1_287' title='bbox 642 2107 723 2155; x_wconf 89' lang='lat' dir='ltr'><strong>inesse</strong></span> <span class='ocrx_word' id='word_1_288' title='bbox 742 2106 865 2170; x_wconf 69' lang='lat' dir='ltr'><strong>planctist</strong></span> <span class='ocrx_word' id='word_1_289' title='bbox 892 2108 927 2154; x_wconf 88' lang='lat' dir='ltr'><strong>ris</strong></span> <span class='ocrx_word' id='word_1_290' title='bbox 946 2120 1004 2154; x_wconf 84' lang='lat' dir='ltr'><strong>vero</strong></span> <span class='ocrx_word' id='word_1_291' title='bbox 1022 2104 1155 2169; x_wconf 76' lang='lat' dir='ltr'><strong>vegetandi</strong></span> <span class='ocrx_word' id='word_1_292' title='bbox 1175 2104 1199 2152; x_wconf 91' lang='lat' dir='ltr'><strong>in</strong></span> <span class='ocrx_word' id='word_1_293' title='bbox 1218 2101 1325 2166; x_wconf 88' lang='lat' dir='ltr'><strong>planetis</strong></span> <span class='ocrx_word' id='word_1_294' title='bbox 1350 2117 1400 2150; x_wconf 90' lang='lat' dir='ltr'><strong>nou</strong></span> <span class='ocrx_word' id='word_1_295' title='bbox 1419 2108 1471 2150; x_wconf 86' lang='lat' dir='ltr'><strong>tarn</strong></span> <span class='ocrx_word' id='word_1_296' title='bbox 1491 2107 1529 2149; x_wconf 84' lang='lat' dir='ltr'><strong>eat</strong></span> 
     </span>
     <span class='ocr_line' id='line_1_25' title="bbox 168 2170 1477 2241; baseline -0.005 -14"><span class='ocrx_word' id='word_1_297' title='bbox 168 2177 300 2233; x_wconf 83' lang='lat' dir='ltr'><strong>naturalis,</strong></span> <span class='ocrx_word' id='word_1_298' title='bbox 319 2191 393 2241; x_wconf 88' lang='lat' dir='ltr'><strong>qnam</strong></span> <span class='ocrx_word' id='word_1_299' title='bbox 411 2176 517 2225; x_wconf 80' lang='lat' dir='ltr'><strong>relativa</strong></span> <span class='ocrx_word' id='word_1_300' title='bbox 533 2177 737 2226; x_wconf 65' lang='lat' dir='ltr'><strong>nundinatione</strong></span> <span class='ocrx_word' id='word_1_301' title='bbox 756 2177 848 2227; x_wconf 82' lang='lat' dir='ltr'><strong>diuina.</strong></span> <span class='ocrx_word' id='word_1_302' title='bbox 867 2175 1039 2241; x_wconf 85' lang='lat' dir='ltr'><strong>(Keplerus</strong></span> <span class='ocrx_word' id='word_1_303' title='bbox 1057 2177 1082 2224; x_wconf 89' lang='lat' dir='ltr'><strong>in</strong></span> <span class='ocrx_word' id='word_1_304' title='bbox 1101 2175 1227 2239; x_wconf 83' lang='lat' dir='ltr'><strong>margine:</strong></span> <span class='ocrx_word' id='word_1_305' title='bbox 1247 2173 1312 2222; x_wconf 88' lang='lat' dir='ltr'><strong>Pons</strong></span> <span class='ocrx_word' id='word_1_306' title='bbox 1331 2170 1477 2232; x_wconf 83' lang='lat' dir='ltr'><strong>asinorum.)</strong></span> 
     </span>
    </p>

    <p class='ocr_par' dir='ltr' id='par_1_4' title="bbox 168 2244 1529 2596">
     <span class='ocr_line' id='line_1_26' title="bbox 240 2244 1527 2304; baseline -0.002 -7"><span class='ocrx_word' id='word_1_307' title='bbox 240 2247 329 2297; x_wconf 87' lang='lat' dir='ltr'><strong>Porro:</strong></span> <span class='ocrx_word' id='word_1_308' title='bbox 355 2249 376 2296; x_wconf 88' lang='lat' dir='ltr'><strong>ei</strong></span> <span class='ocrx_word' id='word_1_309' title='bbox 397 2247 572 2297; x_wconf 85' lang='lat' dir='ltr'><strong>inclinationes</strong></span> <span class='ocrx_word' id='word_1_310' title='bbox 595 2249 628 2297; x_wconf 89' lang='lat' dir='ltr'><strong>ab</strong></span> <span class='ocrx_word' id='word_1_311' title='bbox 650 2249 738 2304; x_wconf 78' lang='lat' dir='ltr'><strong>aenis,</strong></span> <span class='ocrx_word' id='word_1_312' title='bbox 765 2249 863 2298; x_wconf 87' lang='lat' dir='ltr'><strong>malitia</strong></span> <span class='ocrx_word' id='word_1_313' title='bbox 880 2262 937 2297; x_wconf 86' lang='lat' dir='ltr'><strong>reru</strong></span> <span class='ocrx_word' id='word_1_314' title='bbox 955 2262 1038 2297; x_wconf 86' lang='lat' dir='ltr'><strong>eorum</strong></span> <span class='ocrx_word' id='word_1_315' title='bbox 1057 2245 1172 2300; x_wconf 84' lang='lat' dir='ltr'><strong>aliunde.</strong></span> <span class='ocrx_word' id='word_1_316' title='bbox 1197 2250 1257 2295; x_wconf 90' lang='lat' dir='ltr'><strong>tnnc</strong></span> <span class='ocrx_word' id='word_1_317' title='bbox 1277 2244 1309 2293; x_wconf 87' lang='lat' dir='ltr'><strong>ad</strong></span> <span class='ocrx_word' id='word_1_318' title='bbox 1327 2244 1527 2294; x_wconf 88' lang='lat' dir='ltr'><strong>constituendum</strong></span> 
     </span>
     <span class='ocr_line' id='line_1_27' title="bbox 168 2314 1528 2381; baseline -0.004 -10"><span class='ocrx_word' id='word_1_319' title='bbox 168 2326 265 2371; x_wconf 71' lang='lat' dir='ltr'><strong>cenum</strong></span> <span class='ocrx_word' id='word_1_320' title='bbox 283 2317 315 2368; x_wconf 92' lang='lat' dir='ltr'><strong>de</strong></span> <span class='ocrx_word' id='word_1_321' title='bbox 333 2318 534 2368; x_wconf 79' lang='lat' dir='ltr'><strong>inclinationibus</strong></span> <span class='ocrx_word' id='word_1_322' title='bbox 549 2318 670 2381; x_wconf 76' lang='lat' dir='ltr'><strong>iudicium</strong></span> <span class='ocrx_word' id='word_1_323' title='bbox 693 2334 743 2369; x_wconf 90' lang='lat' dir='ltr'><strong>non</strong></span> <span class='ocrx_word' id='word_1_324' title='bbox 761 2320 840 2369; x_wconf 87' lang='lat' dir='ltr'><strong>solnm</strong></span> <span class='ocrx_word' id='word_1_325' title='bbox 866 2325 935 2368; x_wconf 77' lang='lat' dir='ltr'><strong>utra</strong></span> <span class='ocrx_word' id='word_1_326' title='bbox 953 2317 1136 2368; x_wconf 86' lang='lat' dir='ltr'><strong>consideranda</strong></span> <span class='ocrx_word' id='word_1_327' title='bbox 1153 2323 1238 2373; x_wconf 87' lang='lat' dir='ltr'><strong>crunt,</strong></span> <span class='ocrx_word' id='word_1_328' title='bbox 1265 2314 1309 2365; x_wconf 88' lang='lat' dir='ltr'><strong>sed</strong></span> <span class='ocrx_word' id='word_1_329' title='bbox 1337 2315 1414 2364; x_wconf 90' lang='lat' dir='ltr'><strong>animi</strong></span> <span class='ocrx_word' id='word_1_330' title='bbox 1433 2329 1528 2379; x_wconf 80' lang='lat' dir='ltr'><strong>quoqne</strong></span> 
     </span>
     <span class='ocr_line' id='line_1_28' title="bbox 168 2386 1526 2454; baseline -0.002 -14"><span class='ocrx_word' id='word_1_331' title='bbox 168 2405 188 2441; x_wconf 85' lang='lat' dir='ltr'><strong>a</strong></span> <span class='ocrx_word' id='word_1_332' title='bbox 204 2390 302 2440; x_wconf 86' lang='lat' dir='ltr'><strong>malitia</strong></span> <span class='ocrx_word' id='word_1_333' title='bbox 318 2390 399 2454; x_wconf 55' lang='lat' dir='ltr'><strong>mame</strong></span> <span class='ocrx_word' id='word_1_334' title='bbox 416 2390 529 2439; x_wconf 83' lang='lat' dir='ltr'><strong>minuare</strong></span> <span class='ocrx_word' id='word_1_335' title='bbox 550 2391 714 2442; x_wconf 86' lang='lat' dir='ltr'><strong>contaminati</strong></span> <span class='ocrx_word' id='word_1_336' title='bbox 732 2389 851 2441; x_wconf 85' lang='lat' dir='ltr'><strong>habitudo</strong></span> <span class='ocrx_word' id='word_1_337' title='bbox 871 2388 996 2454; x_wconf 71' lang='lat' dir='ltr'><strong>astrologo</strong></span> <span class='ocrx_word' id='word_1_338' title='bbox 1014 2387 1263 2453; x_wconf 80' lang='lat' dir='ltr'><strong>praecognoscenda‚</strong></span> <span class='ocrx_word' id='word_1_339' title='bbox 1283 2392 1310 2436; x_wconf 90' lang='lat' dir='ltr'><strong>et</strong></span> <span class='ocrx_word' id='word_1_340' title='bbox 1328 2386 1400 2435; x_wconf 64' lang='lat' dir='ltr'><strong>imni</strong></span> <span class='ocrx_word' id='word_1_341' title='bbox 1418 2387 1445 2434; x_wconf 89' lang='lat' dir='ltr'><strong>iu</strong></span> <span class='ocrx_word' id='word_1_342' title='bbox 1460 2386 1526 2447; x_wconf 87' lang='lat' dir='ltr'><strong>judi·</strong></span> 
     </span>
     <span class='ocr_line' id='line_1_29' title="bbox 168 2452 1527 2527; baseline -0.002 -16"><span class='ocrx_word' id='word_1_343' title='bbox 168 2463 236 2511; x_wconf 89' lang='lat' dir='ltr'><strong>cium</strong></span> <span class='ocrx_word' id='word_1_344' title='bbox 255 2461 398 2510; x_wconf 83' lang='lat' dir='ltr'><strong>adhibenda</strong></span> <span class='ocrx_word' id='word_1_345' title='bbox 415 2461 469 2510; x_wconf 90' lang='lat' dir='ltr'><strong>erit.</strong></span> <span class='ocrx_word' id='word_1_346' title='bbox 508 2460 600 2511; x_wconf 85' lang='lat' dir='ltr'><strong>Verum</strong></span> <span class='ocrx_word' id='word_1_347' title='bbox 619 2461 757 2527; x_wconf 82' lang='lat' dir='ltr'><strong>astrologus</strong></span> <span class='ocrx_word' id='word_1_348' title='bbox 772 2462 871 2525; x_wconf 77' lang='lat' dir='ltr'><strong>indicat</strong></span> <span class='ocrx_word' id='word_1_349' title='bbox 890 2459 1042 2511; x_wconf 88' lang='lat' dir='ltr'><strong>solummodo</strong></span> <span class='ocrx_word' id='word_1_350' title='bbox 1057 2463 1130 2522; x_wconf 87' lang='lat' dir='ltr'><strong>juxta</strong></span> <span class='ocrx_word' id='word_1_351' title='bbox 1146 2459 1253 2524; x_wconf 82' lang='lat' dir='ltr'><strong>positum</strong></span> <span class='ocrx_word' id='word_1_352' title='bbox 1273 2458 1335 2507; x_wconf 91' lang='lat' dir='ltr'><strong>coeii</strong></span> <span class='ocrx_word' id='word_1_353' title='bbox 1354 2464 1380 2507; x_wconf 91' lang='lat' dir='ltr'><strong>et</strong></span> <span class='ocrx_word' id='word_1_354' title='bbox 1399 2452 1527 2508; x_wconf 83' lang='lat' dir='ltr'><strong>diversita-</strong></span> 
     </span>
     <span class='ocr_line' id='line_1_30' title="bbox 168 2529 1529 2596; baseline -0.003 -14"><span class='ocrx_word' id='word_1_355' title='bbox 168 2540 220 2582; x_wconf 88' lang='lat' dir='ltr'><strong>tem</strong></span> <span class='ocrx_word' id='word_1_356' title='bbox 240 2538 396 2596; x_wconf 80' lang='lat' dir='ltr'><strong>aspectuum,</strong></span> <span class='ocrx_word' id='word_1_357' title='bbox 414 2537 485 2595; x_wconf 88' lang='lat' dir='ltr'><strong>pmnt</strong></span> <span class='ocrx_word' id='word_1_358' title='bbox 502 2531 537 2580; x_wconf 89' lang='lat' dir='ltr'><strong>illi</strong></span> <span class='ocrx_word' id='word_1_359' title='bbox 556 2539 601 2581; x_wconf 89' lang='lat' dir='ltr'><strong>aut</strong></span> <span class='ocrx_word' id='word_1_360' title='bbox 619 2533 699 2595; x_wconf 87' lang='lat' dir='ltr'><strong>asperi</strong></span> <span class='ocrx_word' id='word_1_361' title='bbox 719 2534 883 2582; x_wconf 87' lang='lat' dir='ltr'><strong>autmitioros</strong></span> <span class='ocrx_word' id='word_1_362' title='bbox 902 2538 968 2581; x_wconf 86' lang='lat' dir='ltr'><strong>sunt.</strong></span> <span class='ocrx_word' id='word_1_363' title='bbox 1005 2531 1070 2596; x_wconf 85' lang='lat' dir='ltr'><strong>Ergo</strong></span> <span class='ocrx_word' id='word_1_364' title='bbox 1084 2545 1113 2580; x_wconf 90' lang='lat' dir='ltr'><strong>eo</strong></span> <span class='ocrx_word' id='word_1_365' title='bbox 1126 2531 1178 2594; x_wconf 87' lang='lat' dir='ltr'><strong>ipso</strong></span> <span class='ocrx_word' id='word_1_366' title='bbox 1197 2529 1309 2578; x_wconf 82' lang='lat' dir='ltr'><strong>nolenter</strong></span> <span class='ocrx_word' id='word_1_367' title='bbox 1321 2529 1431 2577; x_wconf 77' lang='lat' dir='ltr'><strong>veientes</strong></span> <span class='ocrx_word' id='word_1_368' title='bbox 1445 2536 1529 2578; x_wconf 88' lang='lat' dir='ltr'><strong>osten·</strong></span> 
     </span>
    </p>
   </div>
   <div class='ocr_carea' id='block_1_3' title="bbox 167 2594 1636 2667">
    <p class='ocr_par' dir='ltr' id='par_1_5' title="bbox 167 2594 1636 2667">
     <span class='ocr_line' id='line_1_31' title="bbox 167 2594 1636 2667; baseline -0.004 -14"><span class='ocrx_word' id='word_1_369' title='bbox 167 2604 232 2653; x_wconf 86' lang='lat' dir='ltr'><strong>dunt</strong></span> <span class='ocrx_word' id='word_1_370' title='bbox 250 2603 383 2667; x_wconf 74' lang='lat' dir='ltr'><strong>astrologi⁹</strong></span> <span class='ocrx_word' id='word_1_371' title='bbox 410 2608 455 2653; x_wconf 87' lang='lat' dir='ltr'><strong>ant</strong></span> <span class='ocrx_word' id='word_1_372' title='bbox 473 2603 544 2652; x_wconf 88' lang='lat' dir='ltr'><strong>simui</strong></span> <span class='ocrx_word' id='word_1_373' title='bbox 562 2603 699 2652; x_wconf 87' lang='lat' dir='ltr'><strong>bonitatem</strong></span> <span class='ocrx_word' id='word_1_374' title='bbox 718 2608 745 2653; x_wconf 89' lang='lat' dir='ltr'><strong>et</strong></span> <span class='ocrx_word' id='word_1_375' title='bbox 762 2604 884 2653; x_wconf 88' lang='lat' dir='ltr'><strong>malitiam</strong></span> <span class='ocrx_word' id='word_1_376' title='bbox 902 2618 958 2652; x_wconf 90' lang='lat' dir='ltr'><strong>cum</strong></span> <span class='ocrx_word' id='word_1_377' title='bbox 976 2603 1035 2666; x_wconf 90' lang='lat' dir='ltr'><strong>ipsis</strong></span> <span class='ocrx_word' id='word_1_378' title='bbox 1053 2600 1255 2651; x_wconf 85' lang='lat' dir='ltr'><strong>inclinationibus</strong></span> <span class='ocrx_word' id='word_1_379' title='bbox 1278 2602 1303 2647; x_wconf 90' lang='lat' dir='ltr'><strong>in</strong></span> <span class='ocrx_word' id='word_1_380' title='bbox 1323 2600 1412 2648; x_wconf 88' lang='lat' dir='ltr'><strong>animis</strong></span> <span class='ocrx_word' id='word_1_381' title='bbox 1431 2600 1525 2649; x_wconf 84' lang='lat' dir='ltr'><strong>coniur-</strong></span> <span class='ocrx_word' id='word_1_382' title='bbox 1630 2594 1636 2599; x_wconf 79' lang='grc'><strong>’</strong></span> 
     </span>
    </p>
   </div>
   <div class='ocr_carea' id='block_1_4' title="bbox 126 2668 1543 4515">
    <p class='ocr_par' dir='ltr' id='par_1_6' title="bbox 167 2668 1529 2951">
     <span class='ocr_line' id='line_1_32' title="bbox 167 2668 1529 2737; baseline -0.004 -13"><span class='ocrx_word' id='word_1_383' title='bbox 167 2674 240 2727; x_wconf 82' lang='lat' dir='ltr'><strong>mari.</strong></span> <span class='ocrx_word' id='word_1_384' title='bbox 261 2680 306 2724; x_wconf 90' lang='lat' dir='ltr'><strong>ant</strong></span> <span class='ocrx_word' id='word_1_385' title='bbox 323 2675 345 2723; x_wconf 89' lang='lat' dir='ltr'><strong>si</strong></span> <span class='ocrx_word' id='word_1_386' title='bbox 362 2673 410 2724; x_wconf 92' lang='lat' dir='ltr'><strong>hoc</strong></span> <span class='ocrx_word' id='word_1_387' title='bbox 428 2673 524 2729; x_wconf 75' lang='lat' dir='ltr'><strong>numni.</strong></span> <span class='ocrx_word' id='word_1_388' title='bbox 543 2675 663 2724; x_wconf 88' lang='lat' dir='ltr'><strong>incertum</strong></span> <span class='ocrx_word' id='word_1_389' title='bbox 681 2676 788 2737; x_wconf 87' lang='lat' dir='ltr'><strong>ipsorum</strong></span> <span class='ocrx_word' id='word_1_390' title='bbox 801 2688 856 2724; x_wconf 88' lang='lat' dir='ltr'><strong>esee</strong></span> <span class='ocrx_word' id='word_1_391' title='bbox 872 2674 991 2735; x_wconf 86' lang='lat' dir='ltr'><strong>judicium</strong></span> <span class='ocrx_word' id='word_1_392' title='bbox 1010 2670 1198 2736; x_wconf 75' lang='lat' dir='ltr'><strong>OEepierue:</strong></span> <span class='ocrx_word' id='word_1_393' title='bbox 1219 2668 1360 2732; x_wconf 87' lang='lat' dir='ltr'><strong>omninol),</strong></span> <span class='ocrx_word' id='word_1_394' title='bbox 1378 2669 1417 2718; x_wconf 86' lang='lat' dir='ltr'><strong>rei</strong></span> <span class='ocrx_word' id='word_1_395' title='bbox 1430 2673 1529 2719; x_wconf 87' lang='lat' dir='ltr'><strong>omnino</strong></span> 
     </span>
     <span class='ocr_line' id='line_1_33' title="bbox 169 2740 1528 2809; baseline -0.005 -13"><span class='ocrx_word' id='word_1_396' title='bbox 169 2748 249 2796; x_wconf 88' lang='lat' dir='ltr'><strong>etiam</strong></span> <span class='ocrx_word' id='word_1_397' title='bbox 267 2747 300 2795; x_wconf 88' lang='lat' dir='ltr'><strong>ab</strong></span> <span class='ocrx_word' id='word_1_398' title='bbox 319 2746 392 2794; x_wconf 86' lang='lat' dir='ltr'><strong>astris</strong></span> <span class='ocrx_word' id='word_1_399' title='bbox 413 2745 566 2809; x_wconf 86' lang='lat' dir='ltr'><strong>originaliter</strong></span> <span class='ocrx_word' id='word_1_400' title='bbox 583 2745 758 2795; x_wconf 87' lang='lat' dir='ltr'><strong>inclinationes</strong></span> <span class='ocrx_word' id='word_1_401' title='bbox 776 2761 825 2795; x_wconf 90' lang='lat' dir='ltr'><strong>non</strong></span> <span class='ocrx_word' id='word_1_402' title='bbox 843 2744 948 2808; x_wconf 86' lang='lat' dir='ltr'><strong>prodire.</strong></span> <span class='ocrx_word' id='word_1_403' title='bbox 987 2743 1116 2804; x_wconf 83' lang='lat' dir='ltr'><strong>Quomodo</strong></span> <span class='ocrx_word' id='word_1_404' title='bbox 1135 2743 1201 2791; x_wconf 87' lang='lat' dir='ltr'><strong>hunc</strong></span> <span class='ocrx_word' id='word_1_405' title='bbox 1220 2741 1311 2789; x_wconf 89' lang='lat' dir='ltr'><strong>nodum</strong></span> <span class='ocrx_word' id='word_1_406' title='bbox 1331 2740 1449 2789; x_wconf 87' lang='lat' dir='ltr'><strong>Gordium</strong></span> <span class='ocrx_word' id='word_1_407' title='bbox 1462 2755 1528 2790; x_wconf 90' lang='lat' dir='ltr'><strong>com·</strong></span> 
     </span>
     <span class='ocr_line' id='line_1_34' title="bbox 167 2812 1529 2879; baseline -0.005 -12"><span class='ocrx_word' id='word_1_408' title='bbox 167 2816 241 2867; x_wconf 82' lang='lat' dir='ltr'><strong>mede</strong></span> <span class='ocrx_word' id='word_1_409' title='bbox 260 2817 353 2866; x_wconf 79' lang='lat' dir='ltr'><strong>solvere</strong></span> <span class='ocrx_word' id='word_1_410' title='bbox 372 2818 450 2879; x_wconf 82' lang='lat' dir='ltr'><strong>poesis</strong></span> <span class='ocrx_word' id='word_1_411' title='bbox 469 2822 513 2865; x_wconf 85' lang='lat' dir='ltr'><strong>aut</strong></span> <span class='ocrx_word' id='word_1_412' title='bbox 530 2815 599 2872; x_wconf 83' lang='lat' dir='ltr'><strong>reiis,</strong></span> <span class='ocrx_word' id='word_1_413' title='bbox 619 2831 669 2865; x_wconf 87' lang='lat' dir='ltr'><strong>non</strong></span> <span class='ocrx_word' id='word_1_414' title='bbox 688 2817 768 2872; x_wconf 83' lang='lat' dir='ltr'><strong>rideo.</strong></span> <span class='ocrx_word' id='word_1_415' title='bbox 789 2832 845 2866; x_wconf 91' lang='lat' dir='ltr'><strong>cnm</strong></span> <span class='ocrx_word' id='word_1_416' title='bbox 864 2817 919 2878; x_wconf 89' lang='lat' dir='ltr'><strong>ipsa</strong></span> <span class='ocrx_word' id='word_1_417' title='bbox 936 2815 1029 2864; x_wconf 64' lang='lat' dir='ltr'><strong>verius</strong></span> <span class='ocrx_word' id='word_1_418' title='bbox 1047 2816 1086 2863; x_wconf 82' lang='lat' dir='ltr'><strong>sit</strong></span> <span class='ocrx_word' id='word_1_419' title='bbox 1124 2813 1163 2862; x_wconf 83' lang='lat' dir='ltr'><strong>Tu</strong></span> <span class='ocrx_word' id='word_1_420' title='bbox 1174 2813 1249 2877; x_wconf 81' lang='lat' dir='ltr'><strong>igitur</strong></span> <span class='ocrx_word' id='word_1_421' title='bbox 1273 2818 1358 2874; x_wconf 88' lang='lat' dir='ltr'><strong>aperte</strong></span> <span class='ocrx_word' id='word_1_422' title='bbox 1376 2817 1402 2861; x_wconf 89' lang='grc' dir='ltr'><strong>οι</strong></span> <span class='ocrx_word' id='word_1_423' title='bbox 1420 2812 1529 2875; x_wconf 88' lang='lat' dir='ltr'><strong>ingenue</strong></span> 
     </span>
     <span class='ocr_line' id='line_1_35' title="bbox 170 2886 872 2951; baseline -0.007 -13"><span class='ocrx_word' id='word_1_424' title='bbox 170 2889 203 2938; x_wconf 84' lang='lat' dir='ltr'><strong>ad</strong></span> <span class='ocrx_word' id='word_1_425' title='bbox 220 2887 285 2939; x_wconf 83' lang='lat' dir='ltr'><strong>hacc</strong></span> <span class='ocrx_word' id='word_1_426' title='bbox 304 2888 336 2937; x_wconf 90' lang='lat' dir='ltr'><strong>de</strong></span> <span class='ocrx_word' id='word_1_427' title='bbox 354 2886 555 2938; x_wconf 86' lang='lat' dir='ltr'><strong>inclinationibus</strong></span> <span class='ocrx_word' id='word_1_428' title='bbox 575 2894 724 2951; x_wconf 84' lang='lat' dir='ltr'><strong>argumenta</strong></span> <span class='ocrx_word' id='word_1_429' title='bbox 743 2886 872 2951; x_wconf 86' lang='lat' dir='ltr'><strong>responde.</strong></span> 
     </span>
    </p>

    <p class='ocr_par' dir='ltr' id='par_1_7' title="bbox 126 2951 1543 4515">
     <span class='ocr_line' id='line_1_36' title="bbox 240 2951 1528 3021; baseline -0.007 -13"><span class='ocrx_word' id='word_1_430' title='bbox 240 2958 314 3018; x_wconf 85' lang='lat' dir='ltr'><strong>Quod</strong></span> <span class='ocrx_word' id='word_1_431' title='bbox 333 2958 402 3017; x_wconf 83' lang='lat' dir='ltr'><strong>dicia,</strong></span> <span class='ocrx_word' id='word_1_432' title='bbox 420 2958 528 3021; x_wconf 86' lang='lat' dir='ltr'><strong>planctis</strong></span> <span class='ocrx_word' id='word_1_433' title='bbox 546 2973 596 3008; x_wconf 88' lang='lat' dir='ltr'><strong>non</strong></span> <span class='ocrx_word' id='word_1_434' title='bbox 614 2959 696 3007; x_wconf 86' lang='lat' dir='ltr'><strong>inesse</strong></span> <span class='ocrx_word' id='word_1_435' title='bbox 714 2959 854 3007; x_wconf 88' lang='lat' dir='ltr'><strong>bonitatem</strong></span> <span class='ocrx_word' id='word_1_436' title='bbox 872 2955 1064 3012; x_wconf 67' lang='lat' dir='ltr'><strong>animalium,</strong></span> <span class='ocrx_word' id='word_1_437' title='bbox 1086 2954 1130 3004; x_wconf 90' lang='lat' dir='ltr'><strong>scd</strong></span> <span class='ocrx_word' id='word_1_438' title='bbox 1142 2952 1309 3002; x_wconf 67' lang='lat' dir='ltr'><strong>fotitudinem</strong></span> <span class='ocrx_word' id='word_1_439' title='bbox 1326 2957 1353 3002; x_wconf 93' lang='grc' dir='ltr'><strong>οι</strong></span> <span class='ocrx_word' id='word_1_440' title='bbox 1365 2951 1528 3007; x_wconf 85' lang='lat' dir='ltr'><strong>debilitatem,</strong></span> 
     </span>
     <span class='ocr_line' id='line_1_37' title="bbox 138 3021 1528 3094; baseline -0.006 -14"><span class='ocrx_word' id='word_1_441' title='bbox 138 3078 145 3083; x_wconf 84' lang='grc'><em>,</em></span> <span class='ocrx_word' id='word_1_442' title='bbox 169 3030 299 3094; x_wconf 86' lang='lat' dir='ltr'><strong>pulchrum</strong></span> <span class='ocrx_word' id='word_1_443' title='bbox 318 3036 344 3079; x_wconf 88' lang='lat' dir='ltr'><strong>et</strong></span> <span class='ocrx_word' id='word_1_444' title='bbox 362 3030 487 3092; x_wconf 83' lang='lat' dir='ltr'><strong>abjectum</strong></span> <span class='ocrx_word' id='word_1_445' title='bbox 506 3026 572 3090; x_wconf 87' lang='lat' dir='ltr'><strong>(ride</strong></span> <span class='ocrx_word' id='word_1_446' title='bbox 590 3044 615 3091; x_wconf 86' lang='lat' dir='ltr'><strong>p.</strong></span> <span class='ocrx_word' id='word_1_447' title='bbox 635 3026 712 3088; x_wconf 74' lang='lat' dir='ltr'><strong>dib).</strong></span> <span class='ocrx_word' id='word_1_448' title='bbox 733 3028 766 3078; x_wconf 88' lang='lat' dir='ltr'><strong>ad</strong></span> <span class='ocrx_word' id='word_1_449' title='bbox 784 3029 810 3078; x_wconf 94' lang='lat' dir='ltr'><strong>id</strong></span> <span class='ocrx_word' id='word_1_450' title='bbox 827 3032 864 3077; x_wconf 87' lang='lat' dir='ltr'><strong>sic</strong></span> <span class='ocrx_word' id='word_1_451' title='bbox 882 3027 1031 3090; x_wconf 82' lang='lat' dir='ltr'><strong>respondeo:</strong></span> <span class='ocrx_word' id='word_1_452' title='bbox 1059 3025 1227 3075; x_wconf 77' lang='lat' dir='ltr'><strong>fortitudinem</strong></span> <span class='ocrx_word' id='word_1_453' title='bbox 1246 3029 1272 3072; x_wconf 89' lang='lat' dir='ltr'><strong>et</strong></span> <span class='ocrx_word' id='word_1_454' title='bbox 1290 3024 1395 3072; x_wconf 87' lang='lat' dir='ltr'><strong>actionis</strong></span> <span class='ocrx_word' id='word_1_455' title='bbox 1415 3021 1528 3073; x_wconf 83' lang='lat' dir='ltr'><strong>debilita-</strong></span> 
     </span>
     <span class='ocr_line' id='line_1_38' title="bbox 170 3092 1528 3165; baseline -0.007 -14"><span class='ocrx_word' id='word_1_456' title='bbox 170 3107 221 3151; x_wconf 85' lang='lat' dir='ltr'><strong>tem</strong></span> <span class='ocrx_word' id='word_1_457' title='bbox 239 3102 300 3165; x_wconf 87' lang='lat' dir='ltr'><strong>ipsis</strong></span> <span class='ocrx_word' id='word_1_458' title='bbox 319 3102 400 3150; x_wconf 83' lang='lat' dir='ltr'><strong>inesse</strong></span> <span class='ocrx_word' id='word_1_459' title='bbox 419 3116 468 3149; x_wconf 89' lang='lat' dir='ltr'><strong>non</strong></span> <span class='ocrx_word' id='word_1_460' title='bbox 486 3115 559 3164; x_wconf 84' lang='lat' dir='ltr'><strong>nego,</strong></span> <span class='ocrx_word' id='word_1_461' title='bbox 580 3115 645 3160; x_wconf 84' lang='lat' dir='ltr'><strong>cnm,</strong></span> <span class='ocrx_word' id='word_1_462' title='bbox 664 3101 761 3149; x_wconf 77' lang='lat' dir='ltr'><strong>radone</strong></span> <span class='ocrx_word' id='word_1_463' title='bbox 780 3100 916 3149; x_wconf 73' lang='grc' dir='ltr'><strong>(Ποιιυιίοο</strong></span> <span class='ocrx_word' id='word_1_464' title='bbox 935 3112 951 3146; x_wconf 90' lang='lat' dir='ltr'><strong>a</strong></span> <span class='ocrx_word' id='word_1_465' title='bbox 969 3097 1054 3149; x_wconf 82' lang='lat' dir='ltr'><strong>Terra.</strong></span> <span class='ocrx_word' id='word_1_466' title='bbox 1074 3098 1137 3145; x_wconf 84' lang='lat' dir='ltr'><strong>situs</strong></span> <span class='ocrx_word' id='word_1_467' title='bbox 1156 3104 1182 3145; x_wconf 91' lang='lat' dir='ltr'><strong>et</strong></span> <span class='ocrx_word' id='word_1_468' title='bbox 1199 3095 1297 3144; x_wconf 85' lang='lat' dir='ltr'><strong>leminis</strong></span> <span class='ocrx_word' id='word_1_469' title='bbox 1315 3092 1361 3144; x_wconf 81' lang='lat' dir='ltr'><strong>co.</strong></span> <span class='ocrx_word' id='word_1_470' title='bbox 1380 3094 1457 3143; x_wconf 71' lang='lat' dir='ltr'><strong>edam</strong></span> <span class='ocrx_word' id='word_1_471' title='bbox 1474 3107 1528 3141; x_wconf 87' lang='lat' dir='ltr'><strong>ms-</strong></span> 
     </span>
     <span class='ocr_line' id='line_1_39' title="bbox 170 3164 1529 3233; baseline -0.006 -13"><span class='ocrx_word' id='word_1_472' title='bbox 170 3175 235 3233; x_wconf 79' lang='lat' dir='ltr'><strong>jorcs</strong></span> <span class='ocrx_word' id='word_1_473' title='bbox 255 3175 300 3220; x_wconf 87' lang='lat' dir='ltr'><strong>ant</strong></span> <span class='ocrx_word' id='word_1_474' title='bbox 317 3171 421 3221; x_wconf 87' lang='lat' dir='ltr'><strong>minores</strong></span> <span class='ocrx_word' id='word_1_475' title='bbox 440 3172 503 3221; x_wconf 77' lang='lat' dir='ltr'><strong>vires</strong></span> <span class='ocrx_word' id='word_1_476' title='bbox 520 3170 641 3221; x_wconf 87' lang='lat' dir='ltr'><strong>habeant.</strong></span> <span class='ocrx_word' id='word_1_477' title='bbox 680 3170 741 3221; x_wconf 85' lang='lat' dir='ltr'><strong>Cum</strong></span> <span class='ocrx_word' id='word_1_478' title='bbox 760 3186 817 3220; x_wconf 80' lang='lat' dir='ltr'><strong>sero</strong></span> <span class='ocrx_word' id='word_1_479' title='bbox 835 3170 1037 3225; x_wconf 79' lang='lat' dir='ltr'><strong>inclinationem.</strong></span> <span class='ocrx_word' id='word_1_480' title='bbox 1065 3169 1124 3217; x_wconf 88' lang='lat' dir='ltr'><strong>item</strong></span> <span class='ocrx_word' id='word_1_481' title='bbox 1144 3166 1312 3216; x_wconf 79' lang='lat' dir='ltr'><strong>tortitudinem</strong></span> <span class='ocrx_word' id='word_1_482' title='bbox 1331 3171 1357 3213; x_wconf 89' lang='lat' dir='ltr'><strong>et</strong></span> <span class='ocrx_word' id='word_1_483' title='bbox 1375 3164 1529 3213; x_wconf 87' lang='lat' dir='ltr'><strong>debilitatem</strong></span> 
     </span>
     <span class='ocr_line' id='line_1_40' title="bbox 172 3234 1528 3305; baseline -0.005 -16"><span class='ocrx_word' id='word_1_484' title='bbox 172 3241 279 3305; x_wconf 87' lang='lat' dir='ltr'><strong>planetis</strong></span> <span class='ocrx_word' id='word_1_485' title='bbox 298 3241 383 3290; x_wconf 87' lang='lat' dir='ltr'><strong>tribuis</strong></span> <span class='ocrx_word' id='word_1_486' title='bbox 401 3243 495 3293; x_wconf 78' lang='lat' dir='ltr'><strong>inesse.</strong></span> <span class='ocrx_word' id='word_1_487' title='bbox 523 3256 555 3290; x_wconf 89' lang='lat' dir='ltr'><strong>au</strong></span> <span class='ocrx_word' id='word_1_488' title='bbox 574 3257 624 3290; x_wconf 91' lang='lat' dir='ltr'><strong>non</strong></span> <span class='ocrx_word' id='word_1_489' title='bbox 643 3257 673 3292; x_wconf 90' lang='lat' dir='ltr'><strong>co</strong></span> <span class='ocrx_word' id='word_1_490' title='bbox 691 3243 745 3305; x_wconf 89' lang='lat' dir='ltr'><strong>ipso</strong></span> <span class='ocrx_word' id='word_1_491' title='bbox 764 3256 892 3293; x_wconf 85' lang='lat' dir='ltr'><strong>excessum</strong></span> <span class='ocrx_word' id='word_1_492' title='bbox 911 3249 937 3290; x_wconf 92' lang='lat' dir='ltr'><strong>et</strong></span> <span class='ocrx_word' id='word_1_493' title='bbox 955 3240 1094 3296; x_wconf 81' lang='lat' dir='ltr'><strong>detectum,</strong></span> <span class='ocrx_word' id='word_1_494' title='bbox 1124 3239 1165 3303; x_wconf 90' lang='lat' dir='ltr'><strong>qui</strong></span> <span class='ocrx_word' id='word_1_495' title='bbox 1183 3238 1215 3288; x_wconf 88' lang='lat' dir='ltr'><strong>ab</strong></span> <span class='ocrx_word' id='word_1_496' title='bbox 1234 3235 1322 3286; x_wconf 86' lang='lat' dir='ltr'><strong>ethicis</strong></span> <span class='ocrx_word' id='word_1_497' title='bbox 1341 3251 1383 3299; x_wconf 92' lang='lat' dir='ltr'><strong>pro</strong></span> <span class='ocrx_word' id='word_1_498' title='bbox 1401 3236 1466 3284; x_wconf 81' lang='lat' dir='ltr'><strong>vitiis</strong></span> <span class='ocrx_word' id='word_1_499' title='bbox 1483 3234 1528 3283; x_wconf 90' lang='lat' dir='ltr'><strong>ha·</strong></span> 
     </span>
     <span class='ocr_line' id='line_1_41' title="bbox 126 3306 1530 3378; baseline -0.006 -17"><span class='ocrx_word' id='word_1_500' title='bbox 126 3316 134 3327; x_wconf 84' lang='lat'>&#39;</span> <span class='ocrx_word' id='word_1_501' title='bbox 173 3313 275 3370; x_wconf 83' lang='lat' dir='ltr'><strong>beatur,</strong></span> <span class='ocrx_word' id='word_1_502' title='bbox 302 3312 373 3361; x_wconf 88' lang='lat' dir='ltr'><strong>simul</strong></span> <span class='ocrx_word' id='word_1_503' title='bbox 390 3312 494 3362; x_wconf 79' lang='lat' dir='ltr'><strong>inanes?</strong></span> <span class='ocrx_word' id='word_1_504' title='bbox 524 3310 699 3377; x_wconf 85' lang='lat' dir='ltr'><strong>(Keplerns</strong></span> <span class='ocrx_word' id='word_1_505' title='bbox 718 3315 744 3363; x_wconf 90' lang='lat' dir='ltr'><strong>in</strong></span> <span class='ocrx_word' id='word_1_506' title='bbox 762 3316 886 3378; x_wconf 83' lang='lat' dir='ltr'><strong>margine:</strong></span> <span class='ocrx_word' id='word_1_507' title='bbox 907 3312 1018 3362; x_wconf 85' lang='lat' dir='ltr'><strong>deiectus</strong></span> <span class='ocrx_word' id='word_1_508' title='bbox 1043 3327 1092 3361; x_wconf 89' lang='lat' dir='ltr'><strong>non</strong></span> <span class='ocrx_word' id='word_1_509' title='bbox 1112 3316 1151 3365; x_wconf 87' lang='lat' dir='ltr'><strong>est</strong></span> <span class='ocrx_word' id='word_1_510' title='bbox 1172 3308 1273 3358; x_wconf 82' lang='lat' dir='ltr'><strong>malum.</strong></span> <span class='ocrx_word' id='word_1_511' title='bbox 1312 3306 1404 3357; x_wconf 86' lang='lat' dir='ltr'><strong>Omnia</strong></span> <span class='ocrx_word' id='word_1_512' title='bbox 1421 3307 1487 3356; x_wconf 89' lang='lat' dir='ltr'><strong>bona</strong></span> <span class='ocrx_word' id='word_1_513' title='bbox 1505 3307 1530 3353; x_wconf 92' lang='lat' dir='ltr'><strong>in</strong></span> 
     </span>
     <span class='ocr_line' id='line_1_42' title="bbox 173 3377 1530 3449; baseline -0.006 -17"><span class='ocrx_word' id='word_1_514' title='bbox 173 3380 284 3442; x_wconf 71' lang='lat' dir='ltr'><strong>namra)</strong></span> <span class='ocrx_word' id='word_1_515' title='bbox 320 3383 416 3446; x_wconf 88' lang='lat' dir='ltr'><strong>Jupiter</strong></span> <span class='ocrx_word' id='word_1_516' title='bbox 439 3391 466 3433; x_wconf 88' lang='lat' dir='ltr'><strong>et</strong></span> <span class='ocrx_word' id='word_1_517' title='bbox 483 3382 570 3434; x_wconf 85' lang='lat' dir='ltr'><strong>Venus</strong></span> <span class='ocrx_word' id='word_1_518' title='bbox 588 3384 763 3435; x_wconf 87' lang='lat' dir='ltr'><strong>inclinationes</strong></span> <span class='ocrx_word' id='word_1_519' title='bbox 784 3385 908 3449; x_wconf 86' lang='lat' dir='ltr'><strong>jucundae</strong></span> <span class='ocrx_word' id='word_1_520' title='bbox 931 3391 957 3434; x_wconf 89' lang='lat' dir='ltr'><strong>ct</strong></span> <span class='ocrx_word' id='word_1_521' title='bbox 979 3383 1095 3448; x_wconf 88' lang='lat' dir='ltr'><strong>pulchras</strong></span> <span class='ocrx_word' id='word_1_522' title='bbox 1121 3389 1164 3432; x_wconf 85' lang='lat' dir='ltr'><strong>ino</strong></span> <span class='ocrx_word' id='word_1_523' title='bbox 1185 3379 1279 3444; x_wconf 85' lang='lat' dir='ltr'><strong>judicio</strong></span> <span class='ocrx_word' id='word_1_524' title='bbox 1298 3379 1371 3435; x_wconf 68' lang='lat' dir='ltr'><strong>dante</strong></span> <span class='ocrx_word' id='word_1_525' title='bbox 1398 3377 1530 3427; x_wconf 88' lang='lat' dir='ltr'><strong>sidebiier</strong></span> 
     </span>
     <span class='ocr_line' id='line_1_43' title="bbox 127 3449 1532 3519; baseline -0.006 -15"><span class='ocrx_word' id='word_1_526' title='bbox 127 3457 131 3462; x_wconf 87' lang='grc'>’</span> <span class='ocrx_word' id='word_1_527' title='bbox 172 3454 270 3512; x_wconf 88' lang='lat' dir='ltr'><strong>inerint,</strong></span> <span class='ocrx_word' id='word_1_528' title='bbox 285 3457 361 3506; x_wconf 62' lang='lat' dir='ltr'><strong>mam</strong></span> <span class='ocrx_word' id='word_1_529' title='bbox 374 3468 431 3504; x_wconf 90' lang='lat' dir='ltr'><strong>suas</strong></span> <span class='ocrx_word' id='word_1_530' title='bbox 443 3454 618 3505; x_wconf 89' lang='lat' dir='ltr'><strong>inclinationes</strong></span> <span class='ocrx_word' id='word_1_531' title='bbox 632 3456 747 3519; x_wconf 88' lang='lat' dir='ltr'><strong>pulchras</strong></span> <span class='ocrx_word' id='word_1_532' title='bbox 761 3464 786 3506; x_wconf 90' lang='lat' dir='ltr'><strong>ct</strong></span> <span class='ocrx_word' id='word_1_533' title='bbox 799 3456 899 3517; x_wconf 84' lang='lat' dir='ltr'><strong>debiles,</strong></span> <span class='ocrx_word' id='word_1_534' title='bbox 919 3455 958 3504; x_wconf 86' lang='lat' dir='ltr'><strong>rei</strong></span> <span class='ocrx_word' id='word_1_535' title='bbox 971 3454 1108 3505; x_wconf 85' lang='lat' dir='ltr'><strong>beneficam</strong></span> <span class='ocrx_word' id='word_1_536' title='bbox 1126 3454 1208 3516; x_wconf 90' lang='lat' dir='ltr'><strong>potine</strong></span> <span class='ocrx_word' id='word_1_537' title='bbox 1221 3457 1336 3500; x_wconf 87' lang='lat' dir='ltr'><strong>naturam</strong></span> <span class='ocrx_word' id='word_1_538' title='bbox 1354 3449 1459 3499; x_wconf 89' lang='lat' dir='ltr'><strong>debilius</strong></span> <span class='ocrx_word' id='word_1_539' title='bbox 1471 3454 1532 3497; x_wconf 90' lang='lat' dir='ltr'><strong>nato</strong></span> 
     </span>
     <span class='ocr_line' id='line_1_44' title="bbox 172 3522 1532 3585; baseline -0.005 -11"><span class='ocrx_word' id='word_1_540' title='bbox 172 3527 317 3575; x_wconf 88' lang='lat' dir='ltr'><strong>attribuunt.</strong></span> <span class='ocrx_word' id='word_1_541' title='bbox 354 3524 465 3576; x_wconf 85' lang='lat' dir='ltr'><strong>Necesse</strong></span> <span class='ocrx_word' id='word_1_542' title='bbox 484 3528 623 3583; x_wconf 84' lang='lat' dir='ltr'><strong>sanserit,</strong></span> <span class='ocrx_word' id='word_1_543' title='bbox 653 3542 683 3576; x_wconf 81' lang='lat' dir='ltr'><strong>ex</strong></span> <span class='ocrx_word' id='word_1_544' title='bbox 702 3529 752 3576; x_wconf 92' lang='lat' dir='ltr'><strong>ista</strong></span> <span class='ocrx_word' id='word_1_545' title='bbox 770 3527 898 3577; x_wconf 87' lang='lat' dir='ltr'><strong>debilitate</strong></span> <span class='ocrx_word' id='word_1_546' title='bbox 917 3526 1042 3576; x_wconf 88' lang='lat' dir='ltr'><strong>deiectum</strong></span> <span class='ocrx_word' id='word_1_547' title='bbox 1069 3525 1125 3573; x_wconf 90' lang='lat' dir='ltr'><strong>oriri</strong></span> <span class='ocrx_word' id='word_1_548' title='bbox 1143 3524 1169 3573; x_wconf 91' lang='lat' dir='ltr'><strong>in</strong></span> <span class='ocrx_word' id='word_1_549' title='bbox 1190 3525 1288 3578; x_wconf 86' lang='lat' dir='ltr'><strong>animo.</strong></span> <span class='ocrx_word' id='word_1_550' title='bbox 1315 3529 1341 3571; x_wconf 93' lang='grc' dir='ltr'><strong>οι</strong></span> <span class='ocrx_word' id='word_1_551' title='bbox 1359 3522 1418 3571; x_wconf 92' lang='lat' dir='ltr'><strong>inde</strong></span> <span class='ocrx_word' id='word_1_552' title='bbox 1437 3534 1532 3585; x_wconf 88' lang='lat' dir='ltr'><strong>qnoque</strong></span> 
     </span>
     <span class='ocr_line' id='line_1_45' title="bbox 169 3591 1543 3656; baseline -0.005 -11"><span class='ocrx_word' id='word_1_553' title='bbox 169 3596 324 3647; x_wconf 87' lang='lat' dir='ltr'><strong>harmoniam</strong></span> <span class='ocrx_word' id='word_1_554' title='bbox 343 3598 468 3646; x_wconf 74' lang='lat' dir='ltr'><strong>actium</strong></span> <span class='ocrx_word' id='word_1_555' title='bbox 488 3605 514 3646; x_wconf 92' lang='lat' dir='ltr'><strong>et</strong></span> <span class='ocrx_word' id='word_1_556' title='bbox 531 3598 719 3648; x_wconf 88' lang='lat' dir='ltr'><strong>inclinationum</strong></span> <span class='ocrx_word' id='word_1_557' title='bbox 738 3599 839 3647; x_wconf 77' lang='lat' dir='ltr'><strong>tarbud.</strong></span> <span class='ocrx_word' id='word_1_558' title='bbox 878 3596 920 3647; x_wconf 85' lang='lat' dir='ltr'><strong>Sic</strong></span> <span class='ocrx_word' id='word_1_559' title='bbox 939 3596 969 3645; x_wconf 89' lang='lat' dir='ltr'><strong>de</strong></span> <span class='ocrx_word' id='word_1_560' title='bbox 989 3611 1093 3646; x_wconf 83' lang='lat' dir='ltr'><strong>excessu</strong></span> <span class='ocrx_word' id='word_1_561' title='bbox 1111 3595 1127 3656; x_wconf 67' lang='grc' dir='ltr'>ἦ</span> <span class='ocrx_word' id='word_1_562' title='bbox 1146 3601 1172 3644; x_wconf 85' lang='grc' dir='ltr'><strong>οι</strong></span> <span class='ocrx_word' id='word_1_563' title='bbox 1192 3592 1216 3653; x_wconf 71' lang='lat' dir='ltr'>d</span> <span class='ocrx_word' id='word_1_564' title='bbox 1234 3592 1397 3655; x_wconf 87' lang='lat' dir='ltr'><strong>judicandum</strong></span> <span class='ocrx_word' id='word_1_565' title='bbox 1417 3594 1471 3648; x_wconf 88' lang='lat' dir='ltr'><strong>erit,</strong></span> <span class='ocrx_word' id='word_1_566' title='bbox 1490 3591 1543 3639; x_wconf 91' lang='lat' dir='ltr'><strong>ubi·</strong></span> 
     </span>
     <span class='ocr_line' id='line_1_46' title="bbox 171 3646 1528 3733; baseline -0.007 -16"><span class='ocrx_word' id='word_1_567' title='bbox 171 3674 197 3717; x_wconf 88' lang='lat' dir='ltr'><strong>et</strong></span> <span class='ocrx_word' id='word_1_568' title='bbox 215 3668 331 3719; x_wconf 79' lang='lat' dir='ltr'><strong>tortitudo</strong></span> <span class='ocrx_word' id='word_1_569' title='bbox 349 3669 376 3716; x_wconf 89' lang='lat' dir='ltr'><strong>in</strong></span> <span class='ocrx_word' id='word_1_570' title='bbox 394 3682 439 3716; x_wconf 88' lang='lat' dir='ltr'><strong>sno</strong></span> <span class='ocrx_word' id='word_1_571' title='bbox 456 3669 647 3719; x_wconf 86' lang='lat' dir='ltr'><strong>inclinationum</strong></span> <span class='ocrx_word' id='word_1_572' title='bbox 665 3683 757 3733; x_wconf 91' lang='lat' dir='ltr'><strong>genera</strong></span> <span class='ocrx_word' id='word_1_573' title='bbox 774 3646 863 3717; x_wconf 64' lang='lat' dir='ltr'><strong>titiani</strong></span> <span class='ocrx_word' id='word_1_574' title='bbox 879 3669 960 3731; x_wconf 90' lang='lat' dir='ltr'><strong>pariet</strong></span> <span class='ocrx_word' id='word_1_575' title='bbox 978 3666 1160 3730; x_wconf 76' lang='lat' dir='ltr'><strong>(Kepiernsz</strong></span> <span class='ocrx_word' id='word_1_576' title='bbox 1181 3670 1209 3714; x_wconf 88' lang='lat' dir='ltr'><strong>at</strong></span> <span class='ocrx_word' id='word_1_577' title='bbox 1226 3664 1336 3713; x_wconf 87' lang='lat' dir='ltr'><strong>nondum</strong></span> <span class='ocrx_word' id='word_1_578' title='bbox 1356 3668 1395 3712; x_wconf 86' lang='lat' dir='ltr'><strong>eat</strong></span> <span class='ocrx_word' id='word_1_579' title='bbox 1411 3660 1528 3719; x_wconf 88' lang='lat' dir='ltr'><strong>malitia).</strong></span> 
     </span>
     <span class='ocr_line' id='line_1_47' title="bbox 170 3733 1530 3802; baseline -0.007 -14"><span class='ocrx_word' id='word_1_580' title='bbox 170 3739 260 3797; x_wconf 80' lang='lat' dir='ltr'><strong>Certe,</strong></span> <span class='ocrx_word' id='word_1_581' title='bbox 286 3742 307 3789; x_wconf 85' lang='lat' dir='ltr'><strong>si</strong></span> <span class='ocrx_word' id='word_1_582' title='bbox 326 3738 500 3789; x_wconf 88' lang='lat' dir='ltr'><strong>incllnationes</strong></span> <span class='ocrx_word' id='word_1_583' title='bbox 519 3740 588 3789; x_wconf 90' lang='lat' dir='ltr'><strong>coeio</strong></span> <span class='ocrx_word' id='word_1_584' title='bbox 607 3739 741 3796; x_wconf 63' lang='lat' dir='ltr'><strong>meritis,</strong></span> <span class='ocrx_word' id='word_1_585' title='bbox 769 3755 819 3788; x_wconf 90' lang='lat' dir='ltr'><strong>non</strong></span> <span class='ocrx_word' id='word_1_586' title='bbox 844 3746 916 3802; x_wconf 87' lang='lat' dir='ltr'><strong>potes</strong></span> <span class='ocrx_word' id='word_1_587' title='bbox 941 3753 991 3787; x_wconf 90' lang='lat' dir='ltr'><strong>non</strong></span> <span class='ocrx_word' id='word_1_588' title='bbox 1015 3739 1092 3786; x_wconf 87' lang='lat' dir='ltr'><strong>etiam</strong></span> <span class='ocrx_word' id='word_1_589' title='bbox 1110 3735 1244 3800; x_wconf 87' lang='lat' dir='ltr'><strong>qualitates</strong></span> <span class='ocrx_word' id='word_1_590' title='bbox 1269 3734 1367 3783; x_wconf 85' lang='lat' dir='ltr'><strong>iliarum</strong></span> <span class='ocrx_word' id='word_1_591' title='bbox 1395 3733 1473 3782; x_wconf 89' lang='lat' dir='ltr'><strong>bonas</strong></span> <span class='ocrx_word' id='word_1_592' title='bbox 1493 3734 1530 3781; x_wconf 84' lang='lat' dir='ltr'><strong>rei</strong></span> 
     </span>
     <span class='ocr_line' id='line_1_48' title="bbox 170 3802 1530 3873; baseline -0.007 -13"><span class='ocrx_word' id='word_1_593' title='bbox 170 3810 249 3860; x_wconf 69' lang='lat' dir='ltr'><strong>malm</strong></span> <span class='ocrx_word' id='word_1_594' title='bbox 268 3811 337 3861; x_wconf 90' lang='lat' dir='ltr'><strong>coeio</strong></span> <span class='ocrx_word' id='word_1_595' title='bbox 356 3810 501 3865; x_wconf 69' lang='lat' dir='ltr'><strong>summere.</strong></span> <span class='ocrx_word' id='word_1_596' title='bbox 538 3810 626 3860; x_wconf 74' lang='lat' dir='ltr'><strong>Dicisi</strong></span> <span class='ocrx_word' id='word_1_597' title='bbox 651 3811 727 3867; x_wconf 77' lang='lat' dir='ltr'><strong>tome,</strong></span> <span class='ocrx_word' id='word_1_598' title='bbox 753 3810 895 3873; x_wconf 84' lang='lat' dir='ltr'><strong>pulchrum,</strong></span> <span class='ocrx_word' id='word_1_599' title='bbox 924 3810 1063 3869; x_wconf 72' lang='lat' dir='ltr'><strong>abiectum.</strong></span> <span class='ocrx_word' id='word_1_600' title='bbox 1087 3806 1166 3856; x_wconf 91' lang='lat' dir='ltr'><strong>debile</strong></span> <span class='ocrx_word' id='word_1_601' title='bbox 1185 3812 1284 3854; x_wconf 72' lang='lat' dir='ltr'><strong>tannim</strong></span> <span class='ocrx_word' id='word_1_602' title='bbox 1302 3802 1348 3851; x_wconf 90' lang='lat' dir='ltr'><strong>iliis</strong></span> <span class='ocrx_word' id='word_1_603' title='bbox 1367 3806 1463 3858; x_wconf 82' lang='lat' dir='ltr'><strong>inesse,</strong></span> <span class='ocrx_word' id='word_1_604' title='bbox 1481 3819 1530 3851; x_wconf 90' lang='lat' dir='ltr'><strong>non</strong></span> 
     </span>
     <span class='ocr_line' id='line_1_49' title="bbox 169 3873 1530 3945; baseline -0.007 -14"><span class='ocrx_word' id='word_1_605' title='bbox 169 3882 260 3931; x_wconf 89' lang='lat' dir='ltr'><strong>bonnm</strong></span> <span class='ocrx_word' id='word_1_606' title='bbox 279 3888 323 3931; x_wconf 83' lang='lat' dir='ltr'><strong>ant</strong></span> <span class='ocrx_word' id='word_1_607' title='bbox 340 3881 446 3938; x_wconf 71' lang='lat' dir='ltr'><strong>maium</strong></span> <span class='ocrx_word' id='word_1_608' title='bbox 467 3880 556 3937; x_wconf 86' lang='lat' dir='ltr'><strong>andio;</strong></span> <span class='ocrx_word' id='word_1_609' title='bbox 575 3882 620 3931; x_wconf 87' lang='lat' dir='ltr'><strong>sed</strong></span> <span class='ocrx_word' id='word_1_610' title='bbox 638 3882 695 3945; x_wconf 91' lang='lat' dir='ltr'><strong>qnid</strong></span> <span class='ocrx_word' id='word_1_611' title='bbox 715 3879 783 3930; x_wconf 89' lang='lat' dir='ltr'><strong>alind</strong></span> <span class='ocrx_word' id='word_1_612' title='bbox 801 3881 827 3930; x_wconf 88' lang='lat' dir='ltr'><strong>id</strong></span> <span class='ocrx_word' id='word_1_613' title='bbox 846 3887 893 3931; x_wconf 83' lang='lat' dir='ltr'><strong>est.</strong></span> <span class='ocrx_word' id='word_1_614' title='bbox 914 3893 988 3944; x_wconf 86' lang='lat' dir='ltr'><strong>quam</strong></span> <span class='ocrx_word' id='word_1_615' title='bbox 1006 3879 1101 3941; x_wconf 88' lang='lat' dir='ltr'><strong>reipsa</strong></span> <span class='ocrx_word' id='word_1_616' title='bbox 1119 3877 1210 3925; x_wconf 87' lang='lat' dir='ltr'><strong>bouum</strong></span> <span class='ocrx_word' id='word_1_617' title='bbox 1229 3883 1256 3925; x_wconf 89' lang='lat' dir='ltr'><strong>et</strong></span> <span class='ocrx_word' id='word_1_618' title='bbox 1273 3873 1373 3933; x_wconf 88' lang='lat' dir='ltr'><strong>maium,</strong></span> <span class='ocrx_word' id='word_1_619' title='bbox 1392 3873 1467 3937; x_wconf 90' lang='lat' dir='ltr'><strong>idque</strong></span> <span class='ocrx_word' id='word_1_620' title='bbox 1486 3874 1530 3921; x_wconf 88' lang='lat' dir='ltr'><strong>nii·</strong></span> 
     </span>
     <span class='ocr_line' id='line_1_50' title="bbox 166 3945 1529 4016; baseline -0.009 -14"><span class='ocrx_word' id='word_1_621' title='bbox 166 3952 267 4016; x_wconf 84' lang='lat' dir='ltr'><strong>quando</strong></span> <span class='ocrx_word' id='word_1_622' title='bbox 285 3952 385 4007; x_wconf 75' lang='lat' dir='ltr'><strong>lortius,</strong></span> <span class='ocrx_word' id='word_1_623' title='bbox 405 3952 538 4016; x_wconf 81' lang='lat' dir='ltr'><strong>ahquando</strong></span> <span class='ocrx_word' id='word_1_624' title='bbox 557 3952 661 4001; x_wconf 90' lang='lat' dir='ltr'><strong>debilius</strong></span> <span class='ocrx_word' id='word_1_625' title='bbox 679 3958 799 4001; x_wconf 82' lang='lat' dir='ltr'><strong>statuere.</strong></span> <span class='ocrx_word' id='word_1_626' title='bbox 837 3950 918 4000; x_wconf 81' lang='lat' dir='ltr'><strong>Video</strong></span> <span class='ocrx_word' id='word_1_627' title='bbox 936 3956 962 3998; x_wconf 91' lang='lat' dir='ltr'><strong>te</strong></span> <span class='ocrx_word' id='word_1_628' title='bbox 980 3948 1103 3998; x_wconf 74' lang='lat' dir='ltr'><strong>uocabula</strong></span> <span class='ocrx_word' id='word_1_629' title='bbox 1119 3953 1233 4002; x_wconf 86' lang='lat' dir='ltr'><strong>mutare,</strong></span> <span class='ocrx_word' id='word_1_630' title='bbox 1252 3959 1302 3995; x_wconf 87' lang='lat' dir='ltr'><strong>uon</strong></span> <span class='ocrx_word' id='word_1_631' title='bbox 1321 3959 1378 3993; x_wconf 82' lang='lat' dir='ltr'><strong>uero</strong></span> <span class='ocrx_word' id='word_1_632' title='bbox 1397 3958 1436 3992; x_wconf 91' lang='lat' dir='ltr'><strong>res</strong></span> <span class='ocrx_word' id='word_1_633' title='bbox 1455 3945 1529 4007; x_wconf 68' lang='lat' dir='ltr'><strong>ipsae,</strong></span> 
     </span>
     <span class='ocr_line' id='line_1_51' title="bbox 167 4016 1533 4086; baseline -0.007 -14"><span class='ocrx_word' id='word_1_634' title='bbox 167 4021 377 4086; x_wconf 70' lang='lat' dir='ltr'><strong>(Kepierw</strong></span> <span class='ocrx_word' id='word_1_635' title='bbox 404 4022 573 4074; x_wconf 77' lang='lat' dir='ltr'><strong>Melanchoiia</strong></span> <span class='ocrx_word' id='word_1_636' title='bbox 597 4039 647 4073; x_wconf 89' lang='lat' dir='ltr'><strong>non</strong></span> <span class='ocrx_word' id='word_1_637' title='bbox 666 4030 704 4073; x_wconf 89' lang='lat' dir='ltr'><strong>est</strong></span> <span class='ocrx_word' id='word_1_638' title='bbox 731 4020 846 4083; x_wconf 79' lang='lat' dir='ltr'><strong>furtum)</strong></span> <span class='ocrx_word' id='word_1_639' title='bbox 881 4020 961 4077; x_wconf 81' lang='lat' dir='ltr'><strong>vide,</strong></span> <span class='ocrx_word' id='word_1_640' title='bbox 986 4021 1020 4069; x_wconf 91' lang='lat' dir='ltr'><strong>mi</strong></span> <span class='ocrx_word' id='word_1_641' title='bbox 1049 4019 1145 4068; x_wconf 83' lang='lat' dir='ltr'><strong>erudite</strong></span> <span class='ocrx_word' id='word_1_642' title='bbox 1162 4016 1284 4080; x_wconf 84' lang='lat' dir='ltr'><strong>chlere,</strong></span> <span class='ocrx_word' id='word_1_643' title='bbox 1312 4030 1386 4080; x_wconf 92' lang='lat' dir='ltr'><strong>qnam</strong></span> <span class='ocrx_word' id='word_1_644' title='bbox 1414 4016 1533 4078; x_wconf 83' lang='lat' dir='ltr'><strong>procula</strong></span> 
     </span>
     <span class='ocr_line' id='line_1_52' title="bbox 167 4085 1534 4159; baseline -0.007 -16"><span class='ocrx_word' id='word_1_645' title='bbox 167 4096 282 4145; x_wconf 58' lang='lat' dir='ltr'><strong>veriatis</strong></span> <span class='ocrx_word' id='word_1_646' title='bbox 300 4095 401 4144; x_wconf 84' lang='lat' dir='ltr'><strong>tramite</strong></span> <span class='ocrx_word' id='word_1_647' title='bbox 419 4109 498 4145; x_wconf 83' lang='lat' dir='ltr'><strong>norae</strong></span> <span class='ocrx_word' id='word_1_648' title='bbox 516 4100 577 4144; x_wconf 84' lang='lat' dir='ltr'><strong>tuae</strong></span> <span class='ocrx_word' id='word_1_649' title='bbox 596 4095 779 4159; x_wconf 86' lang='lat' dir='ltr'><strong>speculationes</strong></span> <span class='ocrx_word' id='word_1_650' title='bbox 798 4099 824 4143; x_wconf 88' lang='lat' dir='ltr'><strong>te</strong></span> <span class='ocrx_word' id='word_1_651' title='bbox 844 4093 985 4148; x_wconf 86' lang='lat' dir='ltr'><strong>abducant,</strong></span> <span class='ocrx_word' id='word_1_652' title='bbox 1014 4097 1040 4140; x_wconf 92' lang='lat' dir='ltr'><strong>et</strong></span> <span class='ocrx_word' id='word_1_653' title='bbox 1058 4090 1085 4138; x_wconf 91' lang='lat' dir='ltr'><strong>in</strong></span> <span class='ocrx_word' id='word_1_654' title='bbox 1103 4103 1167 4153; x_wconf 85' lang='lat' dir='ltr'><strong>quae</strong></span> <span class='ocrx_word' id='word_1_655' title='bbox 1186 4089 1259 4156; x_wconf 84' lang='lat' dir='ltr'><strong>deria</strong></span> <span class='ocrx_word' id='word_1_656' title='bbox 1276 4088 1405 4138; x_wconf 80' lang='lat' dir='ltr'><strong>devenias.</strong></span> <span class='ocrx_word' id='word_1_657' title='bbox 1429 4085 1534 4136; x_wconf 86' lang='lat' dir='ltr'><strong>-conter</strong></span> 
     </span>
     <span class='ocr_line' id='line_1_53' title="bbox 167 4154 1534 4229; baseline -0.009 -14"><span class='ocrx_word' id='word_1_658' title='bbox 167 4180 250 4216; x_wconf 89' lang='lat' dir='ltr'><strong>meam</strong></span> <span class='ocrx_word' id='word_1_659' title='bbox 269 4167 420 4215; x_wconf 71' lang='lat' dir='ltr'><strong>senmntiam</strong></span> <span class='ocrx_word' id='word_1_660' title='bbox 439 4181 494 4215; x_wconf 89' lang='lat' dir='ltr'><strong>curu</strong></span> <span class='ocrx_word' id='word_1_661' title='bbox 512 4172 558 4215; x_wconf 85' lang='lat' dir='ltr'><strong>tna</strong></span> <span class='ocrx_word' id='word_1_662' title='bbox 576 4172 602 4215; x_wconf 88' lang='lat' dir='ltr'><strong>et</strong></span> <span class='ocrx_word' id='word_1_663' title='bbox 619 4167 720 4225; x_wconf 82' lang='lat' dir='ltr'><strong>videbis,</strong></span> <span class='ocrx_word' id='word_1_664' title='bbox 740 4179 805 4229; x_wconf 87' lang='lat' dir='ltr'><strong>qnae</strong></span> <span class='ocrx_word' id='word_1_665' title='bbox 822 4166 903 4213; x_wconf 88' lang='lat' dir='ltr'><strong>minus</strong></span> <span class='ocrx_word' id='word_1_666' title='bbox 922 4162 1033 4212; x_wconf 84' lang='lat' dir='ltr'><strong>absurdis</strong></span> <span class='ocrx_word' id='word_1_667' title='bbox 1056 4167 1141 4210; x_wconf 87' lang='lat' dir='ltr'><strong>utatur</strong></span> <span class='ocrx_word' id='word_1_668' title='bbox 1159 4160 1304 4209; x_wconf 88' lang='lat' dir='ltr'><strong>rationibus.</strong></span> <span class='ocrx_word' id='word_1_669' title='bbox 1351 4154 1534 4222; x_wconf 78' lang='lat' dir='ltr'><strong>(Keplerusz</strong></span> 
     </span>
     <span class='ocr_line' id='line_1_54' title="bbox 166 4227 1533 4293; baseline -0.006 -8"><span class='ocrx_word' id='word_1_670' title='bbox 166 4236 208 4287; x_wconf 82' lang='lat' dir='ltr'><strong>Tu</strong></span> <span class='ocrx_word' id='word_1_671' title='bbox 226 4237 293 4287; x_wconf 87' lang='lat' dir='ltr'><strong>iurta</strong></span> <span class='ocrx_word' id='word_1_672' title='bbox 312 4239 338 4286; x_wconf 92' lang='lat' dir='ltr'><strong>in</strong></span> <span class='ocrx_word' id='word_1_673' title='bbox 356 4236 548 4287; x_wconf 87' lang='lat' dir='ltr'><strong>melancholiam</strong></span> <span class='ocrx_word' id='word_1_674' title='bbox 566 4237 667 4286; x_wconf 88' lang='lat' dir='ltr'><strong>coniers</strong></span> <span class='ocrx_word' id='word_1_675' title='bbox 686 4243 731 4286; x_wconf 88' lang='lat' dir='ltr'><strong>ant</strong></span> <span class='ocrx_word' id='word_1_676' title='bbox 748 4250 845 4285; x_wconf 91' lang='lat' dir='ltr'><strong>mecum</strong></span> <span class='ocrx_word' id='word_1_677' title='bbox 864 4235 957 4285; x_wconf 89' lang='lat' dir='ltr'><strong>sentis:</strong></span> <span class='ocrx_word' id='word_1_678' title='bbox 977 4234 1013 4283; x_wconf 91' lang='lat' dir='ltr'><strong>sic</strong></span> <span class='ocrx_word' id='word_1_679' title='bbox 1031 4230 1175 4281; x_wconf 80' lang='lat' dir='ltr'><strong>mcusanda</strong></span> <span class='ocrx_word' id='word_1_680' title='bbox 1193 4229 1290 4281; x_wconf 88' lang='lat' dir='ltr'><strong>scelera</strong></span> <span class='ocrx_word' id='word_1_681' title='bbox 1309 4227 1533 4293; x_wconf 83' lang='lat' dir='ltr'><strong>temperamentis.)</strong></span> 
     </span>
     <span class='ocr_line' id='line_1_55' title="bbox 167 4300 1533 4372; baseline -0.006 -15"><span class='ocrx_word' id='word_1_682' title='bbox 167 4307 248 4372; x_wconf 77' lang='lat' dir='ltr'><strong>cupio</strong></span> <span class='ocrx_word' id='word_1_683' title='bbox 266 4313 353 4358; x_wconf 86' lang='lat' dir='ltr'><strong>tamen</strong></span> <span class='ocrx_word' id='word_1_684' title='bbox 371 4322 401 4359; x_wconf 81' lang='lat' dir='ltr'><strong>ex</strong></span> <span class='ocrx_word' id='word_1_685' title='bbox 419 4313 445 4359; x_wconf 87' lang='grc' dir='ltr'><strong>ιο</strong></span> <span class='ocrx_word' id='word_1_686' title='bbox 463 4307 566 4357; x_wconf 87' lang='lat' dir='ltr'><strong>meliora</strong></span> <span class='ocrx_word' id='word_1_687' title='bbox 585 4307 680 4364; x_wconf 80' lang='lat' dir='ltr'><strong>audire,</strong></span> <span class='ocrx_word' id='word_1_688' title='bbox 699 4309 720 4356; x_wconf 91' lang='lat' dir='ltr'><strong>si</strong></span> <span class='ocrx_word' id='word_1_689' title='bbox 738 4309 764 4356; x_wconf 90' lang='lat' dir='ltr'><strong>iu</strong></span> <span class='ocrx_word' id='word_1_690' title='bbox 776 4314 873 4370; x_wconf 84' lang='lat' dir='ltr'><strong>promtu</strong></span> <span class='ocrx_word' id='word_1_691' title='bbox 885 4306 985 4355; x_wconf 73' lang='lat' dir='ltr'><strong>memet.</strong></span> <span class='ocrx_word' id='word_1_692' title='bbox 1022 4304 1075 4353; x_wconf 88' lang='lat' dir='ltr'><strong>lmo</strong></span> <span class='ocrx_word' id='word_1_693' title='bbox 1088 4310 1113 4352; x_wconf 88' lang='lat' dir='ltr'><strong>te</strong></span> <span class='ocrx_word' id='word_1_694' title='bbox 1128 4302 1252 4359; x_wconf 88' lang='lat' dir='ltr'><strong>adhortor,</strong></span> <span class='ocrx_word' id='word_1_695' title='bbox 1271 4303 1343 4351; x_wconf 88' lang='lat' dir='ltr'><strong>utad</strong></span> <span class='ocrx_word' id='word_1_696' title='bbox 1357 4300 1533 4351; x_wconf 82' lang='lat' dir='ltr'><strong>excutiendum</strong></span> 
     </span>
     <span class='ocr_line' id='line_1_56' title="bbox 165 4372 1533 4445; baseline -0.007 -16"><span class='ocrx_word' id='word_1_697' title='bbox 165 4379 281 4429; x_wconf 71' lang='lat' dir='ltr'><strong>rcdtads</strong></span> <span class='ocrx_word' id='word_1_698' title='bbox 299 4380 383 4445; x_wconf 90' lang='lat' dir='ltr'><strong>ignem</strong></span> <span class='ocrx_word' id='word_1_699' title='bbox 402 4394 500 4429; x_wconf 89' lang='lat' dir='ltr'><strong>omnem</strong></span> <span class='ocrx_word' id='word_1_700' title='bbox 519 4378 672 4443; x_wconf 87' lang='lat' dir='ltr'><strong>diligentiam</strong></span> <span class='ocrx_word' id='word_1_701' title='bbox 691 4378 818 4433; x_wconf 81' lang='lat' dir='ltr'><strong>adhibeas.</strong></span> <span class='ocrx_word' id='word_1_702' title='bbox 845 4384 872 4427; x_wconf 91' lang='lat' dir='ltr'><strong>et</strong></span> <span class='ocrx_word' id='word_1_703' title='bbox 889 4376 977 4427; x_wconf 75' lang='lat' dir='ltr'><strong>validis</strong></span> <span class='ocrx_word' id='word_1_704' title='bbox 996 4375 1175 4426; x_wconf 85' lang='lat' dir='ltr'><strong>contrariorum</strong></span> <span class='ocrx_word' id='word_1_705' title='bbox 1194 4378 1396 4438; x_wconf 87' lang='lat' dir='ltr'><strong>argumentorum</strong></span> <span class='ocrx_word' id='word_1_706' title='bbox 1414 4372 1533 4422; x_wconf 88' lang='lat' dir='ltr'><strong>arietibus</strong></span> 
     </span>
     <span class='ocr_line' id='line_1_57' title="bbox 165 4444 1451 4515; baseline -0.009 -14"><span class='ocrx_word' id='word_1_707' title='bbox 165 4457 271 4501; x_wconf 62' lang='lat' dir='ltr'><strong>ucenae</strong></span> <span class='ocrx_word' id='word_1_708' title='bbox 295 4451 436 4501; x_wconf 56' lang='lat' dir='ltr'><strong>contemne</strong></span> <span class='ocrx_word' id='word_1_709' title='bbox 453 4464 536 4500; x_wconf 86' lang='lat' dir='ltr'><strong>muros</strong></span> <span class='ocrx_word' id='word_1_710' title='bbox 554 4464 696 4515; x_wconf 84' lang='lat' dir='ltr'><strong>oppugnes.</strong></span> <span class='ocrx_word' id='word_1_711' title='bbox 716 4456 742 4501; x_wconf 90' lang='lat' dir='ltr'><strong>et</strong></span> <span class='ocrx_word' id='word_1_712' title='bbox 759 4450 780 4499; x_wconf 89' lang='lat' dir='ltr'><strong>si</strong></span> <span class='ocrx_word' id='word_1_713' title='bbox 798 4455 871 4513; x_wconf 89' lang='lat' dir='ltr'><strong>potes</strong></span> <span class='ocrx_word' id='word_1_714' title='bbox 889 4448 1001 4511; x_wconf 74' lang='lat' dir='ltr'><strong>tattone.</strong></span> <span class='ocrx_word' id='word_1_715' title='bbox 1038 4446 1092 4511; x_wconf 84' lang='lat' dir='ltr'><strong>Ego</strong></span> <span class='ocrx_word' id='word_1_716' title='bbox 1111 4446 1210 4495; x_wconf 76' lang='lat' dir='ltr'><strong>rerimti</strong></span> <span class='ocrx_word' id='word_1_717' title='bbox 1228 4445 1335 4495; x_wconf 84' lang='lat' dir='ltr'><strong>libenter</strong></span> <span class='ocrx_word' id='word_1_718' title='bbox 1354 4444 1451 4495; x_wconf 89' lang='lat' dir='ltr'><strong>cedam.</strong></span> 
     </span>
    </p>
   </div>
   <div class='ocr_carea' id='block_1_5' title="bbox 164 4514 1601 4948">
    <p class='ocr_par' dir='ltr' id='par_1_8' title="bbox 164 4514 1601 4948">
     <span class='ocr_line' id='line_1_58' title="bbox 227 4514 1533 4601; baseline -0.007 -18"><span class='ocrx_word' id='word_1_719' title='bbox 227 4520 231 4521; x_wconf 44' lang='lat'><em>⁷</em></span> <span class='ocrx_word' id='word_1_720' title='bbox 259 4521 463 4601; x_wconf 86' lang='lat' dir='ltr'><strong>Kepicrus:</strong></span> <span class='ocrx_word' id='word_1_721' title='bbox 489 4521 535 4582; x_wconf 90' lang='lat' dir='ltr'><strong>Dc</strong></span> <span class='ocrx_word' id='word_1_722' title='bbox 558 4519 873 4583; x_wconf 86' lang='lat' dir='ltr'><strong>inclinationibus</strong></span> <span class='ocrx_word' id='word_1_723' title='bbox 897 4518 1061 4581; x_wconf 84' lang='lat' dir='ltr'><strong>confudisti</strong></span> <span class='ocrx_word' id='word_1_724' title='bbox 1085 4536 1132 4579; x_wconf 88' lang='lat' dir='ltr'><strong>me</strong></span> <span class='ocrx_word' id='word_1_725' title='bbox 1155 4517 1235 4578; x_wconf 90' lang='lat' dir='ltr'><strong>iuter</strong></span> <span class='ocrx_word' id='word_1_726' title='bbox 1257 4515 1427 4592; x_wconf 83' lang='lat' dir='ltr'><strong>legendum.</strong></span> <span class='ocrx_word' id='word_1_727' title='bbox 1465 4514 1533 4574; x_wconf 89' lang='lat' dir='ltr'><strong>Ve-</strong></span> 
     </span>
     <span class='ocr_line' id='line_1_59' title="bbox 168 4602 1532 4689; baseline -0.008 -17"><span class='ocrx_word' id='word_1_728' title='bbox 168 4611 223 4672; x_wconf 86' lang='lat' dir='ltr'><strong>lim</strong></span> <span class='ocrx_word' id='word_1_729' title='bbox 248 4610 415 4689; x_wconf 85' lang='lat' dir='ltr'><strong>respiceres</strong></span> <span class='ocrx_word' id='word_1_730' title='bbox 439 4610 477 4670; x_wconf 89' lang='lat' dir='ltr'><strong>ad</strong></span> <span class='ocrx_word' id='word_1_731' title='bbox 503 4629 588 4672; x_wconf 89' lang='lat' dir='ltr'><strong>meas</strong></span> <span class='ocrx_word' id='word_1_732' title='bbox 613 4609 717 4670; x_wconf 85' lang='lat' dir='ltr'><strong>literas</strong></span> <span class='ocrx_word' id='word_1_733' title='bbox 741 4608 873 4688; x_wconf 88' lang='lat' dir='ltr'><strong>priores,</strong></span> <span class='ocrx_word' id='word_1_734' title='bbox 904 4608 973 4688; x_wconf 90' lang='lat' dir='ltr'><strong>quid</strong></span> <span class='ocrx_word' id='word_1_735' title='bbox 999 4607 1117 4668; x_wconf 83' lang='lat' dir='ltr'><strong>omnino</strong></span> <span class='ocrx_word' id='word_1_736' title='bbox 1132 4604 1323 4683; x_wconf 79' lang='lat' dir='ltr'><strong>scripserim.</strong></span> <span class='ocrx_word' id='word_1_737' title='bbox 1371 4604 1452 4665; x_wconf 88' lang='lat' dir='ltr'><strong>Nam</strong></span> <span class='ocrx_word' id='word_1_738' title='bbox 1477 4602 1532 4662; x_wconf 91' lang='lat' dir='ltr'><strong>hoc</strong></span> 
     </span>
     <span class='ocr_line' id='line_1_60' title="bbox 166 4689 1532 4778; baseline -0.007 -19"><span class='ocrx_word' id='word_1_739' title='bbox 166 4698 299 4777; x_wconf 85' lang='lat' dir='ltr'><strong>quidem,</strong></span> <span class='ocrx_word' id='word_1_740' title='bbox 324 4699 403 4778; x_wconf 88' lang='lat' dir='ltr'><strong>quod</strong></span> <span class='ocrx_word' id='word_1_741' title='bbox 427 4707 460 4760; x_wconf 89' lang='lat' dir='ltr'><strong>tu</strong></span> <span class='ocrx_word' id='word_1_742' title='bbox 484 4699 610 4768; x_wconf 80' lang='lat' dir='ltr'><strong>retums,</strong></span> <span class='ocrx_word' id='word_1_743' title='bbox 632 4698 723 4776; x_wconf 84' lang='lat' dir='ltr'><strong>plane</strong></span> <span class='ocrx_word' id='word_1_744' title='bbox 748 4715 804 4757; x_wconf 89' lang='lat' dir='ltr'><strong>nnn</strong></span> <span class='ocrx_word' id='word_1_745' title='bbox 830 4696 949 4775; x_wconf 81' lang='lat' dir='ltr'><strong>scripsi.</strong></span> <span class='ocrx_word' id='word_1_746' title='bbox 997 4694 1083 4768; x_wconf 84' lang='lat' dir='ltr'><strong>Diri,</strong></span> <span class='ocrx_word' id='word_1_747' title='bbox 1119 4693 1331 4754; x_wconf 85' lang='lat' dir='ltr'><strong>inclinationes</strong></span> <span class='ocrx_word' id='word_1_748' title='bbox 1361 4689 1532 4770; x_wconf 84' lang='lat' dir='ltr'><strong>implanteri</strong></span> 
     </span>
     <span class='ocr_line' id='line_1_61' title="bbox 164 4777 1529 4866; baseline -0.01 -17"><span class='ocrx_word' id='word_1_749' title='bbox 164 4786 227 4866; x_wconf 87' lang='lat' dir='ltr'><strong>ipsi</strong></span> <span class='ocrx_word' id='word_1_750' title='bbox 251 4787 369 4849; x_wconf 83' lang='lat' dir='ltr'><strong>animae</strong></span> <span class='ocrx_word' id='word_1_751' title='bbox 393 4805 433 4847; x_wconf 86' lang='lat' dir='ltr'><strong>ex</strong></span> <span class='ocrx_word' id='word_1_752' title='bbox 455 4796 604 4848; x_wconf 85' lang='lat' dir='ltr'><strong>astrorum</strong></span> <span class='ocrx_word' id='word_1_753' title='bbox 628 4805 811 4858; x_wconf 88' lang='lat' dir='ltr'><strong>cummensn,</strong></span> <span class='ocrx_word' id='word_1_754' title='bbox 839 4785 894 4845; x_wconf 90' lang='lat' dir='ltr'><strong>hoc</strong></span> <span class='ocrx_word' id='word_1_755' title='bbox 910 4791 966 4855; x_wconf 88' lang='lat' dir='ltr'><strong>est,</strong></span> <span class='ocrx_word' id='word_1_756' title='bbox 992 4783 1122 4843; x_wconf 84' lang='lat' dir='ltr'><strong>animum</strong></span> <span class='ocrx_word' id='word_1_757' title='bbox 1139 4782 1236 4862; x_wconf 89' lang='lat' dir='ltr'><strong>ipsum</strong></span> <span class='ocrx_word' id='word_1_758' title='bbox 1260 4779 1390 4841; x_wconf 84' lang='lat' dir='ltr'><strong>transire</strong></span> <span class='ocrx_word' id='word_1_759' title='bbox 1410 4777 1439 4838; x_wconf 91' lang='lat' dir='ltr'><strong>in</strong></span> <span class='ocrx_word' id='word_1_760' title='bbox 1456 4777 1529 4837; x_wconf 86' lang='lat' dir='ltr'><strong>cha·</strong></span> 
     </span>
     <span class='ocr_line' id='line_1_62' title="bbox 168 4865 1601 4948; baseline -0.01 -11"><span class='ocrx_word' id='word_1_761' title='bbox 168 4884 320 4944; x_wconf 85' lang='lat' dir='ltr'><strong>racterem</strong></span> <span class='ocrx_word' id='word_1_762' title='bbox 345 4875 509 4948; x_wconf 67' lang='lat' dir='ltr'><strong>themesim</strong></span> <span class='ocrx_word' id='word_1_763' title='bbox 533 4882 637 4941; x_wconf 86' lang='lat' dir='ltr'><strong>notam</strong></span> <span class='ocrx_word' id='word_1_764' title='bbox 661 4873 706 4935; x_wconf 90' lang='lat' dir='ltr'><strong>tui</strong></span> <span class='ocrx_word' id='word_1_765' title='bbox 729 4871 875 4939; x_wconf 89' lang='lat' dir='ltr'><strong>thematis</strong></span> <span class='ocrx_word' id='word_1_766' title='bbox 898 4878 930 4931; x_wconf 90' lang='lat' dir='ltr'><strong>et</strong></span> <span class='ocrx_word' id='word_1_767' title='bbox 953 4870 984 4930; x_wconf 88' lang='lat' dir='ltr'><strong>in</strong></span> <span class='ocrx_word' id='word_1_768' title='bbox 1008 4876 1039 4933; x_wconf 79' lang='lat' dir='ltr'><strong>te</strong></span> <span class='ocrx_word' id='word_1_769' title='bbox 1063 4871 1165 4946; x_wconf 89' lang='lat' dir='ltr'><strong>fluere,</strong></span> <span class='ocrx_word' id='word_1_770' title='bbox 1191 4868 1298 4929; x_wconf 90' lang='lat' dir='ltr'><strong>deinde</strong></span> <span class='ocrx_word' id='word_1_771' title='bbox 1323 4865 1534 4927; x_wconf 85' lang='lat' dir='ltr'><strong>inclinationes</strong></span> <span class='ocrx_word' id='word_1_772' title='bbox 1596 4880 1601 4887; x_wconf 86' lang='lat'><strong>·</strong></span> 
     </span>
    </p>
   </div>
   <div class='ocr_carea' id='block_1_6' title="bbox 0 0 1955 5828">
    <p class='ocr_par' dir='ltr' id='par_1_9' title="bbox 0 0 1955 5828">
     <span class='ocr_line' id='line_1_63' title="bbox 0 0 1955 5828; baseline 0 0"><span class='ocrx_word' id='word_1_773' title='bbox 0 0 1955 5828; x_wconf 95' lang='lat' dir='ltr'><strong> </strong></span> 
     </span>
    </p>
   </div>
  </div>
 </body>
</html>
