3814 5818
401 403 468 491 aaa
669 378 672 383 ’
823 400 925 451 aaa.
943 397 1044 475 mua
1068 397 1337 469 somnum

402 563 458 627 lucc
482 557 664 633 littoralibus
687 554 858 635 nationibus
882 555 961 629 inter
983 553 1127 639 Angliasu
1151 561 1183 627 et
1206 551 1347 637 Daniarp⁴
1360 570 1522 629 curpprpne,⁴
1540 553 1644 627 fuisse.
1691 552 1755 614 lta·

402 634 462 732 que'
483 632 576 711 cansa
597 634 777 725 pronimeje¹
793 644 868 719 mari
893 651 977 713 esset
998 643 1140 723 petenda.
1188 639 1305 709 Guttae
1334 641 1528 720 sulphureae.
1542 642 1634 703 etiam
1657 641 1712 703 bic·
1726 641 1766 703 in-

403 735 555 803 Bobemia
575 754 653 796 anno
670 730 724 796 99.
749 732 974 813 praecedebant
996 741 1114 811 pestem
1139 741 1171 792 et
1199 729 1410 810 dysenteriam.
1458 728 1585 792 Sufficit·
1605 748 1698 809 porro
1718 726 1768 790 sd*

402 835 520 906 pestem
550 824 611 884 fere
645 832 677 882 et
700 820 822 882 humida
845 829 960 881 aestas.
1006 819 1106 881 Julius
1136 819 1219 880 initio
1244 819 1324 897 apud
1347 816 1558 891 uos'eali'dus,
1592 818 1630 880 ab
1655 818 1757 909 ultimo

402 914 512 976 triente
536 910 625 991 paulo
648 908 860 981 turbulentior,
890 910 1047 984 Augustus
1071 925 1142 967 vero
1172 925 1265 986 usque
1289 906 1328 966 ad
1352 903 1405 966 20.
1430 906 1569 968 humidus
1598 917 1632 967 et
1653 908 1757 969 incon-

403 1000 620 1064 stantissimos.
665 995 797 1059 Causam
821 996 850 1057 in
875 1003 974 1056 motus
999 994 1025 1067 Ω
1050 996 1117 1072 etp
1139 995 1270 1067 confero,
1294 994 1400 1054 euntes
1423 1013 1478 1074 per
1501 1003 1643 1075 aspectus
1667 1014 1757 1075 supe-

405 1091 513 1154 riorum
538 1097 569 1149 et
593 1088 622 1147 iu
646 1094 748 1147 mutuo
772 1084 873 1145 sextili
897 1092 1056 1145 versantes
1080 1083 1129 1144 diu
1154 1083 1322 1145 admodum.
1724 1080 1728 1087 '

474 1209 665 1261 Fabricius:
683 1207 711 1257 P.
727 1205 753 1256 S.
773 1206 796 1256 d.
817 1204 859 1253 15.
874 1207 937 1270 Aug.
977 1204 1039 1255 Cum
1058 1212 1156 1269 praeter
1174 1206 1313 1269 opinionem
1330 1204 1417 1255 literae
1435 1206 1585 1277 priores'hic
1604 1214 1757 1281 rqmaue‘sp't,

404 1284 469 1335 solui
486 1282 633 1346 posteriores
651 1292 723 1328 meas
742 1278 905 1341 cogitationes
923 1277 1044 1340 prioribus
1064 1277 1138 1338 adjun
1158 1291 1199 1326 ere
1219 1283 1244 1326 et
1263 1276 1328 1325 addo
1345 1276 1392 1326 bas
1410 1279 1584 1341 quaestiones:

477 1352 619 1415 Quaeritur,
638 1364 672 1399 an
692 1345 717 1412 ἆ)
737 1341 817 1412 etl]
835 1349 966 1403 bonorum.
994 1353 1023 1396 ut
1044 1347 1065 1407 li
1083 1355 1109 1397 et
1128 1291 1170 1410 ὁ,
1196 1350 1246 1397 sint
1270 1347 1480 1398 bonirelmsll?
1517 1350 1556 1398 Au
1583 1348 1759 1413 planetae

406 1428 721 1488 temperamentum
746 1419 850 1468 bominis
874 1420 928 1468 nati
946 1414 1208 1468 constituenti
1239 1418 1293 1483 Ego
1311 1432 1385 1482 nego.
1422 1418 1489 1478 unu
1513 1420 1758 1486 deinterroga·

405 1486 571 1547 tionibus
590 1498 616 1542 et
630 1492 730 1553 indiciis
748 1491 778 1538 iis
796 1490 959 1538 innitentibus
976 1491 1009 1538 sit
1027 1489 1206 1539 sentiendum?
1242 1488 1316 1543 Multi
1332 1489 1607 1559 illifisslumfflbwli·
1637 1491 1691 1563 ligp
1709 1506 1773 1559 repa¹

406 1564 568 1630 suspiciosam
586 1578 641 1613 esse
657 1562 749 1624 judico.
786 1559 853 1620 Quid
872 1556 903 1609 de
920 1562 1016 1610 usitata
1032 1567 1138 1624 parte
1156 1560 1346 1617 lortuuae,
1366 1561 1396 1610 de
1415 1560 1759 1639 electionibuspsqpo2

406 1638 493 1703 logicis
512 1628 610 1685 sentiri
645 1632 711 1682 Illud
738 1644 818 1697 nugas
845 1645 892 1696 ego
910 1638 1006 1695 reputo.
1043 1630 1240 1696 imaginum
1259 1631 1508 1683 characterisstarum
1535 1628 1581 1683 sub
1604 1632 1760 1705 sertoocoelt

407 1710 489 1773 pontu
506 1707 602 1773 ridetur
621 1705 705 1768 aliqua
722 1704 747 1753 iu
765 1700 856 1753 morbis
872 1703 1033 1768 profligandis
1050 1704 1087 1752 vis
1105 1700 1150 1752 dte.

496 1794 709 1875 Keplerusz·
729 1792 794 1853 Tua
826 1791 1011 1871 postscripta
1045 1811 1092 1853 me
1124 1800 1269 1853 revocant
1301 1791 1330 1854 iu
1353 1791 1561 1871 astrologiam.
1606 1795 1759 1875 Asppctus

408 1885 526 1968 quinam
548 1882 629 1953 boui,
654 1881 703 1961 qni
727 1880 816 1941 mali?
862 1880 928 1959 Ego
943 1881 1022 1943 inter
1036 1888 1177 1960 aspectus
1197 1881 1378 1960 astrologice
1401 1899 1460 1942 uon
1476 1882 1606 1945 discerni
1621 1891 1694 1962 puto
1706 1900 1761 1962 per

407 1972 554 2035 bonitatis
577 1978 609 2030 et
631 1968 767 2029 malitiae
791 1976 896 2042 notas,
930 1970 984 2030 sed
1008 1978 1125 2032 tantum
1149 1988 1203 2049 per
1227 1969 1430 2032 fortitudinem
1454 1979 1487 2033 et
1510 1969 1759 2049 imbecillitatem

409 2059 528 2123 Fortior
551 2059 587 2131 is,
612 2057 697 2136 cnjus
721 2057 938 2118 demonstratio
963 2057 1076 2120 fortior.
1123 2058 1224 2119 Primo
1239 2058 1409 2139 conjunctio
1424 2060 1600 2138 corporalis,
1630 2058 1700 2141 quia
1714 2059 1759 2121 hic

408 2148 564 2210 identitas.
598 2144 736 2207 Secundo
747 2145 896 2225 oppositio
906 2144 1079 2225 corporalis,
1097 2147 1166 2226 quia
1175 2148 1322 2209 diameter
1331 2148 1443 2223 circuli,
1461 2147 1761 2226 bisecanscirculurn.

409 2237 511 2299 Tertio
536 2233 732 2315 quadratura,
762 2232 830 2313 quia
860 2233 964 2296 lateris
988 2235 1168 2316 quadratum
1191 2243 1239 2296 est
1266 2236 1406 2314 quadrati
1429 2235 1568 2299 diametri
1596 2235 1756 2300 dimidium.

410 2323 527 2396 Quarto
550 2322 670 2387 sextilis
694 2331 726 2383 et
747 2322 900 2402 trigonus,
926 2323 996 2404 qnia
1019 2324 1099 2385 latus
1123 2323 1279 2403 sexanguli
1304 2325 1429 2405 aequale
1454 2334 1504 2387 est
1526 2324 1759 2397 semidiametro,

409 2423 442 2476 et
464 2414 544 2474 latus
567 2411 708 2490 trianguli
732 2418 835 2490 potest
863 2404 896 2490 Ἀ
924 2411 1074 2473 diametri.
1122 2410 1236 2483 Quinto
1261 2411 1395 2493 quintilis
1419 2421 1451 2475 et
1473 2413 1658 2494 biquiutilis·‚
1692 2414 1761 2494 quis

406 2503 513 2582 juncta
537 2500 690 2578 utriusque
714 2501 863 2580 quadrata
886 2508 957 2561 suut
987 2500 1026 2561 ad
1050 2484 1227 2580 quadratum
1252 2501 1391 2563 diametri
1423 2510 1458 2564 ut
1481 2501 1502 2563 5
1525 2503 1563 2564 ad
1587 2498 1618 2563 4.
1666 2501 1758 2565 Sexto

410 2589 692 2670 sesquiquadratns,
726 2588 797 2667 quia
815 2588 998 2650 irrationalis
1032 2596 1064 2648 et
1086 2589 1150 2650 sine
1174 2589 1266 2652 socio.
1314 2590 1393 2652 Nam
1426 2592 1618 2672 octangnlum
1641 2592 1758 2671 quidem

406 2680 494 2759 juvat
525 2678 608 2739 illum
641 2679 679 2738 ad
712 2677 899 2756 aequandum
932 2668 1110 2758 quadratum
1142 2677 1294 2753 diametri;
1329 2680 1381 2740 sed
1406 2680 1599 2760 octangnlum
1631 2678 1689 2741 non
1713 2672 1773 2741 est'

410 2768 489 2830 inter
507 2765 705 2840 harmonicus.
751 2765 822 2827 iam
846 2765 875 2825 in
898 2766 1031 2846 planetis
1056 2785 1114 2828 nou
1129 2775 1198 2828 snut
1221 2768 1292 2830 boui
1316 2777 1349 2829 et
1363 2768 1444 2838 mali,
1468 2768 1619 2846 sedqduri,
1644 2768 1758 2841 molles,

410 2855 511 2929 calidi,
535 2855 649 2935 frigidi,
673 2853 800 2928 humidi,
826 2854 907 2915 sicci.
954 2854 1096 2917 Mollibus
1126 2864 1158 2917 et
1181 2855 1309 2919 humidis
1328 2857 1514 2943 eonveninut
1536 2857 1670 2930 sextilis,
1703 2856 1758 2919 tri·

410 2964 520 3026 genus,
546 2943 826 3023 sesquiquadratus.
861 2944 1012 3004 translato
1037 2943 1150 3006 anrirnu
1174 2945 1379 3025 experimento
1408 2965 1447 3007 ex
1467 2947 1584 3009 musica
1607 2946 1635 3009 iu
1660 2954 1758 3019 astru,

410 3034 535 3115 logiam
559 3033 642 3093 duris
665 3043 698 3093 et
719 3031 842 3094 fervidis
866 3033 1053 3111 acceptiores
1078 3033 1212 3114 quintilis
1236 3043 1268 3095 et
1290 3033 1467 3114 biquiutilis.

499 3122 545 3183 De
576 3129 864 3200 temperamento
896 3124 969 3199 put'o
1003 3122 1211 3201 quaestionem
1243 3142 1335 3203 supra
1358 3124 1524 3204 agitatam,
1560 3132 1592 3186 et
1614 3124 1760 3206 prioribus

411 3211 507 3273 literis
531 3231 551 3271 a
572 3228 620 3270 me
644 3227 831 3288 responsum.
878 3209 998 3270 Natura
1022 3208 1150 3271 hominis
1174 3219 1222 3272 est
1246 3211 1343 3273 instar
1366 3213 1481 3275 metalli
1505 3212 1622 3294 liquati,
1648 3213 1760 3275 coelum

411 3298 507 3360 instar
532 3299 654 3369 formae,
680 3296 709 3357 iu
734 3314 821 3375 quam
845 3295 1018 3357 iutirnditsr.
1066 3297 1133 3358 Nisi
1156 3308 1317 3362 contumax
1340 3302 1382 3363 sit
1396 3302 1560 3377 metallum,
1584 3311 1682 3365 totam
1697 3304 1759 3364 icr-

408 3405 488 3447 mam
521 3393 628 3447 exacte
661 3384 788 3463 suscipit
796 3403 805 3455 3
839 3392 872 3445 at
899 3391 1061 3446 contumax
1091 3393 1139 3446 est
1172 3386 1300 3451 bominis
1324 3398 1433 3453 natura
1465 3391 1503 3451 ob
1532 3390 1760 3471 imaginationes

409 3474 514 3535 rustris
539 3472 754 3543 antecedentes
777 3479 809 3532 et
832 3471 1032 3534 iustitutionis
1055 3476 1212 3554 sequentis
1226 3478 1304 3553 vim,
1339 3498 1414 3559 quae
1439 3486 1488 3541 est
1512 3478 1611 3542 instar
1632 3479 1708 3542 coeli
1732 3485 1763 3540 et

408 3561 540 3640 scalpri3
564 3559 728 3623 miscentur
749 3560 851 3641 itaque
875 3561 949 3622 haee
973 3561 1042 3623 tria.
1090 3563 1139 3624 lta
1162 3572 1262 3628 tecum
1287 3568 1453 3629 consentio.

497 3649 543 3710 De
567 3658 674 3735 parte
698 3651 874 3711 fortunae
899 3658 932 3710 ut
955 3650 992 3711 do
1015 3650 1183 3714 domibus
1203 3656 1321 3732 judico,
1355 3658 1515 3719 confictam
1538 3656 1577 3718 ad
1602 3655 1761 3719 formanda
1793 3654 1797 3661 ’

408 3757 552 3817 responsa
575 3740 614 3815 ad
637 3757 723 3799 omne
747 3756 841 3817 genus
866 3739 1086 3819 quaestionum.

493 3825 564 3889 Jaru
588 3846 658 3905 ergo
682 3834 714 3887 et
738 3827 775 3887 de
799 3827 845 3888 his
869 3828 1095 3907 quaestionibus
1119 3848 1216 3892 meum
1232 3832 1326 3893 habes
1345 3832 1503 3911 judicium,
1528 3842 1580 3895 tuo
1596 3834 1761 3909 conforme.

408 3915 470 3977 Sed
493 3915 571 3990 vide,
597 3915 668 3993 quid
691 3934 774 3993 agas.
823 3914 922 3978 Crede
946 3916 1043 3991 mibi,
1067 3919 1205 3999 utrinque
1239 3928 1271 3981 et
1303 3922 1573 4002 squaestionibns
1596 3921 1658 3983 tuis
1691 3930 1764 3983 eta

406 4004 643 4082 profectionibus
667 4005 805 4083 aequalia
838 4013 923 4066 stant
947 4007 1154 4086 experimenta
1189 4015 1220 4069 et
1245 4009 1468 4072 frustrationes.
1514 4011 1596 4073 Nam
1624 4009 1761 4091 utrinque

407 4092 528 4155 t'ortuua
551 4091 733 4159 dominatur.
1667 4098 1672 4105 '

496 4179 685 4256 Imagines
712 4179 807 4239 tueris
831 4190 1007 4258 argumento
1032 4183 1147 4245 urbium
1172 4193 1204 4245 et
1232 4184 1397 4265 regionum.
1445 4186 1550 4267 Nego,
1567 4187 1623 4281 tibi
1647 4196 1761 4270 utrum-

407 4285 473 4346 qne.
530 4265 714 4345 Imaginibus
746 4267 806 4327 viru
838 4269 980 4359 copeiliat
1013 4264 1187 4357 credulitas.
1240 4270 1351 4349 Audivi
1386 4276 1425 4338 ab
1458 4277 1610 4359 expertis.
1627 4275 1776 4353 medicis„

406 4372 497 4443 saepe
523 4354 622 4415 verbis
646 4353 753 4433 medici
777 4355 913 4417 fiduciam
935 4360 1189 4445 persuadentibus
1213 4381 1279 4425 cnm
1303 4365 1422 4442 magico
1446 4364 1580 4428 facinore
1595 4365 1782 4428 restaurari.

406 4452 546 4505 naturam
565 4442 631 4521 jam
655 4461 731 4522 pene
754 4442 930 4523 collapsam.
980 4446 1095 4526 ltaque,
1120 4449 1147 4509 si
1166 4459 1198 4511 et
1225 4451 1263 4512 ob
1288 4451 1383 4513 visam
1407 4453 1570 4533 imaginem
1592 4454 1622 4515 in
1642 4472 1773 4534 gemma.

405 4530 544 4593 fiduciam
568 4531 716 4610 concipiat
740 4532 892 4597 credulus.
901 4552 1002 4617 aeger,
1023 4534 1206 4614 juvabimnr.
1254 4537 1356 4621 Quare
1378 4561 1436 4619 nou
1452 4550 1527 4627 puto
1542 4540 1672 4627 'publice
1687 4561 1760 4623 con·

406 4627 455 4680 tra
478 4618 700 4703 disputandum.
748 4618 811 4682 Sed
844 4620 882 4682 ab
906 4620 1007 4705 herbis
1031 4629 1062 4684 et
1080 4625 1169 4687 rebus
1198 4616 1386 4691 naturalibus
1410 4612 1645 4711 argumenta'ris',
1675 4612 1761 4711 'ques
1863 4698 1866 4705 ,

406 4727 424 4766 a
448 4716 530 4769 certo
553 4715 687 4787 tempore
711 4708 771 4771 viru
794 4704 921 4771 a‘coelo
945 4710 1090 4787 majorem
1114 4716 1309 4799 concipiant,
1343 4718 1759 4785 Autjdsestmertumnui

405 4804 533 4875 tempus,
559 4794 607 4858 ubi
630 4815 723 4859 cansa
744 4797 775 4859 iu
799 4798 931 4871 humere,
955 4798 1323 4887 siccitatc,‚matcritacc,
1347 4816 1402 4883 aut
1424 4808 1479 4877 tibi
1504 4815 1554 4869 est
1568 4808 1760 4891 incognitum,

404 4883 515 4977 si'alia
537 4884 603 4969 ejus
627 4885 770 4971 temporis
793 4876 944 4970 periodus.
991 4887 1033 4950 Et
1056 4908 1114 4957 nou
1139 4893 1222 4967 valet
1245 4904 1453 4976 argumentum
1476 4906 1624 4965 anaim
1646 4897 1777 4969 adara,
