3814 5818
391 360 458 428 tte
941 360 1204 429 Mitem

391 523 511 604 oipuam
543 522 636 584 stiam
666 520 801 584 heodem
831 520 1019 585 committat:
1052 520 1151 585 visum
1178 529 1229 583 est
1259 519 1412 600 peculiare
1439 525 1534 602 capnt
1562 519 1593 582 in
1616 538 1655 582 ea
1676 538 1751 583 ooo·

392 630 529 675 sumere:
562 611 592 672 in
615 610 704 690 enjus
726 608 813 673 initio
845 629 922 691 quae
948 611 986 672 de
1009 609 1173 691 Apollonio
1206 609 1294 672 nobis
1323 615 1467 673 constat
1494 608 1619 672 aalide
1650 608 1750 688 dignis

393 699 566 764 motoribus
584 698 800 780 judicabimus
823 707 933 779 postea
955 717 1053 780 nugas
1067 699 1139 764 Ursi
1163 717 1231 762 cum
1254 697 1316 761 illis
1338 701 1539 762 conferemus.

980 939 1167 950 ,Ἣ

964 1138 1085 1238 Caput
1110 1138 1178 1213 111.

526 1314 648 1380 Nullus
669 1324 796 1380 eoam
817 1314 984 1401 Apollonii
1005 1316 1148 1400 Perpeei
1168 1317 1355 1401 hypothcm
1375 1314 1613 1379 mamona.

483 1473 573 1547 Quod
595 1475 625 1537 in
648 1476 853 1540 architectura
874 1495 931 1538 nsu
952 1476 1045 1552 venit,
1070 1485 1104 1540 ut
1126 1496 1184 1539 non
1208 1496 1247 1538 ex
1261 1494 1321 1538 una
1333 1475 1454 1538 officina
1475 1480 1617 1554 petantur
1639 1472 1753 1547 omnia,

394 1564 472 1638 calx,
496 1573 699 1642 caemcntum,
723 1565 814 1641 olavi,
839 1584 945 1639 serae,
975 1566 1143 1639 fenestrae,
1175 1585 1230 1627 nac
1253 1566 1334 1628 idem
1356 1563 1542 1626 architectus
1565 1568 1599 1623 et
1620 1560 1756 1642 lapicida

393 1653 434 1716 sit
464 1661 497 1714 et
519 1652 664 1732 lignarios
692 1662 724 1715 et
747 1653 889 1716 ferrarius
916 1661 949 1715 et
971 1654 1156 1717 arcularius:
1185 1653 1265 1716 idem
1284 1661 1317 1714 et
1344 1653 1375 1715 in
1404 1649 1606 1715 astronomico
1628 1649 1754 1731 negotio

393 1761 448 1804 usn
471 1741 564 1803 venit.
610 1742 732 1804 Etenim
755 1742 806 1824 qui
828 1742 909 1804 omni
931 1742 1023 1805 animi
1046 1744 1231 1824 cogitatione
1254 1741 1329 1804 inid
1352 1741 1487 1803 intentus
1505 1747 1563 1817 est,
1585 1747 1621 1802 ut
1642 1757 1682 1801 ex
1703 1738 1754 1814 iis,

392 1850 469 1911 quae
492 1829 523 1892 in
547 1831 631 1893 coelo
655 1831 783 1894 diversis
807 1831 995 1912 temporibus
1018 1832 1169 1907 eveniunt,
1194 1830 1453 1912 argumentatione
1477 1827 1631 1902 derivata,
1653 1827 1754 1908 hypo-

392 1919 497 1983 theses
521 1918 640 2000 aliquas
667 1920 769 1982 mnndi
803 1921 930 1982 formam
954 1920 1158 2000 exprimentes
1181 1920 1367 1995 constituat,
1400 1918 1479 1980 bunc
1502 1915 1662 1979 architecti
1684 1916 1754 1978 loco

298 2076 304 2087 Β
393 2009 506 2071 habeo:
539 2008 623 2088 cnjus
648 2009 768 2090 quidem
791 2016 880 2071 mota
903 2016 952 2071 est
974 2009 1147 2089 occupatio,
1181 2019 1215 2071 ut
1233 2007 1420 2089 impossibile
1441 2007 1498 2083 sit,
1531 2004 1756 2087 ipsumomoia

394 2118 414 2159 a
435 2116 469 2160 se
492 2095 559 2176 ipso
582 2105 697 2179 petere.
743 2096 868 2177 Accipit
889 2097 983 2177 igitur
996 2097 1224 2161 observationes
1248 2098 1343 2178 ipsas,
1366 2096 1414 2159 vel
1434 2113 1537 2161 omnes
1561 2094 1610 2156 vel
1633 2093 1755 2174 aliquas

395 2186 433 2249 ab
457 2184 546 2260 aliis;
570 2195 649 2261 sunt,
675 2185 725 2267 qni
748 2185 870 2249 tabulas
893 2186 938 2248 illi
956 2194 1137 2250 constmant
1158 2187 1223 2250 usui
1238 2184 1411 2269 quotidiano
1426 2183 1625 2247 necessarias.
1661 2181 1756 2245 Alius

397 2273 605 2338 arithmeticen
629 2275 802 2357 praeceptis
830 2276 931 2337 clarus
964 2276 1098 2339 nonnihil
1131 2275 1226 2341 babet
1254 2276 1285 2337 in
1309 2295 1366 2339 sna
1387 2272 1584 2355 supellectili,
1617 2270 1755 2352 quodie

394 2382 481 2426 suom
514 2382 600 2426 usom
633 2363 750 2445 seligat
769 2364 891 2426 artifex.
936 2364 1027 2427 Alius
1049 2366 1193 2445 operandi
1220 2384 1276 2446 per
1298 2381 1437 2427 numeros
1467 2360 1644 2442 compendia
1666 2378 1754 2425 coru·

395 2450 577 2526 miniscitor,
612 2451 689 2515 alius
719 2451 888 2516 doctrinam
911 2453 1028 2516 sinuum
1052 2454 1215 2517 artificiose
1238 2453 1348 2527 tradit,
1383 2451 1461 2514 alins
1488 2449 1641 2529 triangula
1662 2449 1757 2511 docet

395 2541 558 2603 aestimare
583 2540 711 2607 facilius.
757 2540 894 2621 Denique
918 2549 1004 2617 sunt,
1029 2542 1079 2623 qui
1102 2542 1293 2622 geometricis
1316 2540 1513 2621 problematis
1536 2539 1755 2601 demonstran-

396 2629 443 2693 dis
466 2628 601 2692 laborem
627 2630 804 2712 principalis
827 2629 952 2692 artificis
982 2650 1041 2693 non
1064 2632 1255 2695 mediocriter
1284 2630 1452 2694 sublevant
1500 2628 1542 2690 Et
1570 2635 1687 2701 umen,
1720 2634 1757 2690 ut

360 2792 366 2799 ἱ
395 2717 445 2800 qui
469 2717 573 2780 clavos
596 2719 693 2795 cudit,
718 2720 868 2782 fenestras
890 2721 1054 2797 construit,
1082 2720 1198 2805 lapides
1222 2721 1402 2800 imperatam
1424 2718 1455 2780 in
1479 2719 1605 2784 formam
1627 2713 1755 2785 excidit.

393 2825 452 2870 non
485 2806 554 2869 ideo
587 2815 635 2870 est
657 2808 813 2871 habendus
840 2827 895 2888 pro
918 2808 1101 2885 architecto,
1135 2809 1195 2872 etsi
1223 2809 1288 2890 ejus
1311 2826 1404 2887 opera
1435 2806 1529 2869 utitur
1558 2803 1754 2879 architectus,

395 2897 559 2976 domusque
583 2904 736 2960 structura
749 2888 808 2960 non
823 2897 901 2973 huic,
926 2898 982 2960 sed
996 2898 1164 2962 architecto
1180 2896 1379 2960 adscribitur:
1404 2895 1449 2958 ita
1463 2904 1495 2958 ot
1508 2894 1539 2957 in
1557 2891 1756 2965 astronomia,
1780 2906 1784 2909 ⁴

394 3003 453 3048 non
477 2985 548 3065 quia
571 2993 761 3048 astronomus
785 2986 849 3048 sine
864 2987 1030 3068 geometria
1053 2996 1085 3050 et
1098 2987 1299 3060 arithmetica,
1321 2984 1451 3065 geminis
1471 2983 1539 3059 alis,
1563 2989 1757 3045 astronomus

394 3092 463 3135 esse
496 3093 554 3136 non
586 3082 708 3154 potest,
741 3084 906 3155 propterca
938 3075 1043 3138 statim
1070 3084 1264 3139 astronomus
1293 3081 1360 3149 est,
1397 3073 1448 3153 qui
1472 3074 1568 3135 bonos
1598 3075 1759 3151 geometra

395 3162 550 3243 bonosque
573 3172 622 3224 est
645 3163 867 3225 arithmeticus:
902 3183 957 3225 uec
981 3164 1007 3226 si
1032 3165 1099 3245 quis
1123 3164 1260 3227 doctrina
1292 3162 1509 3243 triangulorum
1538 3160 1653 3224 tradita
1675 3156 1756 3221 arti·
1783 3172 1786 3187 ·

394 3251 481 3313 ficem
504 3250 534 3311 in
558 3251 722 3313 condendis
746 3251 858 3312 tabulis
882 3253 1002 3332 egregia
1020 3253 1115 3333 juvit,
1146 3260 1309 3335 propterea
1339 3250 1509 3314 tabularum
1531 3250 1580 3312 vel
1603 3246 1756 3330 hypothe-

399 3338 476 3401 sinm
490 3347 597 3400 auctor
611 3348 670 3401 est.
716 3338 802 3400 Haec
817 3357 885 3401 com
907 3340 954 3402 ita
976 3358 1009 3401 se
1033 3340 1176 3416 habeant,
1200 3342 1396 3403 vehementer
1414 3338 1500 3402 initio
1513 3338 1614 3412 miror,
1638 3336 1756 3415 Apol·

396 3426 455 3489 lon
464 3426 498 3488 io
514 3426 552 3488 ab
563 3427 642 3489 Urso
653 3426 744 3489 tribui
754 3426 938 3507 hypotheses
953 3428 1171 3492 astronomicas
1180 3429 1357 3509 peculiares,
1383 3427 1443 3510 qui,
1458 3429 1537 3509 quod
1551 3424 1757 3490 astronomica

395 3513 517 3589 attinet,
542 3514 758 3576 nihilomnino
782 3514 926 3595 scriptum
958 3517 1079 3598 reliquit
1104 3526 1227 3599 praeter
1249 3517 1464 3600 geometricum
1488 3516 1642 3599 problema
1665 3518 1755 3595 (pro-

397 3602 529 3671 fessione
553 3622 681 3684 namque
705 3612 861 3684 geometra
884 3605 972 3682 fuit),
1003 3625 1061 3687 qno
1084 3606 1278 3671 Ptolemaeus
1306 3608 1338 3669 in
1361 3606 1544 3669 stationibus
1562 3605 1756 3686 planetarum

397 3690 649 3766 demonstrandis,
674 3693 705 3756 in
728 3701 815 3773 parte
838 3713 945 3776 nempe
969 3696 1075 3758 domus
1095 3697 1278 3773 exornanda,
1301 3716 1373 3758 usos
1391 3704 1451 3759 est.
1497 3696 1541 3759 Ut
1563 3701 1665 3756 antem
1687 3692 1755 3754 cla-

398 3778 517 3843 tissime
540 3789 655 3861 pateat,
680 3782 752 3864 quid
765 3782 947 3863 Apollonius
970 3784 1233 3861 demonstraverit,
1258 3785 1329 3866 quid
1353 3804 1424 3848 vero
1444 3784 1541 3847 Ursus
1563 3779 1756 3845 securissime

397 3868 561 3946 fabuletur,
594 3889 653 3951 age
679 3879 776 3934 totam
799 3873 864 3952 ejus
887 3872 1083 3938 intentionem
1116 3876 1239 3937 efonte
1263 3893 1334 3951 suo,
1367 3893 1410 3936 so.
1443 3872 1656 3935 ePtolemaeo
1680 3870 1755 3950 (quo

398 3956 509 4033 missu,
543 3960 623 4039 qnod
645 3960 839 4023 vehementer
860 3961 966 4034 miror,
998 3963 1095 4026 Ursus
1123 3964 1163 4025 ad
1186 3963 1313 4026 rivulum
1345 3962 1414 4025 inde
1438 3962 1612 4036 deductum,
1646 3978 1690 4021 sc.
1715 3958 1756 4019 ad

396 4044 596 4128 (lopernicum
618 4053 779 4130 provocat)
802 4049 832 4110 in
857 4050 912 4112 has
935 4053 1073 4131 pagellas
1097 4051 1299 4114 derivabimus
1323 4062 1356 4114 et
1377 4059 1618 4131 transponamus.
1655 4045 1753 4127 Equi·

396 4136 465 4198 dem
495 4138 574 4217 qnod
597 4138 709 4213 Ursus,
743 4138 827 4201 nulla
847 4139 1015 4203 Ptolemaei
1047 4141 1197 4203 mentione
1230 4142 1326 4217 facta,
1360 4140 1410 4222 qui
1433 4138 1600 4203 clarissime
1624 4144 1757 4200 mentem

395 4225 551 4306 Apollonii
573 4226 723 4307 exposuit,
747 4226 777 4289 in
792 4225 971 4308 Oopsmioo,
995 4229 1046 4311 qui
1064 4228 1218 4293 obscurius
1232 4249 1296 4293 rem
1310 4228 1461 4309 exprimit,
1486 4246 1626 4308 magnum
1644 4243 1755 4288 mosae

395 4314 579 4395 praesidium
603 4315 697 4394 ponit,
722 4314 751 4377 id
775 4316 922 4395 ejusmodi
946 4326 1007 4394 est,
1041 4326 1076 4381 ut
1102 4336 1242 4398 magnam
1266 4318 1466 4398 suspicionem
1496 4316 1642 4390 concitet,
1675 4333 1754 4377 nun-

396 4421 485 4483 quam
508 4402 605 4466 vismn
629 4402 708 4467 Urso
734 4404 953 4477 Ptolemaeum,
982 4407 1037 4470 sed
1065 4406 1205 4470 extitisse
1228 4409 1405 4471 monitorem
1427 4405 1574 4487 aliquem,
1603 4403 1653 4486 qui
1675 4403 1755 4467 Urso

395 4490 572 4570 subjiceret,
596 4494 659 4554 tale
683 4493 753 4573 qnid
777 4493 929 4575 Apollonii
951 4496 1109 4576 problema
1131 4516 1247 4577 sapere,
1268 4496 1371 4577 qualia
1394 4495 1544 4577 'lychonis
1567 4495 1599 4558 in
1621 4513 1655 4556 se
1678 4510 1754 4555 con-

394 4578 495 4641 tinent
516 4580 710 4663 hypotheses,
734 4590 766 4644 et
790 4582 863 4645 illud
886 4585 1007 4665 quidem
1020 4584 1177 4665 problema
1191 4585 1368 4666 bipartitum
1382 4602 1461 4647 esse.
1508 4584 1640 4646 Tantum
1663 4579 1753 4654 enim,

395 4685 451 4729 nec
473 4668 561 4748 plura
583 4688 639 4731 nec
662 4670 853 4734 distinctiora
865 4673 962 4737 Ursus
987 4674 1024 4734 de
1044 4673 1217 4754 Apollonio,
1242 4694 1309 4737 oum
1331 4674 1407 4736 haec
1431 4672 1588 4745 scriberet,
1610 4670 1753 4733 sciverat

396 4754 459 4818 Sed
482 4756 521 4819 ad
544 4758 762 4823 Ptolemaeum.
809 4758 886 4825 Com
914 4781 952 4823 ex
975 4767 1078 4824 aetate
1108 4762 1138 4825 in
1161 4782 1271 4844 magno
1298 4763 1397 4843 pretio
1420 4770 1526 4823 essent
1552 4759 1754 4842 geometricas

395 4845 677 4924 demonstrationes,
703 4857 735 4911 et
757 4849 842 4912 flocci
864 4851 1066 4932 penderentur
1087 4851 1136 4914 vel
1159 4852 1351 4916 mechanicae
1366 4849 1585 4930 descriptiones
1609 4848 1657 4911 rel
1679 4866 1752 4933 pro-
