3838 5824
795 396 878 462 Caput
894 396 949 449 xm
1493 396 1552 464 141

196 555 321 635 siugulis
345 555 520 636 corporibus
543 556 818 629 accommodentur,
849 574 907 617 uou
937 556 982 618 ita
1008 556 1037 615 in
1066 563 1186 635 promtu
1209 563 1268 617 est.
1285 558 1310 629 ¹)
1355 557 1435 618 Illud
1459 557 1555 619 solum

195 651 290 723 patet,
315 645 464 726 pyramidi
488 644 590 706 deberi
613 645 808 719 harmoniam,
834 663 922 725 quam
938 645 1071 723 quintam
1087 643 1199 718 dicunt,
1223 652 1363 724 quartam
1386 645 1415 705 in
1440 646 1552 721 ordine,

195 731 265 813 quia
288 733 318 792 iu
342 751 380 793 ea
407 734 504 794 minor
534 734 632 812 portio
666 741 714 795 est
745 726 774 815 Ἰ,
804 752 875 813 pars
903 732 1056 812 integrae,
1090 731 1169 793 sicut
1196 731 1277 792 latus
1307 733 1448 814 trianguli
1482 736 1554 814 (quo

195 821 326 900 pyramis
350 821 458 894 utitur)
482 821 637 883 subtendit
667 816 697 904 Ἰ,
728 822 839 885 circuli.
856 824 878 896 ‘l
925 823 990 882 Hoc
1017 822 1106 900 plura
1134 820 1213 881 iufra
1241 820 1473 896 confirmabunt,
1505 822 1554 884 ubl

194 910 231 969 de
255 909 430 989 aspectibus
455 927 589 988 agemus,
614 929 690 989 quae
710 918 743 971 ut
762 911 809 971 hic
824 910 915 972 etiam
930 910 1145 989 intelligamus,
1170 907 1288 969 omnino
1309 909 1352 970 ita
1375 910 1552 988 cogitemus,

194 996 280 1079 quasi
305 997 379 1058 fides
403 999 524 1059 sitnon
550 1006 634 1060 recta
657 1000 746 1072 linea,
771 1000 824 1061 sed
848 999 986 1061 circulus
1024 997 1119 1060 Dabit
1142 995 1235 1075 igitur
1253 996 1360 1059 divisio
1379 998 1553 1060 harmoniae

194 1086 292 1147 dictae
316 1086 498 1167 triangulum
522 1085 551 1147 in
576 1106 633 1167 quo
657 1087 903 1165 angulus'lateri
934 1087 1112 1167 opponitur,
1146 1086 1236 1166 plane
1268 1094 1302 1146 ut
1334 1086 1363 1147 in
1395 1088 1553 1166 pyramide

193 1176 320 1254 angulus
343 1176 445 1255 plano.
487 1174 660 1237 Remanent
682 1174 774 1255 igitur
797 1174 873 1238 cubo
898 1182 930 1235 et
953 1175 1096 1236 octaedro
1120 1183 1232 1234 octava
1255 1181 1287 1234 et
1310 1184 1419 1253 quarta
1442 1175 1551 1251 dictae,

192 1263 284 1325 tertia
308 1270 340 1325 et
363 1263 493 1344 septima
514 1264 544 1325 iu
569 1265 682 1326 ordine.
730 1263 791 1325 Sed
821 1273 919 1325 utrum
947 1282 1048 1324 eorum
1076 1270 1175 1323 utram
1203 1261 1389 1324 harmoniam
1413 1264 1552 1325 tenebit?

191 1359 289 1413 utrum
314 1352 447 1414 dicemus
471 1352 649 1414 secundaria
672 1351 805 1431 recipere
829 1370 896 1425 eas,
928 1370 1004 1430 quae
1033 1351 1128 1412 lineas
1157 1350 1309 1425 scribant,
1339 1360 1371 1412 et
1397 1351 1550 1430 primaria,

191 1459 266 1519 qnae
291 1440 467 1519 figuras?¹)
493 1447 555 1501 tum
580 1442 655 1502 cubo
680 1439 837 1502 debebitur
855 1448 964 1519 quarta
983 1439 1074 1500 dicta.
1112 1439 1191 1500 Nam
1217 1439 1242 1500 si
1267 1458 1305 1500 ex
1327 1439 1385 1499 fide
1409 1439 1551 1502 circulum

192 1528 286 1589 iacias
310 1538 342 1590 et
365 1548 484 1591 exona
507 1535 617 1608 quarta
639 1536 753 1590 rectam
777 1547 870 1608 usque
891 1528 981 1588 aliam
997 1527 1089 1588 ducas
1104 1526 1228 1598 tamdiu,
1253 1527 1348 1588 donec
1372 1528 1400 1588 iu
1424 1528 1551 1606 primum

190 1626 333 1695 punctum
364 1618 491 1692 redeas,
523 1618 577 1678 fiet
609 1616 864 1697 quadrangulum,
899 1618 986 1695 quale
1018 1615 1140 1695 planum
1172 1614 1265 1676 etiam
1298 1615 1390 1675 cubus
1422 1616 1549 1677 obtinet.

191 1702 306 1766 Contra
330 1708 473 1768 octaedro
498 1705 658 1767 debebitur
680 1714 799 1780 octava,
825 1723 901 1785 quaa
926 1711 975 1764 est
998 1703 1137 1764 dimidiae
1162 1702 1239 1765 fidis.
1281 1702 1360 1764 Nam
1385 1702 1414 1763 iu
1439 1703 1550 1764 circulo

83 1792 95 1801 “
189 1794 296 1854 ductus
327 1795 367 1856 ad
400 1794 553 1857 dimidiam
581 1802 613 1856 et
636 1794 674 1855 ad
699 1793 777 1854 idem
800 1800 942 1872 puuctum
967 1791 1043 1853 lacit
1065 1791 1105 1852 nil
1130 1790 1186 1852 uisi
1212 1791 1331 1852 lineam.
1379 1789 1431 1852 Sic
1454 1791 1550 1852 dode-

188 1882 297 1944 caddro
321 1883 480 1945 debebitur
503 1883 583 1961 prior
606 1883 784 1963 imperfecta
807 1881 927 1962 duplex.
974 1881 1054 1942 Nam
1082 1879 1190 1941 ductus
1217 1898 1271 1961 per
1295 1876 1416 1958 quintas
1441 1888 1473 1941 et
1494 1897 1549 1958 per

188 1979 293 2032 sextas
316 1972 420 2034 circuli
444 1970 558 2033 iaciunt
581 1971 835 2051 quinquangulum
858 1976 890 2029 et
913 1968 1119 2048 sexangulum.
1165 1967 1308 2028 Restabit
1330 1967 1422 2046 igitur
1445 1967 1548 2029 icosa-

187 2060 259 2120 edro
282 2061 432 2140 posterior
455 2060 633 2139 imperfecta
656 2059 777 2137 duplex,
802 2058 872 2136 quia
896 2056 1003 2119 ductus
1026 2076 1081 2137 per
1104 2056 1179 2116 duas
1203 2055 1323 2135 quintas
1347 2056 1470 2134 repetiti
1494 2076 1547 2118 us-

140 2206 143 2211 ,
187 2168 243 2227 que
267 2149 296 2209 iu
328 2150 406 2211 idem
438 2156 580 2230 punctum
613 2147 729 2208 faciunt
760 2154 878 2208 tantum
911 2146 1061 2219 lineas')
1107 2142 1160 2206 Sic
1193 2152 1225 2205 et
1257 2144 1364 2205 ductus
1396 2162 1451 2221 per
1486 2152 1548 2206 tres

187 2245 322 2298 octavas.
370 2240 420 2300 An
445 2237 593 2299 malumus
617 2235 760 2298 octaedro
785 2244 923 2313 quartam
953 2235 1039 2307 dare,
1072 2234 1142 2314 quia
1169 2231 1196 2293 is
1224 2230 1385 2293 duodecies
1410 2241 1548 2312 quartam

186 2325 289 2387 circuli
312 2326 475 2399 subtendit,
501 2325 531 2387 irl
556 2325 634 2405 qnod
658 2320 771 2384 nullum
795 2322 875 2383 latus
900 2323 968 2385 cubi
992 2321 1091 2383 lacit?
1106 2321 1141 2394 ¹¹)
1189 2318 1240 2381 Sic
1264 2319 1447 2399 relinquetur
1471 2321 1547 2382 cubo

185 2422 303 2488 octava,
329 2415 487 2476 harmonia
508 2413 746 2493 perfectissima,
772 2420 805 2472 ut
827 2411 893 2489 ipse
916 2409 1168 2489 perfectissimum
1193 2426 1301 2488 corpus
1324 2416 1383 2469 est.
1430 2409 1546 2469 Forsan

185 2510 217 2563 et
240 2502 313 2563 illud
335 2502 562 2564 convenientius
586 2509 648 2569 est,
673 2501 841 2579 relinquere
865 2498 1022 2560 icosaedro
1047 2497 1175 2577 priorem
1195 2496 1402 2577 imperfectam
1422 2505 1548 2577 propter
1656 2500 1671 2517 ¹

184 2592 390 2669 sexangulum,
415 2591 494 2671 quod
517 2590 584 2651 basi
607 2589 776 2666 triangulae
800 2595 962 2667 cognatum
980 2587 1076 2666 magis
1092 2595 1150 2660 est,
1175 2604 1263 2666 quam
1287 2586 1544 2668 quinquangulae:

184 2678 372 2740 dodeeaedro
400 2698 473 2740 vero
504 2679 576 2740 dare
604 2677 781 2738 divisionem
810 2674 995 2737 octonariam
1022 2682 1147 2754 propter
1173 2693 1327 2735 nnmerum
1354 2675 1488 2737 cubicum
1513 2673 1543 2749 8,

183 2766 254 2847 quia
277 2768 370 2829 cubus
393 2767 582 2829 dodecaddro
605 2763 792 2843 iuscriptilis.
807 2766 836 2836 ¹)
881 2763 966 2824 Haec
990 2783 1064 2824 saue
1088 2764 1117 2824 in
1141 2762 1239 2823 medio
1264 2762 1326 2823 sita
1348 2763 1424 2837 sint,
1449 2763 1544 2823 donec

183 2873 294 2917 causas
317 2855 383 2936 quis
406 2855 563 2935 repererit.

270 2944 437 3007 Veniamus
460 2944 549 3005 modo
574 2942 834 3020 consparsas)
880 2937 923 3000 Et
951 2937 1190 3018 quandoquidem
1217 2937 1306 2999 modo
1335 2955 1373 2998 ex
1398 2934 1457 2997 lide
1481 2935 1542 2997 cir-

179 3033 279 3094 culum
303 3033 438 3108 lecimus,
464 3032 552 3093 facile
568 3039 617 3101 est
631 3030 742 3102 ridere,
768 3027 915 3107 quomodo
939 3035 1003 3088 tres
1025 3026 1180 3106 perlectae
1203 3025 1376 3088 harmoniae
1398 3023 1543 3102 pulcher·

178 3121 253 3182 rime
276 3139 343 3183 cum
366 3121 463 3183 tribus
486 3120 631 3202 perlectis
656 3116 830 3195 aspectibus
853 3116 1021 3195 comparari
1044 3115 1164 3194 possint
1183 3133 1226 3176 sc.
1246 3132 1313 3173 curu
1333 3115 1370 3184 00,
1390 3116 1434 3185 Δ,
1455 3112 1542 3186 [].¹)

157 3210 362 3291 ·lmperlecta
384 3229 456 3271 vero
479 3208 609 3289 priorB
639 3205 738 3267 mollis
767 3204 805 3265 ad
833 3221 962 3284 unguem
990 3203 1097 3264 similis
1127 3211 1176 3264 est
1204 3200 1321 3274 sextili,
1354 3200 1438 3291 cujus
1466 3201 1541 3260 haec

179 3307 265 3374 nota,
291 3306 335 3374 ak,
362 3317 507 3380 quemque
531 3295 748 3358 debilissimum
773 3312 840 3354 esse
865 3293 1027 3365 l'erunt.“)

266 3387 420 3450 Habemus
444 3404 566 3448 causam
595 3382 730 3466 (qualem
754 3381 874 3463 quidem
895 3380 1090 3442 Ptolemaeus
1119 3397 1178 3439 nou
1202 3375 1301 3451 dedit)
1319 3372 1362 3449 ll’)
1391 3393 1443 3436 cur
1469 3375 1540 3455 pla·

178 3484 267 3539 netas
291 3477 442 3538 distantes
464 3494 523 3537 uuo
547 3472 749 3554 autquinque
774 3470 868 3547 signis
892 3488 951 3531 uon
974 3475 1154 3532 censeantur
1177 3466 1207 3527 in
1229 3472 1364 3544 aspectu.
1401 3462 1480 3526 Nam
1505 3471 1540 3525 ut

177 3567 316 3638 vidimus,
340 3566 453 3628 nullam
475 3566 568 3626 talem
592 3562 631 3623 iu·
644 3560 768 3622 vocibus
792 3559 931 3640 agnoscit
947 3567 1057 3621 natura
1071 3555 1272 3621 concordiam.
1288 3556 1326 3626 ⁰⁰)
1361 3549 1438 3614 Cum
1462 3551 1540 3614 euim

178 3654 209 3716 in
233 3654 344 3717 ceteris
367 3655 474 3717 eadem
498 3653 540 3715 sit
562 3651 640 3714 ratio
664 3649 839 3712 influentiae
863 3656 895 3707 et
924 3647 1163 3717 harmoniarum,
1194 3642 1336 3705 credibile
1366 3648 1414 3702 est
1438 3649 1470 3703 et
1492 3639 1540 3703 hic

176 3761 255 3804 esse.
303 3741 408 3805 Causa
430 3743 568 3821 utrinque
591 3734 695 3820 procul
719 3737 809 3799 dubio
833 3735 940 3796 eadem
968 3743 1031 3810 est,
1063 3752 1159 3814 eaque
1188 3751 1226 3793 ex
1250 3731 1379 3810 quinquo
1403 3729 1539 3808 corpori-

177 3832 249 3893 bus:
267 3829 309 3905 dd)
337 3851 428 3912 quam
455 3831 524 3893 aliis
553 3827 753 3909 quaerendam
777 3824 923 3903 relinquo.
971 3822 1048 3885 Cum
1070 3823 1162 3901 igitur
1185 3838 1288 3879 omnes
1313 3826 1441 3897 quatuor
1465 3817 1539 3878 har·

177 3921 294 3981 mouiae
317 3929 484 3982 consonent
513 3918 576 3979 suis
604 3914 797 3996 aspectibus,
830 3921 862 3973 et
895 3930 964 3972 vero
997 3912 1094 3973 adhuc
1127 3918 1190 3970 tres
1217 3915 1336 3968 restant
1366 3906 1395 3967 in
1424 3906 1540 3968 musica

175 4008 361 4082 harmoniae,
385 4008 557 4089 suspicatus
574 4004 736 4086 aliquando
751 4021 826 4076 sum,
852 4018 910 4061 non
929 3999 1139 4078 negligendum
1163 4014 1231 4057 esse
1255 3995 1284 4055 in
1304 3992 1430 4072 judiciis
1454 3993 1539 4055 uati-

176 4100 316 4171 vitatnm,
341 4098 368 4158 si
390 4098 533 4177 planetae
557 4093 600 4156 72
624 4103 676 4155 aut
705 4088 764 4154 144
788 4096 841 4151 aut
868 4084 929 4150 135
953 4088 1097 4166 gradibus
1121 4084 1245 4157 distent,
1268 4082 1447 4162 praesertim
1471 4101 1538 4142 cum

175 4188 308 4261 rideam,
340 4206 430 4248 uuam
460 4205 499 4247 ex
526 4182 710 4265 imperfectis
733 4179 845 4241 habere
869 4195 954 4238 suum
978 4173 1197 4257 aspectum.”)
1244 4169 1392 4242 Quamvis
1416 4169 1539 4232 cuilibet

175 4277 295 4339 oculato
319 4283 521 4337 meteororum
544 4269 727 4352 speculatori
758 4269 846 4330 facile
877 4265 1013 4347 patebit,
1048 4271 1147 4326 utrum
1175 4260 1277 4341 aliqua
1305 4259 1334 4320 iu
1365 4258 1412 4320 his
1441 4258 1539 4320 tribus

174 4364 269 4427 radiis
293 4365 338 4425 vis
363 4364 449 4438 insit,
479 4381 546 4424 cum
569 4368 688 4422 ceteros
712 4366 853 4438 aspectus
877 4354 958 4416 aeris
981 4352 1163 4415 mutationes
1187 4346 1436 4411 constantissima
1459 4345 1538 4408 rati-

175 4454 264 4516 licent
287 4452 486 4532 experientia.
535 4449 655 4512 Causae
679 4447 811 4527 quidem,
837 4463 912 4526 quas
934 4440 1132 4523 probabiliter
1155 4438 1222 4518 quis
1246 4436 1364 4510 reddat,
1390 4435 1468 4514 quod
1490 4430 1536 4513 ³1„

181 4536 227 4623 Ἃ,
258 4536 290 4623 Ἰ,
318 4542 349 4603 iu
372 4541 431 4603 lide
454 4548 573 4613 sonent,
598 4538 627 4599 iu
652 4535 776 4598 zodiaco
799 4553 859 4596 non
882 4539 1052 4612 operentur,
1076 4529 1134 4590 hae
1158 4545 1226 4589 esse
1249 4521 1434 4604 possinttff)

266 4630 301 4705 l)
325 4629 492 4710 Oppositus
508 4629 603 4701 solus,
629 4626 687 4686 duo
707 4623 870 4705 quadrata,
894 4622 991 4683 trinus
1015 4638 1080 4682 cum
1104 4614 1216 4689 sextili,
1241 4612 1404 4675 absolvunt
1426 4611 1538 4691 singuli

174 4720 409 4782 semicirculum:
444 4725 478 4779 at
505 4726 568 4779 tres
592 4715 622 4777 hi
645 4708 721 4775 radii
745 4713 858 4773 nullum
881 4710 996 4772 habent
1020 4708 1132 4769 socium
1156 4703 1195 4764 ad
1218 4703 1275 4765 hoc
1298 4718 1418 4774 munus,
1450 4717 1538 4779 quem

173 4809 290 4871 musica
314 4826 372 4868 nou
396 4806 517 4886 penitus
539 4804 686 4885 repudiet.
733 4796 771 4880 2)
795 4798 916 4880 Reliqui
945 4796 1022 4859 radii
1046 4791 1195 4857 rationem
1218 4791 1332 4852 habent
1356 4787 1474 4889 facilem
1499 4805 1538 4888 ex

173 4896 340 4974 diametro,
370 4897 452 4958 latus
480 4890 711 4976 quinquanguli,
741 4895 772 4950 et
795 4886 979 4949 subtendeus
1004 4885 1061 4946 duo
1087 4884 1185 4945 latera
1213 4875 1446 4961 quinquaugnh,
1477 4881 1537 4939 trra
