3816 5834
698 361 782 414 6666
799 362 916 413 auem.
1427 362 1489 432 661

131 512 244 585 tempore
264 528 399 586 opportune
419 522 568 585 accepimus.
605 520 689 570 Trium
707 521 761 572 lece
780 537 827 588 ege
846 522 912 572 66166
941 521 1029 589 (atque
1053 524 1150 573 611666
1174 540 1223 574 neu
1241 522 1320 588 selus)
1346 526 1491 589 respondeo.
1553 538 1559 547 '

132 594 166 644 Et
184 594 288 656 primum
307 592 405 659 quidem
424 593 484 643 clar.
504 592 582 641 nostri
598 591 632 640 D.
652 593 804 658 Bereeggeri
823 595 938 647 nemine.
967 596 1008 658 qni
1030 593 1094 645 haee
1122 596 1168 645 tibi
1186 608 1230 659 per
1248 610 1288 646 me
1306 597 1407 647 rescribi
1425 598 1493 646 vult:

130 668 184 729 ipss
204 666 269 714 enim
288 665 432 729 graussime
459 663 547 727 capitis
567 662 659 714 affectu
688 660 761 727 (proh
780 664 848 713 deler
858 661 877 724 1)
901 665 1035 729 implicitus
1063 680 1113 715 non
1130 672 1222 728 petest·
1258 665 1328 717 Deus
1346 681 1394 716 sne
1410 669 1493 732 gralia

22 790 26 801 Ι
131 736 235 799 pristine
254 750 312 785 enm
330 735 409 785 reberi
427 737 566 792 restituere,
585 739 614 782 ut
632 736 721 797 coepit,
741 744 830 800 pergat
832 771 971 785 ......
1001 735 1033 785 D.
1055 735 1222 802 Gringelietns
1241 737 1347 786 6116166
1365 744 1392 787 61
1409 737 1494 789 efficia

131 820 179 856 666
196 808 363 869 promtissima
380 807 425 855 tibi
443 820 487 869 per
503 820 544 854 me
562 807 674 855 nunciari
694 807 773 868 petiit.
791 821 867 870 seque
886 820 918 857 ea
935 806 1085 865 conditione,
1104 821 1177 873 quem
1191 807 1235 871 ipsi
1249 808 1367 862 obtulisti,
1385 810 1493 862 maxime

131 892 187 927 esse
206 883 349 927 contentum
367 877 428 926 dicit
446 883 472 927 et
490 876 524 925 ed
550 882 660 927 nestrum
677 874 776 927 Pascha
793 877 848 927 Dee
868 878 965 939 volente
983 877 1098 929 Lineium
1116 893 1144 928 se
1163 879 1281 929 conferet.
1318 878 1428 929 Habebis
1446 878 1490 930 he·

131 949 222 1010 minem
241 953 269 997 61
286 963 357 1011 spere
376 948 520 1013 diligentem
540 953 565 996 et
584 946 682 996 doctum
700 949 848 1012 negotioque
867 954 916 1008 tuo,
936 950 961 999 in
980 963 1027 1012 qno
1047 949 1159 1006 66166116,
1178 964 1228 998 666
1245 949 1366 999 16611166.
1381 985 1388 999 .
1403 986 1430 999 ..

221 1054 228 1067 .
248 1055 255 1066 .
274 1054 280 1065 .
301 1019 356 1069 Hoc
374 1019 454 1077 deleo,
472 1033 512 1068 me
531 1018 655 1080 exemplar
673 1019 709 1068 tui
727 1017 882 1084 Prognostici
899 1035 949 1069 non
967 1019 1067 1070 habere.
1097 1019 1171 1075 Nem,
1190 1019 1255 1083 qued
1273 1021 1359 1069 scribis
1376 1021 1490 1072 sufficere

131 1089 201 1140 nobis
219 1090 293 1150 16166,
312 1091 377 1156 quod
395 1091 490 1144 6161611,
508 1105 558 1138 666
577 1089 679 1138 sufficit:
699 1105 747 1138 nen
767 1092 833 1139 enim
851 1093 912 1140 satis
931 1099 969 1141 est
986 1090 1044 1140 mibi
1062 1091 1138 1141 semel
1157 1098 1202 1140 tue
1214 1091 1313 1155 legisse,
1331 1093 1377 1142 sed
1389 1094 1489 1156 saepius

131 1161 257 1226 relegisse
276 1167 302 1211 et
318 1160 452 1212 identidem
471 1175 504 1211 ea
521 1168 639 1224 tanquam
658 1162 793 1225 imaginem
811 1167 881 1211 tuam
899 1162 1041 1226 inspexisse.
1070 1161 1153 1222 Quare
1171 1162 1228 1211 hnic
1247 1162 1376 1211 tabellario
1396 1169 1489 1219 nestro,

131 1232 254 1289 airolae,
283 1233 410 1296 exemplar
427 1233 486 1281 mihi
505 1230 657 1283 reddendum
675 1233 748 1293 prebe
767 1231 923 1282 convolutum
941 1232 1039 1301 medere
1057 1233 1165 1298 poteris:
1191 1247 1282 1290 ame,
1309 1234 1348 1282 ubi
1368 1232 1487 1293 attulerit,

131 1303 270 1352 mercedem
298 1306 411 1367 accipiet
431 1326 466 1337 -
485 1302 638 1368 Argentinae
667 1300 809 1352 calendarii
836 1304 872 1352 tui
897 1302 1048 1367 exemplaria
1073 1303 1157 1367 procul
1185 1302 1258 1353 dubie
1283 1304 1363 1355 multa
1388 1312 1491 1368 possent

131 1373 222 1430 rendi,
250 1374 420 1435 6166666661,
449 1381 475 1425 61
493 1380 587 1424 nostres
606 1372 748 1436 bibliopolas
765 1376 873 1436 proxime
892 1374 979 1424 luteris
996 1375 1244 1425 Franheturtensibus
1270 1375 1404 1433 nundinis,
1432 1391 1488 1426 eum

131 1444 328 1501 6666166661,
354 1450 491 1495 coementes
518 1445 569 1495 scie
597 1451 623 1492 et
642 1444 765 1507 duplicem
783 1447 861 1509 pretio
879 1446 920 1495 hic
939 1447 1094 1504 vendituros;
1122 1447 1245 1495 iseerum
1263 1459 1333 1503 mos,
1361 1452 1389 1495 ut
1406 1449 1492 1497 emnia

131 1521 177 1564 166
204 1516 297 1579 scripta
324 1517 421 1566 cariora
446 1514 628 1580 praetendant.
656 1529 701 1571 ee,
729 1516 793 1580 qued
820 1517 872 1580 ipse
898 1517 1000 1581 propriis
1021 1517 1139 1582 pleraque
1165 1516 1284 1567 sumtibus
1303 1516 1391 1572 666661
1409 1532 1489 1568 eures,

132 1584 165 1646 (E
183 1586 261 1636 literis
279 1587 303 1636 6.
323 1586 370 1636 ΙΙΙ.
390 1586 455 1637 Neu.
474 1588 550 1637 stuc
572 1582 661 1646 1617).

220 1674 332 1724 Eandem
350 1690 424 1739 qnam
449 1690 523 1739 supra
548 1675 708 1741 Bemeggero
735 1676 809 1726 refert
834 1690 952 1739 causam,
979 1691 1023 1728 eur
1050 1676 1200 1728 Celenderis
1223 1676 1377 1727 consenuere
1409 1677 1503 1729 denae

132 1757 266 1820 inceperit,
294 1754 896 1819 6666166611Κ66161661.Μ.1166116116,
920 1758 1073 1820 imperatoris
1102 1756 1226 1807 Matthiae
1256 1771 1273 1807 a
1296 1758 1411 1808 consiliis
1453 1752 1491 1805 Ut

124 1829 256 1901 primum,
278 1828 374 1898 iuquit,
395 1829 491 1899 Praga
512 1830 617 1884 demum
638 1829 705 1882 redii
728 1823 1033 1899 (66666116111617),
1055 1833 1090 1884 ad
1111 1830 1280 1884 Tabularum
1300 1837 1331 1884 et
1349 1830 1487 1902 11611666-

130 1911 218 1964 ridum
240 1925 308 1979 epus
330 1909 414 1972 redii,
437 1914 522 1980 utque
543 1920 646 1963 sumtus
670 1911 704 1963 ad
724 1910 921 1977 Ephemerides
942 1912 1055 1964 duemrn
1076 1926 1209 1964 annerum
1229 1911 1405 1980 expedirem,
1433 1911 1488 1964 sile

132 1989 325 2045 Calendarium
346 2005 405 2042 cum
426 1988 608 2060 Prognostice
638 1988 752 2058 scripsi,
785 1992 856 2061 qued
886 1991 971 2060 peulo
992 1992 1135 2045 admodum
1156 1989 1299 2044 honestius
1320 1998 1379 2055 est,
1408 2008 1489 2063 quem

131 2069 302 2127 mendicare:
325 2068 377 2122 nisi
398 2071 469 2139 quod
490 2069 529 2121 sic
549 2069 645 2124 honeri
668 2070 795 2124 Caesaris
816 2071 967 2140 percitum,
989 2070 1035 2141 qui
1056 2088 1099 2124 me
1119 2071 1147 2124 in
1169 2069 1284 2124 solidum
1305 2072 1424 2135 deserit,
1457 2078 1489 2126 ut

132 2168 183 2222 per
212 2150 298 2220 ipsius
326 2150 458 2202 mandata
485 2149 652 2213 cameratio,
684 2151 858 2220 quantumvis
880 2152 978 2229 crebre
998 2158 1028 2203 et
1049 2150 1186 2215 recentia,
1214 2150 1279 2205 mihi
1306 2151 1377 2206 lame
1398 2151 1489 2221 perire

131 2232 225 2285 liceat.
250 2259 285 2269 -··

221 2306 404 2367 Calendarum,
421 2305 485 2371 qued
504 2307 596 2369 priores
617 2306 733 2357 exhibent
751 2309 867 2373 paginae,
887 2308 919 2357 ad
937 2321 1016 2357 annes
1034 2303 1490 2363 161661161661661616666166166

132 2395 186 2431 ease
205 2380 369 2443 temporibus,
398 2392 473 2440 snpra
499 2377 620 2436 diximus,
648 2379 762 2444 idemque
789 2379 877 2442 prebat
904 2380 956 2442 ipse
983 2378 1123 2441 adspectus.
1161 2378 1217 2439 Quo
1235 2393 1292 2429 sero
1310 2380 1488 2443 1666616616·

129 2451 208 2517 gulae
235 2451 389 2512 conscriptae
412 2450 580 2512 6161661166,
608 2455 690 2499 61166
716 2451 777 2499 iorte
798 2449 974 2500 Celenderium
1000 2449 1032 2498 ad
1059 2463 1150 2498 annum
1171 2446 1238 2499 1618
1256 2451 1358 2499 seorsim
1376 2450 1490 2506 ediderit,

132 2528 269 2587 posteaque
287 2521 347 2571 11166
365 2520 506 2583 6616666611
523 2521 557 2568 1111
576 2521 610 2570 ed
628 2536 721 2571 annum
741 2518 810 2570 1611
829 2536 879 2571 666
897 2521 971 2585 plane
996 2526 1101 2570 constet.
1139 2519 1276 2586 Sequemm
1295 2520 1490 2587 Gringalleti

130 2594 236 2648 literae,
260 2593 338 2655 pridie
358 2591 412 2641 Cal.
432 2590 493 2640 Ner.
515 2588 584 2639 1617
603 2592 637 2641 ed
654 2592 790 2656 Keplerem
808 2592 899 2649 66166,
917 2594 1022 2655 priorem
1040 2592 1184 2641 confirmare
1201 2591 1314 2640 ridentur
1331 2594 1489 2643 6661661166.

225 2663 324 2712 Clarias.
344 2668 370 2711 et
386 2662 480 2711 Excell.
502 2662 552 2711 Vir.
590 2662 666 2712 Dubii
684 2663 781 2727 661666
799 2678 896 2721 sumas.
923 2663 1044 2726 quomode
1070 2663 1156 2713 literas
1175 2663 1208 2713 66
1226 2669 1251 2712 16
1270 2668 1337 2715 certe
1356 2662 1416 2713 dare
1434 2677 1490 2727 pes·

132 2737 216 2789 simus.
238 2748 295 2783 cum
314 2733 388 2782 fixam
406 2747 455 2782 nen
474 2732 568 2782 haben
586 2733 676 2783 alicubi
694 2735 836 2793 stationem,
855 2748 902 2783 nec
920 2734 1036 2791 6616666,
1055 2732 1089 2782 66
1105 2747 1178 2796 quem
1197 2746 1241 2784 eas
1253 2732 1416 2784 6661661616
1433 2733 1490 2783 mit·

133 2814 187 2855 tere
205 2804 243 2853 rel
263 2803 436 2852 commendere
455 2816 581 2866 queamus.
618 2802 753 2868 (Keplerus
780 2805 851 2854 initio
877 2800 973 2854 mensis
992 2802 1105 2853 Octobris
1122 2803 1286 2855 Retisbenem
1313 2805 1346 2854 ed
1372 2818 1492 2870 generum

134 2875 273 2937 66166166.
297 2872 354 2922 1666
372 2879 540 2937 transgressus
560 2875 642 2923 estin
660 2875 911 2940 Wilrttembergiam,
937 2873 978 2923 ubi
996 2887 1073 2939 nsque
1092 2875 1125 2924 66
1143 2874 1306 2926 Decembrem
1325 2871 1490 2936 vescebatur).

136 2943 270 2995 Consilium
288 2946 372 3008 itaquo
389 2944 503 3002 iniimus.
532 2951 561 2993 ut
580 2943 743 2996 Canstedium
760 2946 860 3011 quidem
878 2961 922 3011 per
940 2944 1033 2996 celeres
1050 2945 1193 3006 mittentur,
1221 2948 1280 2997 1666
1298 2945 1440 3012 Tubiugam
1458 2945 1491 2995 ad

135 3016 168 3067 D.
187 3013 348 3065 Maestlinum
366 3013 404 3062 sel
423 3013 456 3062 D.
476 3014 616 3064 Beseldnm.
631 3051 638 3065 .
652 3051 680 3066 ..

225 3123 232 3136 .
246 3122 253 3135 .
266 3122 271 3133 .
285 3085 369 3135 Tertio
382 3099 398 3135 6
410 3085 520 3136 61666666
532 3093 574 3135 166
588 3087 628 3136 616
640 3088 730 3139 tradidi
742 3087 895 3154 typographo
906 3085 939 3137 66
949 3087 1076 3139 duodenas
1086 3086 1295 3147 Calendarieruru,
1306 3084 1340 3136 10
1352 3087 1491 3155 ligatorum,

135 3159 226 3224 partim
244 3158 410 3217 rescissorum,
429 3158 518 3221 partim
537 3158 696 3224 integrorum,
716 3165 741 3208 et
760 3156 1018 3225 reconsignatum
1056 3158 1193 3223 Supersunt
1211 3161 1281 3211 uobis
1300 3158 1381 3211 661166
1399 3159 1493 3223 aliquot

135 3231 265 3281 duodenae
283 3228 433 3293 ligatorum,
461 3234 488 3278 et
514 3230 711 3294 sesquiduodeue
728 3231 783 3294 plns
801 3231 881 3280 minus
900 3245 949 3280 nou
969 3236 1160 3294 compactorum.
1198 3231 1300 3294 Propter
1327 3229 1490 3280 1166616666-

134 3303 227 3353 tectum
245 3315 296 3349 non
314 3300 451 3365 pergimus:
479 3300 555 3350 habui
581 3308 666 3351 minen
690 3304 744 3363 jam
762 3303 881 3367 probam,
907 3302 944 3352 rel
972 3303 1075 3352 termam
1094 3315 1177 3363 6666,
1197 3316 1261 3367 quae
1276 3304 1347 3364 jacet
1364 3314 1441 3365 nsque
1460 3301 1493 3350 66

135 3372 238 3423 chartae
257 3373 399 3421 adrentum.
428 3370 454 3420 Si
474 3373 597 3422 scivissem
615 3374 659 3421 tibi
675 3388 724 3421 nen
742 3373 817 3423 titisse
833 3375 967 3440 ingratum,
986 3371 1085 3436 Styrem
1101 3387 1141 3424 me
1154 3374 1311 3424 contulissem
1323 3370 1492 3436 procurandae

135 3444 239 3494 chartae
258 3456 344 3498 eausa.
363 3444 466 3506 quaesi
486 3444 534 3491 cito
553 3459 602 3493 nen
620 3445 742 3499 mittatur,
761 3460 852 3501 vereor.
872 3452 908 3499 ut,
926 3445 968 3494 nbi
985 3444 1095 3500 redieris,
1114 3443 1175 3494 nihil
1193 3447 1319 3509 inceptum
1331 3444 1439 3493 futurum
1451 3442 1491 3493 sit

136 3514 209 3575 Quod
222 3516 336 3579 Angusta
347 3515 445 3563 6111666
464 3514 591 3573 deliberes,
611 3514 636 3562 id
654 3514 759 3565 fortasse
772 3529 984 3578 superuacaneum
1003 3516 1057 3571 erit,
1077 3529 1131 3564 enm
1151 3516 1248 3566 1616166
1264 3516 1342 3579 pessit
1354 3512 1430 3577 Styra
1447 3512 1492 3563 ad-

133 3585 197 3635 vehi.
221 3584 314 3635 ‘Nemo
331 3590 462 3648 praeterea
480 3583 517 3633 rel
536 3583 686 3639 Celenderis
704 3585 742 3635 vel
761 3586 934 3650 premerides
953 3585 1032 3649 petiit.
1053 3607 1087 3618 -

224 3673 304 3722 Anah
322 3674 431 3735 proxime
449 3674 608 3736 sequentibus
627 3670 792 3735 (tute-ee)
812 3673 880 3723 nulle
898 3675 996 3737 scripsit
1007 3672 1130 3737 Keplerus
1142 3672 1301 3731 Celenderis,
1320 3672 1384 3738 quod
1396 3676 1491 3723 166166-

133 3752 255 3802 torbace
274 3751 457 3815 ipstnsrerbe:
487 3747 553 3800 Cum
575 3747 621 3801 24.
642 3747 707 3823 Julr
724 3747 807 3801 1626.
829 3748 955 3800 Batavus
976 3753 1140 3815 occupasset
1152 3746 1284 3809 1166166,
1306 3746 1369 3815 1666
1390 3741 1494 3812 (mater

134 3821 266 3895 Kepleri)
288 3826 314 3877 u.
329 3825 451 3896 Augusti
472 3834 537 3895 post
557 3828 584 3879 in
605 3827 758 3880 custodiam
780 3830 848 3882 date
867 3833 897 3880 et
916 3827 1000 3896 plane
1022 3829 1056 3880 ed
1078 3834 1212 3880 torturam
1233 3826 1387 3895 postulata.
1416 3825 1492 3878 Nihil

134 3913 196 3959 erat
215 3905 317 3974 petius,
340 3920 421 3975 qnam
441 3913 473 3959 ut
494 3921 512 3958 a
533 3903 570 3959 te
591 3906 754 3960 milliaribus
777 3923 979 3962 accurrerem..
997 3907 1213 3960 ..Laboratum
1233 3906 1287 3960 hee
1307 3905 1334 3957 in
1355 3923 1385 3959 re
1405 3920 1492 3975 usqne

134 3988 161 4041 16
184 3986 210 4039 4.
234 3985 303 4039 Ner.
326 3984 389 4039 anni
417 3986 501 4049 1621,
533 4003 592 4040 666
623 3987 728 4040 solenni
754 3987 859 4057 judicie
889 3994 978 4041 mater
1000 3987 1052 4039 1611
1073 4003 1090 4040 6
1111 3993 1221 4039 tortere
1240 3985 1332 4055 petita
1362 3985 1494 4039 absoluta

134 4083 203 4137 eque
226 4064 351 4119 custodis
371 4065 481 4128 emissa,
504 4081 522 4118 6
543 4084 595 4136 quo
616 4067 676 4136 ipse
697 4067 816 4138 vestigio
838 4085 892 4139 ego
912 4065 1035 4120 Lincium
1056 4066 1168 4121 recurri.
1208 4067 1325 4135 Jamque
1348 4066 1431 4119 etde
1452 4064 1492 4119 iu-

128 4145 207 4217 juria
235 4151 265 4198 et
295 4147 329 4198 de
359 4145 493 4199 sumtibus
515 4148 656 4218 agebatur
676 4147 704 4200 in
734 4148 936 4209 6666166666,
969 4163 1029 4200 666
1057 4164 1120 4201 ecce
1150 4145 1194 4201 13.
1215 4149 1283 4216 Apr.
1308 4145 1394 4202 1622.
1416 4147 1492 4200 Deus

133 4228 214 4281 linem
242 4224 317 4279 vitae
346 4225 443 4278 matris
472 4232 503 4278 et
530 4225 690 4290 1111616611,
719 4226 821 4282 aetatis
851 4244 923 4282 eune
946 4227 993 4281 et.
1035 4231 1076 4281 at
1095 4227 1140 4282 hie
1159 4244 1210 4297 per
1230 4241 1320 4280 meam
1339 4225 1494 4281 absentiam

133 4300 339 4375 spmgebater‘,
370 4320 413 4358 me
436 4312 551 4374 propter
571 4306 756 4360 temeritatem
777 4307 953 4378 Nagelienae
974 4307 1090 4361 similem
1111 4307 1180 4361 iram
1200 4306 1334 4361 meruisse
1355 4305 1492 4365 Caesaris,

133 4401 248 4454 cumque
270 4382 412 4455 ehhgerim
434 4381 620 4453 (paucissimis
642 4386 712 4439 enim
733 4402 845 4442 eausam
865 4386 957 4440 abitus
976 4387 1030 4441 mei
1044 4381 1226 4451 credideram)
1248 4392 1412 4458 magnam'a
1424 4385 1493 4437 Cec-

134 4480 197 4518 sare
227 4481 357 4517 summam
389 4464 567 4518 constitutam
589 4464 616 4518 in
638 4472 723 4535 capnt
743 4483 844 4529 meum,
872 4465 936 4536 quin
957 4466 1040 4522 etiam
1061 4467 1175 4521 flammis
1196 4465 1301 4520 tradite
1321 4463 1495 4533 exemplaris

134 4544 293 4598 Calendarii
324 4544 431 4608 omnia,
464 4547 552 4614 quod
574 4545 766 4614 1666116τί
787 4562 854 4599 666
875 4547 1017 4616 potnit,
1047 4564 1120 4601 curn
1142 4545 1242 4600 nulls
1271 4542 1493 4613 scripserim.

26 4677 29 4681 .
133 4625 203 4679 Post
223 4623 327 4677 fectum
347 4632 407 4688 est,
431 4625 565 4694 superiori
586 4624 732 4678 Decembri
753 4626 781 4680 iu
802 4625 913 4697 styria,
935 4627 1041 4681 661166
1062 4628 1097 4680 eh
1117 4624 1339 4696 prognosticum,
1361 4624 1409 4677 sed
1430 4623 1495 4693 quia

134 4707 169 4757 de
190 4703 392 4773 praecellentia
413 4706 582 4759 contendunt
603 4705 769 4775 provinciae,
792 4705 955 4783 quarumJn
977 4706 1059 4760 titulo
1079 4708 1111 4760 fit
1130 4703 1241 4769 mentio,
1263 4719 1323 4756 cum
1340 4720 1394 4775 ego
1409 4702 1493 4772 Supr-

134 4783 304 4847 Anisanarn,
326 4784 369 4837 cui
391 4784 489 4849 servio,
511 4785 742 4855 praeposuissem.
783 4786 836 4839 Hic
856 4784 957 4856 priuati
987 4786 1081 4856 aliqui,
1103 4791 1252 4855 antequam
1272 4800 1317 4836 res
1339 4784 1374 4837 ad
1395 4799 1493 4853 cerpus

136 4863 266 4919 Ordinem
287 4864 399 4931 deleta,
430 4865 629 4936 praejudicium
656 4866 708 4920 hee
734 4864 886 4937 insignies
915 4865 1021 4920 solenni
1050 4872 1114 4919 ectu
1136 4864 1300 4921 abolendum
1322 4869 1484 4918 statuerunt
