3844 5842
587 1395 1091 1500 Petemout

251 1874 338 1949 Quat
361 1879 512 1961 Keplerus
540 1883 570 1946 in
593 1884 670 1947 libro
693 1886 731 1947 de
745 1886 835 1947 Nova
848 1883 948 1949 Stella
970 1885 1054 1960 (ride
1077 1885 1149 1947 Vol.
1173 1885 1230 1959 lt)
1254 1885 1350 1949 latino
1379 1906 1518 1953 sermone

162 1963 235 2027 viris
258 1967 394 2045 eruditis,
424 1971 605 2052 quiessent
631 1972 693 2036 ista
722 1974 846 2050 lecturi,
877 1975 915 2037 de
943 1974 1111 2054 astrologia
1133 1983 1348 2054 proposuerat,
1381 1976 1411 2038 in
1442 1977 1518 2040 libro

162 2054 212 2132 qni
235 2056 371 2135 sequitur
394 2061 566 2139 germanico
589 2061 734 2127 idiomata
757 2062 892 2143 pluribus
915 2061 1048 2143 explicat
1070 2080 1138 2125 cum
1161 2061 1302 2137 eruditis,
1331 2072 1395 2127 tum
1419 2065 1518 2128 homi-

164 2140 252 2204 nibus
277 2143 431 2209 literarum
454 2149 555 2212 studio
583 2150 681 2213 minus
704 2150 837 2214 imbutis.
884 2149 972 2214 Sient
999 2151 1029 2214 in
1054 2150 1131 2214 libro
1158 2149 1294 2230 proxime
1317 2154 1519 2231 praecedente

163 2239 270 2292 contra
291 2231 450 2297 Rdslinnm
472 2256 543 2313 eos,
568 2239 619 2318 qui
641 2239 766 2302 nimium
788 2239 956 2302 tribuerent
978 2240 1173 2319 astrologiae,
1197 2239 1394 2318 refutaverat,
1419 2242 1466 2304 its
1487 2241 1519 2305 in

163 2318 221 2381 boc
248 2319 386 2385 defendit
412 2326 610 2406 astrologiam
633 2336 742 2391 contra
762 2347 829 2399 eos,
859 2328 909 2409 qui
935 2328 1055 2408 penitus
1087 2347 1155 2390 eam
1178 2336 1314 2390 evertere
1341 2330 1517 2393 studebant.

164 2403 298 2470 Causam
321 2412 530 2476 conscribendi
553 2415 643 2495 hujus
656 2416 791 2497 opusculi
813 2417 954 2498 praebuit
966 2416 1099 2496 Keplero
1119 2417 1336 2489 controversia,
1360 2427 1428 2481 orta
1441 2420 1520 2482 inter

164 2494 208 2556 Μ.
232 2496 345 2561 Melch.
371 2499 604 2580 Scbirerum,
632 2513 788 2585 pastorem
815 2503 1068 2586 Metzingensem,
1099 2513 1131 2566 et
1152 2504 1192 2567 D.
1220 2504 1299 2568 Phil.
1323 2507 1519 2581 Feselium,

165 2584 311 2648 medicum
342 2589 527 2654 Marcbionis
560 2592 720 2656 Badensis.
778 2594 915 2657 Feselius
950 2613 1028 2657 anno
1063 2588 1158 2659 1609.
1195 2592 1306 2673 publici
1339 2595 1416 2674 juris
1447 2596 1521 2658 iecit

166 2672 316 2751 libellum,
353 2678 544 2760 inscriptum:
581 2679 820 2756 „Grtlndtlicber
847 2681 973 2744 Discors
1000 2700 1059 2744 von
1092 2681 1145 2743 der
1172 2682 1351 2761 Astrologia
1381 2683 1519 2745 Judicia-

165 2761 241 2834 ria,“
270 2762 301 2824 in
333 2768 521 2846 praefatione
550 2768 625 2831 baec
653 2771 801 2832 afferens:
830 2770 1005 2849 Metzingee
1032 2789 1065 2830 se
1093 2788 1160 2830 cum
1178 2767 1328 2832 Schirero
1357 2771 1453 2832 multa
1482 2772 1520 2834 de

166 2850 357 2930 astrologicis
390 2855 648 2934 praedictionibus
676 2857 864 2937 disputasse,
896 2874 985 2937 quum
1017 2856 1069 2918 ille
1101 2856 1301 2937 astrologiam
1334 2859 1520 2935 defenderet,

166 2937 230 3016 ipse
258 2956 325 3001 eam
354 2953 559 3025 oppugnaret;
591 2945 681 3024 paulo
710 2954 781 3025 post
807 2944 957 3026 prodiisse
985 2945 1043 3007 duo
1068 2942 1210 3007 Schireri
1237 2947 1432 3025 prognostica
1455 2948 1519 3020 (an.

171 3020 264 3089 1608.
288 3036 320 3091 et
345 3027 472 3107 1609.),
495 3033 524 3095 in
549 3033 655 3114 quibus
678 3051 795 3108 omnes,
820 3034 870 3116 qni
893 3051 951 3095 non
965 3032 1086 3113 penitus
1108 3032 1222 3095 addicti
1244 3033 1307 3095 sint
1328 3035 1522 3114 astrologiae,

168 3122 309 3180 notentur
331 3119 498 3182 calumniis.
545 3122 646 3195 (llaec
670 3130 741 3183 sunt
764 3121 828 3201 ejus
850 3121 959 3183 verba:
984 3142 1020 3184 er
1040 3129 1152 3185 maer
1172 3122 1220 3184 sie
1241 3123 1411 3195 mestre,
1433 3132 1521 3206 spct-

166 3213 225 3276 tes,
247 3202 390 3282 ldsterm
409 3210 506 3292 probe
527 3230 654 3286 narras,
676 3212 773 3294 probe
791 3208 1064 3293 pbilosophorum,
1091 3210 1337 3294 wideraprecloer
1358 3211 1418 3274 der
1434 3232 1521 3275 war·

168 3293 239 3369 deit,
264 3296 456 3362 mande
478 3298 576 3374 Lerst,
606 3308 680 3383 gnte
702 3297 808 3363 albere
830 3301 976 3384 aopffen,
1009 3298 1164 3386 cyclopes,
1194 3300 1285 3363 wem
1307 3307 1337 3362 ct
1358 3300 1522 3364 mimum

166 3402 256 3446 noces
286 3385 470 3465 esame,
501 3387 616 3453 welcise
646 3389 700 3453 die
724 3387 899 3454 Orentam
923 3390 1032 3454 doces
1057 3391 1116 3452 nait
1141 3387 1348 3471 Knidscmen
1374 3390 1521 3465 naeebssr,

166 3473 341 3557 masimige,
371 3484 536 3559 granna,
569 3479 716 3542 bdrsieclse
734 3477 932 3551 capillatam,
963 3479 1017 3541 die
1046 3476 1220 3561 ghicbscm
1243 3477 1321 3539 ooo
1349 3479 1384 3541 in
1414 3480 1522 3542 seiam

168 3559 343 3627 (irenem
364 3567 530 3630 mccbtea
556 3566 620 3630 cad
641 3568 727 3630 seiae
745 3567 819 3631 Etr
839 3567 1041 3648 serapem)
1084 3567 1170 3628 Haec
1184 3565 1345 3646 opprobria
1358 3574 1466 3629 contra
1488 3586 1522 3629 se

167 3649 265 3730 ipsum
287 3651 370 3716 dicta
392 3673 462 3718 esse
483 3662 573 3736 putat
590 3654 742 3732 Feselius3
766 3665 800 3717 at
823 3655 1019 3719 concitatiore
1043 3654 1156 3733 impetu
1175 3655 1317 3735 abreptus
1337 3654 1376 3715 ad
1391 3673 1520 3734 respon·

168 3737 296 3802 deudum
318 3759 378 3804 non
402 3743 598 3824 astrologiam
622 3752 754 3819 tantum
784 3744 840 3807 sed
863 3741 1078 3806 astronomiam
1108 3742 1202 3804 etiam
1224 3760 1262 3804 ex
1284 3751 1372 3821 parte
1401 3742 1521 3823 quidem

165 3826 275 3906 rejicit.
320 3827 480 3911 Keplerns,
504 3832 627 3894 vixdum
650 3833 792 3896 absoluta
814 3831 1009 3912 responsione
1024 3831 1063 3892 ad
1076 3828 1245 3904 Rbslinum,
1268 3829 1439 3910 impavidus
1462 3831 1520 3893 irn-

165 3923 284 3996 pngnat
304 3916 382 3980 hunc
405 3926 521 4000 quoque
545 3920 702 3997 medicum,
727 3920 895 3983 concedens
919 3939 966 3993 ea,
991 3939 1067 4000 quae
1081 3936 1152 3980 vere
1175 3914 1266 3998 objici
1283 3918 1403 3998 possint
1417 3927 1519 3981 astro·

168 4004 281 4085 logias,
314 4005 439 4069 tirmiter
461 4016 568 4071 mneos
592 4029 676 4072 snam
700 4010 737 4072 de
761 4011 815 4072 illa
837 4009 1034 4082 sententiam,
1067 4007 1203 4069 refutans
1227 4025 1277 4083 ea,
1307 4026 1384 4088 quae
1407 4007 1523 4088 impru-

167 4092 287 4156 dentius
309 4095 446 4159 Feselius
469 4098 648 4178 protulisset
670 4106 778 4161 contra
800 4098 1029 4171 astronomiam,
1064 4095 1179 4176 optica‚
1208 4095 1335 4178 physica
1362 4104 1396 4159 et
1417 4104 1520 4158 astro-

168 4182 286 4244 nomica
303 4184 348 4256 (v.
373 4201 399 4245 c.
424 4186 647 4262 refractionem,
671 4194 770 4249 motus
793 4186 982 4267 planetarum
1006 4202 1125 4257 causas,
1150 4182 1309 4264 Oopernici
1330 4184 1520 4267 hypothesin,

168 4288 252 4333 usum
281 4269 548 4336 instrumentorum
576 4274 859 4349 astronomicornm)
887 4273 927 4336 ad
955 4291 1075 4335 sensum
1104 4274 1280 4353 popularem
1308 4275 1521 4354 vulgaremque

166 4360 408 4425 accommodans.
456 4360 605 4424 Thesibus
636 4359 700 4426 140
728 4370 907 4443 argumenta
933 4361 1046 4424 Feselii
1074 4361 1223 4442 Keplerns
1251 4361 1417 4423 examinat.
1463 4360 1521 4423 llic
1598 4410 1600 4413 .

166 4455 267 4512 autern
298 4448 330 4512 in
359 4449 421 4513 illis
444 4451 630 4532 argumentis
657 4451 784 4531 primum
808 4459 953 4532 posuerat
979 4449 1234 4531 imperfectionem
1263 4449 1469 4512 astronomiae
1491 4457 1523 4511 et

39 4560 45 4570 ·
166 4538 367 4619 astrologiae3
404 4540 537 4603 secundo
567 4548 745 4621 argumento
775 4541 989 4604 anctoritatem
1015 4537 1261 4619 philosophorum
1294 4538 1520 4619 appellaverat3

167 4627 259 4691 tertio
282 4626 488 4710 inquisiverat,
512 4648 570 4711 quo
589 4629 659 4710 jure
683 4629 830 4709 astrologi
853 4629 883 4692 in
906 4635 1101 4707 suaepartes
1119 4634 1243 4690 vertant
1260 4628 1353 4690 verba
1367 4628 1521 4690 literarum

166 4734 337 4797 sacrarum3
365 4726 472 4800 quarto
496 4717 707 4799 disputaverat
729 4719 767 4781 de
788 4725 899 4780 natura
919 4716 1128 4799 planetarum,
1156 4715 1350 4796 exipsorum
1373 4716 1468 4794 figura
1491 4721 1523 4776 et

165 4805 513 4974 {girzffigstoendn
537 4807 642 4890 quinto
665 4807 702 4871 de
726 4805 913 4888 experientia
935 4812 1051 4886 egerat,
1075 4824 1165 4888 quam
1188 4822 1275 4868 sunm
1297 4804 1330 4866 in
1347 4822 1435 4865 usum
1448 4819 1520 4865 ver·

236 4997 438 5053 ιηικιομιι
1154 5061 1158 5067 ,
1275 4993 1311 5049 tt
