3838 5824
728 400 811 465 eapse
828 400 934 453 lle-v.
1451 405 1514 473 129

150 555 230 616 intra
254 555 335 617 orbis
359 556 483 618 Terreni
498 557 665 627 ,ambitum
710 562 812 640 Atque
835 559 880 621 sic
904 559 1050 623 habemns
1073 562 1172 624 obiter
1195 581 1329 636 causum,
1352 584 1405 628 our
1426 575 1515 629 extra

151 642 276 705 Terram
301 652 364 706 tres
387 654 565 708 moveantur
587 647 740 725 planetae,
764 648 845 709 intra
864 648 937 709 duo:
964 667 1039 728 quae
1063 650 1089 712 si
1113 650 1211 712 minus
1233 651 1338 713 lectori
1360 655 1514 731 probatur,

150 731 274 810 cogitet,
299 732 491 795 honorarium
515 733 571 795 boc
594 754 674 810 esse,
697 755 757 796 non
771 736 976 815 praecipuum.
1010 739 1090 801 Nam
1110 738 1169 799 etei
1190 740 1373 802 nesciremus
1391 760 1515 806 eausam

150 820 189 881 ob
212 839 304 900 quam
325 839 417 900 supra
440 821 564 884 Terram
587 824 651 894 (vel
673 822 777 889 Solem
795 825 979 898 Ptolemaei)
1003 834 1067 887 tres
1091 827 1170 888 irent
1192 828 1311 900 stellas,
1336 838 1437 891 tarum
1461 850 1514 892 se-

151 908 407 987 quentia'sturent
420 928 488 971 omn
506 912 767 990 praecedentibus,
793 914 864 992 qnia
881 911 1025 975 nobisde
1050 934 1082 975 re
1106 922 1239 976 constat.
1275 917 1339 976 Neo
1358 919 1515 998 qnisquam

153 1014 283 1076 unquam
305 997 465 1071 dubitavit,
492 998 561 1079 quin
585 996 691 1075 hild
714 1001 886 1080 superiores
909 999 981 1064 sint.
1016 1002 1148 1064 Tantum
1162 1003 1236 1065 illud
1251 1011 1421 1067 teneamus:
1448 1025 1515 1069 eum

152 1096 217 1145 tres
241 1086 270 1147 in
295 1083 463 1164 Copernico
486 1087 627 1166 planetae
651 1088 714 1149 sint
736 1107 828 1167 supra
851 1089 992 1166 Terram,
1021 1099 1159 1171 oportere
1188 1110 1243 1153 nos
1267 1092 1401 1155 ordinem
1425 1095 1516 1156 trium

152 1173 359 1251 primariorum
381 1191 539 1253 corporum
561 1175 683 1245 nubum,
713 1177 884 1256 pyramide,
917 1177 1133 1241 dodecaddron'
1150 1188 1238 1240 extra
1260 1181 1364 1243 orbem
1386 1182 1515 1244 Telluris

151 1261 320 1330 ominosis,
352 1263 529 1323 sensurum
552 1282 623 1326 reru
647 1273 679 1325 et
702 1264 880 1328 icoeaedron
913 1263 1012 1341 intra,
1047 1268 1073 1329 si
1101 1267 1233 1346 palmam
1261 1267 1290 1328 in
1315 1268 1371 1331 hnc
1393 1271 1515 1348 negotio

152 1349 278 1411 velimus
301 1348 448 1411 obtinere.

744 1456 929 1468 ---—--

739 1582 860 1681 Caput
888 1582 931 1655 V.

277 1735 372 1813 Quod
394 1737 490 1798 ewen
510 1736 652 1817 primum
674 1758 855 1821 comosum,
879 1748 910 1802 et
930 1743 1015 1803 iuter
1036 1739 1209 1805 addemme
1228 1741 1386 1825 planetae.

241 1875 408 1938 Veniemus
433 1877 520 1939 modo
544 1879 583 1939 ad
608 1879 750 1958 primaria
774 1881 842 1955 tria,
869 1901 982 1960 suaque
997 1882 1125 1962 singulis
1144 1882 1247 1962 spatia
1263 1883 1440 1947 tribuamus.
1473 1882 1518 1944 Et

154 1964 248 2025 cubus
273 1965 392 2044 quidem
416 1966 454 2027 ad
478 1967 555 2027 lixas
578 1968 818 2049 appropinquare
843 1969 956 2043 debuit,
980 1971 1166 2071 primamque
1180 1972 1413 2051 proportionem,
1439 1989 1515 2050 quac

156 2052 234 2114 iuter
249 2051 413 2115 Saturnum
428 2053 581 2118 etJovem
600 2066 657 2129 est,
682 2059 886 2119 constituere:
912 2058 983 2137 quia
1006 2059 1185 2135 dignissima
1209 2059 1310 2121 mundi
1333 2077 1406 2138 pars
1429 2066 1518 2120 extra

155 2142 280 2203 Terram
303 2153 374 2204 sunt
396 2143 488 2204 lixae:
513 2153 546 2205 ut
561 2145 663 2207 circuli
684 2150 768 2225 (post
783 2150 932 2219 centrum)
956 2146 1215 2209 circumferentia:
1240 2146 1333 2209 cubus
1356 2165 1427 2209 vero
1450 2147 1516 2225 pri·

155 2250 233 2290 mum
258 2250 366 2310 corpus
390 2232 420 2292 in
444 2250 497 2294 sun
522 2233 635 2294 ordine.
676 2236 705 2307 1)
730 2233 820 2295 Solus
845 2234 924 2295 enim
947 2256 967 2296 a
989 2255 1046 2297 sua
1064 2235 1130 2297 basi
1154 2245 1327 2317 generatur,
1352 2235 1517 2297 cumreli·

155 2338 214 2399 qua
238 2329 365 2400 quatuor
388 2339 446 2380 non
470 2330 652 2399 generentur
676 2323 810 2384 faciebus
840 2324 922 2399 suis,
956 2323 1010 2386 sed
1039 2332 1092 2385 aut
1119 2332 1206 2385 secta
1228 2324 1291 2385 sint
1314 2343 1330 2383 e
1355 2323 1449 2396 cubo,
1482 2330 1517 2384 ut

155 2407 297 2487 pyramis,
322 2408 442 2487 rejectis
467 2402 707 2490 lpyramiuibus
727 2412 930 2491 rectangulis:
956 2423 1010 2473 aut
1033 2420 1132 2486 aucta,
1157 2420 1191 2473 nt
1214 2412 1433 2485 dodecaedron,
1458 2428 1516 2489 ap·

154 2494 262 2574 positis
285 2515 340 2556 sex
362 2497 548 2576 pentaddris.
595 2495 632 2569 2)
661 2497 750 2560 Solus
782 2498 810 2560 in
840 2500 1041 2580 homogeneos
1073 2500 1165 2561 cubos
1199 2499 1263 2562 sine
1292 2499 1436 2579 prismate
1465 2517 1516 2560 re-

136 2584 231 2645 ⁸solvi
256 2591 367 2663 potest.
415 2580 450 2657 3)
476 2582 566 2646 Solus
591 2594 640 2646 est
662 2606 782 2667 quaqua
812 2607 930 2649 versum
958 2597 991 2649 et
1018 2587 1048 2649 in
1071 2596 1134 2648 tres
1159 2588 1292 2650 directas
1317 2587 1518 2649 dimensiones

154 2672 326 2751 porrigitur.
371 2672 451 2734 Nam
474 2674 651 2753 reliquorum
678 2677 770 2738 facies
794 2676 919 2739 inclines
942 2684 1013 2736 sunt
1036 2685 1067 2736 et
1095 2674 1220 2750 alicubi,
1248 2693 1315 2736 enm
1340 2694 1374 2735 se
1398 2675 1515 2757 duabus

114 2826 123 2841 .
154 2760 278 2822 directis
298 2761 480 2822 sectionibus
498 2762 676 2841 praebeant,
701 2764 729 2825 iu
753 2764 868 2842 reliqua
890 2771 1039 2824 sectorem
1063 2764 1255 2825 frustrantur.
1294 2758 1330 2836 ti)
1354 2762 1433 2823 Hine
1457 2770 1516 2837 est,

156 2850 234 2928 quod
258 2849 341 2910 solus
364 2849 456 2910 babet
479 2858 527 2911 tot
550 2850 658 2919 facies,
688 2860 761 2931 quot
784 2851 876 2913 habet
898 2851 1032 2913 ternaria
1056 2850 1201 2912 dimensio
1225 2850 1386 2923 terminos,
1411 2868 1518 2929 nempe

156 2957 223 3011 sex,
250 2947 282 2998 et
306 2938 426 3017 duplum
449 2958 603 3000 numerum
627 2939 769 3013 laterum,
799 2939 917 3001 seilicet
941 2939 1106 3001 duodecim.
1154 2936 1190 3010 5)
1214 2936 1305 3000 Solus
1328 2937 1517 3019 undiquaque

155 3024 249 3087 babet
272 3027 429 3106 aequalem
453 3028 613 3105 angulum,
645 3028 763 3088 seilicet
795 3037 919 3089 rectum.
966 3028 1011 3088 At
1038 3027 1068 3087 in
1101 3027 1256 3107 pyramide
1288 3025 1410 3105 regula,
1440 3041 1518 3104 quae

156 3115 244 3175 sedet
266 3114 405 3175 adhibita
427 3116 532 3177 mediis
555 3115 667 3194 planis,
694 3116 862 3195 discrepat,
888 3115 915 3177 si
938 3134 1006 3175 eam
1028 3134 1134 3175 versus
1158 3114 1299 3195 angulum
1322 3112 1517 3192 intorqueas:

156 3222 211 3264 nec
235 3202 322 3264 solidi
349 3203 449 3281 anguli
474 3204 513 3264 nd
537 3222 604 3265 eam
627 3223 761 3267 normam
785 3205 950 3285 quadrant,
975 3222 1050 3282 quae
1075 3202 1266 3282 interjectum
1290 3202 1413 3280 longum
1436 3200 1517 3261 late-

157 3292 250 3352 ralem
273 3290 415 3370 angulum
437 3293 570 3354 metitur.
618 3288 653 3366 6)
682 3292 760 3354 Hinc
783 3292 875 3354 etiam
904 3291 961 3353 soli
988 3291 1148 3370 competit,
1179 3290 1258 3371 qnod
1287 3309 1324 3350 ex
1351 3290 1518 3367 μονοβιβλῳ

154 3379 322 3441 Ptolemaei
346 3379 423 3440 citat
446 3378 616 3459 Simplicius
640 3400 729 3460 super
752 3381 849 3443 Arist.
875 3381 926 3444 lib.
949 3380 974 3441 1.
1000 3381 1036 3440 de
1061 3377 1155 3441 Coelo
1185 3398 1250 3458 cap.
1278 3377 1306 3439 1.
1337 3394 1391 3456 pro
1425 3396 1537 3453 cansa,

155 3467 349 3548 perfectionis
373 3468 402 3528 in
428 3468 579 3530 ternario:
611 3471 690 3550 quod
717 3469 834 3531 scilicet
860 3489 919 3531 nou
947 3470 1049 3548 plures
1078 3467 1174 3529 tribus
1198 3466 1289 3529 rectis
1314 3465 1517 3549 perpendicug

156 3556 269 3619 laribus
293 3556 332 3616 ad
355 3557 452 3617 locum
482 3556 611 3618 solidum
639 3557 668 3619 iu
697 3558 811 3619 solidos
839 3568 940 3619 rectos
968 3556 1161 3618 dividendum
1184 3572 1361 3617 concurrere
1386 3553 1516 3631 possint.

156 3644 191 3718 7)
215 3643 275 3704 Est
303 3644 466 3706 solidorum
493 3645 713 3708 rectilinenrum
741 3645 871 3707 omnium
900 3644 1153 3724 simplicissimum
1176 3662 1293 3722 corpus.
1341 3639 1430 3711 Quod
1459 3640 1518 3702 etsi

156 3732 185 3794 in
209 3733 363 3814 pyramide
387 3733 562 3812 ambigitur,
588 3742 687 3796 tamen
713 3755 751 3795 ex
774 3753 809 3794 eo
835 3734 922 3795 facile
947 3733 1108 3806 evincitur,
1139 3732 1218 3813 quod
1240 3729 1406 3813 pyramidis
1431 3748 1518 3789 men-

157 3842 229 3884 sura
252 3822 345 3882 cubus
369 3829 426 3896 est,
452 3841 621 3885 mensuram
645 3833 746 3885 autem
768 3822 899 3902 priorem
922 3841 989 3881 esse
1013 3820 1163 3882 convenit.
1207 3819 1352 3880 Mensura
1375 3834 1445 3878 vero
1470 3824 1519 3877 est

157 3929 216 3972 non
239 3918 357 3971 tantum
381 3928 420 3970 ex
441 3911 581 3972 instituto
604 3908 774 3985 hominum,
803 3910 852 3990 qui
881 3908 1020 3990 quicquid
1044 3908 1207 3968 solidorum
1237 3907 1417 3979 metiuntur,
1451 3905 1517 3984 ejus
1564 3964 1573 3978 ,

157 3999 361 4079 quantitatem
385 3998 413 4059 in
438 3998 540 4077 parvis
563 3998 693 4061 cubiscis
717 3998 888 4077 concipiunt
916 3998 1032 4066 auimo,
1065 3995 1119 4057 scd
1148 3996 1242 4056 multo
1271 3995 1368 4073 magis
1397 4000 1516 4055 natura.

156 4087 272 4149 Rectus
296 4085 375 4147 enim
398 4086 525 4164 angulus
549 4088 683 4167 aequalis
708 4097 757 4149 est
779 4086 877 4167 alteri,
903 4103 1028 4165 quocum
1051 4084 1080 4145 in
1100 4083 1220 4163 planum
1240 4080 1421 4143 extenditur.
1458 4079 1519 4141 Est

156 4176 249 4256 igitur
272 4182 418 4256 perpetuo
442 4175 499 4236 sibi
524 4176 659 4256 aequalis
682 4176 753 4256 ipsi,
785 4184 875 4254 atque
900 4173 975 4234 adeo
999 4191 1088 4246 unus,
1119 4179 1283 4233 ceterorum
1307 4168 1444 4248 utrinque
1467 4166 1516 4226 in-

157 4264 233 4327 finiti
256 4271 337 4325 sunt.
384 4264 558 4326 Mansuram
582 4272 683 4327 antem
706 4265 795 4325 decet
818 4280 907 4325 unam
930 4270 962 4321 et
985 4260 1130 4333 eandem,
1162 4267 1252 4337 atque
1281 4255 1375 4318 etiam
1402 4255 1519 4317 linitam

157 4372 235 4415 esse.
284 4349 320 4424 8)
343 4351 421 4411 Hine
446 4360 508 4413 tam
533 4352 679 4415 foecunda
702 4360 751 4414 est
774 4351 848 4413 recti
870 4350 901 4411 in
925 4348 1066 4410 circulum
1089 4345 1255 4426 inscriptio,
1281 4345 1346 4407 siue
1370 4362 1426 4422 qno
1451 4362 1516 4403 rne-

157 4442 262 4503 diaute
286 4459 341 4501 nec
365 4441 547 4519 triangulum
570 4460 625 4503 nec
649 4439 901 4521 quinquangulum
925 4456 980 4498 nen
1004 4436 1042 4496 ab
1067 4435 1111 4496 eis
1136 4434 1274 4496 derivata
1296 4432 1418 4494 inscribi
1442 4448 1517 4508 pos-

157 4531 272 4603 euot¹)
312 4525 347 4600 9)
371 4526 434 4589 Sed
449 4546 545 4609 neque
561 4529 634 4591 illud
653 4528 903 4608 praetereundum
924 4525 1003 4606 quod
1029 4522 1252 4603 perfectissimo
1276 4518 1397 4581 animali
1421 4518 1517 4579 solers

157 4626 267 4681 natura
289 4636 344 4678 sex
367 4617 492 4678 easdem
516 4623 666 4690 daganus
687 4614 906 4698 perfectissime
928 4611 1076 4685 attribuit,
1102 4628 1159 4671 non
1179 4609 1304 4670 obscuro
1329 4614 1515 4686 argumento,

158 4726 247 4789 quam
270 4706 326 4767 boc
350 4722 459 4784 eorpus
482 4724 575 4785 penes
598 4706 681 4768 illam
704 4704 746 4765 sit
769 4704 799 4765 in
822 4701 928 4783 pretio.
975 4701 1056 4763 Nem
1078 4698 1166 4759 homo
1195 4696 1259 4774 ipse
1287 4694 1409 4774 quidum
1431 4691 1518 4791 qnasi

157 4795 251 4857 onbns
275 4801 341 4868 est,
372 4793 402 4855 iu
425 4812 484 4873 qno
506 4813 562 4857 sex
584 4793 670 4875 quasi
692 4792 802 4872 plagae
825 4798 914 4865 sunt,
941 4807 1070 4868 supera,
1100 4785 1214 4857 intera,
1243 4784 1363 4857 antina,
1388 4786 1517 4860 postica,

158 4884 281 4958 dextra,
306 4881 441 4943 sinistra.

227 4985 433 5039 merome
1289 4969 1305 5029 ⁰
