3838 5824
909 372 1021 437 Myrtsrli
1041 373 1242 442 commun

948 585 1069 682 Caput
1095 584 1201 660 XIII.

393 744 451 806 De
474 744 694 826 computandis
716 742 842 805 orbibus
865 742 921 821 qui
943 742 1128 823 corporibus
1154 743 1371 835 iqscribontur
1397 749 1427 804 et
1448 743 1758 807 circumscribuntur.

484 886 639 945 Hactenus
663 882 734 944 nihil
760 882 886 957 dictum,
919 882 974 943 nisi
1004 890 1209 944 consentanea
1234 882 1380 962 quaedam
1406 880 1493 959 signa
1521 893 1553 944 et
1581 883 1681 946 εἰκοτα
1705 905 1758 946 su·

396 973 492 1053 scepti
517 972 724 1035 theorematis.
762 971 966 1033 Transeamus
991 972 1078 1033 modo
1104 971 1142 1032 ad
1165 969 1341 1047 ἀποςηματα
1365 970 1480 1032 orbium
1499 973 1704 1035 astronomiae
1727 982 1760 1036 et

397 1061 671 1137 demonstrationes
700 1060 917 1140 geometricas:
954 1079 1030 1140 quae
1060 1059 1118 1121 nisi
1147 1060 1356 1133 consentiant,
1389 1059 1493 1139 procul
1522 1059 1612 1123 dnbio
1641 1080 1758 1124 omnem

393 1149 625 1229 praecedentem
650 1167 772 1228 operam
797 1147 965 1211 InserImus.
1003 1148 1137 1209 PrImum
1156 1149 1284 1209 omnium
1304 1147 1469 1223 videamus,
1494 1147 1523 1208 in
1548 1158 1664 1228 quanta
1683 1168 1757 1229 pro·

393 1238 530 1319 portione
556 1239 619 1300 sint
641 1238 730 1325 orbes
755 1236 881 1316 singulis
910 1235 957 1296 his
988 1236 1117 1316 quinque
1145 1236 1319 1315 corporibus
1344 1237 1532 1315 regularibus
1557 1238 1694 1318 inscrIpti
1718 1238 1757 1299 ad

394 1327 648 1406 circumscriptos.

482 1414 525 1476 m
547 1414 624 1476 radii
649 1413 766 1494 quidem
796 1411 861 1472 sive
890 1410 1104 1474 semidiametri
1134 1411 1425 1490 circumscrIptorunr
1456 1422 1589 1491 aequant
1611 1412 1756 1474 semidia-

394 1502 500 1582 gonios
525 1520 692 1582 corporum.
739 1502 819 1563 Nam
843 1500 901 1561 nisi
925 1518 1028 1561 omnes
1052 1500 1154 1579 anguli
1181 1500 1294 1579 figurae
1318 1500 1476 1579 tetigerint
1498 1500 1624 1561 eandem
1648 1518 1757 1580 snper-

395 1592 501 1665 ficiem,
526 1608 633 1670 corpus
658 1591 796 1670 regulare
822 1608 878 1650 non
903 1588 970 1649 erit.
1008 1587 1076 1650 BIni
1102 1596 1201 1649 autern
1225 1588 1326 1666 anguli
1346 1588 1476 1668 oppositi
1500 1596 1603 1649 mutuo
1627 1598 1659 1651 et
1682 1607 1755 1651 cen-

393 1687 473 1740 trum
495 1679 610 1762 figurae
634 1697 754 1759 semper
782 1687 853 1738 snnt
880 1676 909 1738 in
939 1676 1044 1738 eadem
1074 1675 1153 1738 linea
1181 1677 1243 1738 sive
1273 1677 1321 1738 axi
1347 1677 1437 1739 orbis.
1484 1675 1643 1757 Excipitur
1665 1696 1756 1739 unum

394 1768 581 1841 tetrabdron,
607 1767 686 1845 quod
710 1767 803 1827 habet
827 1765 961 1845 sIngulos
986 1765 1113 1843 angulos
1137 1764 1263 1844 singuiis
1287 1764 1429 1827 facierum
1454 1764 1566 1827 centris
1586 1765 1752 1846 oppositos.

482 1854 553 1917 Jam
579 1864 665 1916 recta
688 1862 870 1916 connectens
895 1861 1001 1913 centra
1023 1853 1135 1931 figurae
1159 1863 1191 1915 et
1219 1853 1301 1914 basis
1325 1862 1373 1913 est
1397 1855 1498 1916 radius
1522 1853 1586 1914 sire
1610 1853 1757 1917 semidia-

393 1952 491 2007 meter
524 1942 661 2022 inscripti
693 1962 748 2022 per
781 1942 916 2005 ultimam
950 1940 999 2002 lib.
1027 1939 1099 2004 XV.
1153 1939 1300 2020 Campani
1328 1941 1358 2003 in
1385 1941 1551 2031 Euclidem.
1572 1936 1617 2016 u)
1663 1941 1757 2005 Orbis

394 2032 473 2092 enlm
496 2031 658 2110 iosorIptus
683 2040 808 2110 tangere
839 2030 931 2091 debet
958 2029 1058 2090 omnia
1088 2039 1195 2091 centra
1226 2031 1351 2109 figurae,
1387 2039 1418 2092 et
1447 2032 1560 2111 figurae
1592 2031 1757 2110 inscriptae

396 2138 464 2183 aum
487 2119 723 2198 circumscriptis
746 2138 849 2181 omnes
872 2116 1030 2198 possident
1053 2118 1131 2178 idem
1153 2127 1299 2179 centrum.

548 2240 594 2289 m,
610 2237 644 2280 20.
871 2203 958 2277 Quod
975 2206 1100 2267 comita
1115 2207 1164 2280 sit,
1190 2205 1279 2267 facile
1293 2214 1342 2267 est
1357 2206 1468 2281 videre,
1486 2206 1655 2287 potentiam
1669 2207 1756 2280 radii,

751 2348 767 2359 .
779 2313 837 2376 quo
852 2294 979 2356 circulus
995 2293 1061 2355 basi
1076 2293 1337 2369 circumscribitur,
1353 2294 1545 2357 auferendam
1565 2295 1601 2356 de
1620 2295 1760 2375 potentia
1841 2358 1852 2370 ,

780 2383 857 2446 radii
873 2382 955 2443 orbis
969 2383 1197 2462 circumscripti,
1214 2392 1246 2444 ut
1260 2383 1380 2444 residua
1395 2383 1436 2444 sit
1449 2383 1588 2462 potentia
1600 2383 1758 2463 quaesitae

783 2472 882 2533 lineae
907 2488 959 2531 seu
984 2470 1059 2531 radii
1085 2471 1165 2532 orbis
1189 2471 1335 2551 Inscripti.
1376 2472 1410 2532 In
1435 2472 1577 2551 adjuncto
1602 2472 1758 2534 schemate

581 2597 596 2647 ο
780 2558 874 2621 HOM
890 2567 938 2620 est
952 2558 1018 2619 axis
1034 2558 1250 2640 circumscripti
1270 2559 1361 2633 orbis,
1377 2560 1471 2639 cujus,
1488 2569 1522 2621 nt
1537 2569 1569 2622 et
1582 2560 1695 2640 figurae
1709 2560 1758 2622 in-

782 2649 914 2728 scriptae
930 2665 1084 2709 commune
1100 2656 1233 2710 centrum
1249 2647 1328 2720 in,
1343 2646 1432 2709 HGL
1446 2649 1566 2729 planum
1578 2666 1667 2710 onum
1681 2650 1757 2729 tign-

781 2758 842 2813 rae,
868 2736 946 2816 quod
970 2736 1018 2797 hic
1037 2736 1078 2798 sit
1098 2738 1191 2811 basis,
1213 2737 1384 2798 Icentrum
1399 2736 1491 2810 basis,
1516 2736 1566 2798 HJ
1580 2737 1683 2800 radius
1698 2738 1758 2800 111-

781 2824 955 2904 cumscripti
978 2824 1055 2887 basi.
1091 2825 1135 2887 Et
1157 2834 1243 2887 recta
1262 2844 1298 2886 ex
1318 2834 1422 2888 centro
1443 2823 1567 2888 orbisO
1590 2827 1619 2888 in
1642 2826 1663 2888 J
1684 2845 1759 2888 oen·

750 2925 859 3016 Etrum
875 2898 997 2975 mInoris
1017 2914 1121 2976 circuli
1143 2914 1274 2976 demissa
1297 2914 1552 2992 perpendicularis
1571 2914 1631 2976 erit
1647 2915 1760 2977 circulo

783 3013 814 3066 et
838 3004 934 3064 liueae
949 3003 1009 3064 HJ.
1034 3004 1068 3063 In
1084 3003 1234 3083 triangulo
1248 3003 1339 3081 igitur
1352 3000 1431 3064 HJO
1447 3003 1574 3082 angulus
1593 3004 1633 3064 ad
1650 3003 1672 3065 J
1689 3022 1759 3066 rec·

727 3088 1762 3172 'mwffimmmmmfflfflffl

517 3170 539 3221 Β
734 3256 736 3262 1
781 3181 919 3260 potentia
933 3178 983 3238 HJ
1002 3179 1107 3241 ablata
1121 3198 1158 3240 ex
1176 3178 1236 3241 ΗΟ
1255 3180 1401 3260 potentia,
1426 3180 1568 3261 relinquit
1582 3179 1631 3242 10
1650 3190 1761 3261 poteo-

401 3273 475 3335 tiam
501 3273 669 3351 quaesitam
694 3272 746 3345 (E.
772 3270 795 3340 Ι,
820 3262 890 3340 47).
910 3260 956 3339 ⁴³)
1785 3264 1791 3271 ⁷

487 3359 565 3421 Hiar
594 3367 735 3439 apparet,
767 3364 800 3416 ut
828 3354 975 3415 habeatur
996 3351 1045 3414 JO
1076 3353 1106 3414 in
1134 3354 1271 3416 omnibns
1305 3356 1420 3435 liguris,
1460 3356 1663 3437 quaerendam
1692 3377 1761 3419 esse

398 3448 481 3527 prius
505 3447 557 3508 HJ
579 3446 694 3508 radium
713 3444 809 3505 basis.
856 3440 994 3501 liabetur
1017 3449 1118 3523 autem
1141 3451 1174 3503 et
1196 3443 1246 3504 IIJ
1270 3444 1387 3518 radIns,
1416 3445 1537 3526 cognito
1564 3447 1658 3507 latere
1682 3446 1762 3526 fign-

399 3555 465 3608 rae,
495 3535 542 3595 cui
571 3534 713 3596 clrculum
743 3528 968 3592 circumscribit.
1021 3530 1097 3591 Hioc
1128 3550 1259 3607 rursum,
1294 3541 1328 3594 ut
1355 3534 1458 3596 radius
1486 3534 1571 3596 basis
1600 3533 1760 3610 habeatur,

399 3621 600 3704 quaerendum
622 3621 706 3700 prins
730 3621 810 3681 latus
834 3616 995 3696 cujuslibet
1023 3618 1144 3697 tignrae.
1658 3644 1663 3657 ·

487 3710 638 3772 Assnmto
662 3709 753 3785 igitur
776 3707 860 3768 radio
882 3706 1099 3787 circumscripti
1124 3709 1285 3788 cujuslibet
1307 3710 1337 3771 in
1362 3710 1533 3790 quantitate
1558 3711 1641 3773 sinus
1666 3711 1762 3774 totins

403 3796 488 3862 1000
511 3799 642 3878 partium
667 3796 794 3870 (sufficit
817 3804 920 3857 nostro
943 3796 1084 3858 instituto
1109 3798 1183 3859 baec
1205 3798 1283 3860 radii
1300 3800 1491 3878 magnitudo)
1516 3799 1655 3881 potentia
1679 3799 1763 3861 late-

399 3889 440 3948 ris
464 3887 559 3949 cubiti
585 3886 685 3959 (Eucl.
711 3886 797 3959 XIII,
828 3882 881 3958 15)
906 3895 1047 3963 estpars
1074 3887 1165 3948 tertia
1188 3888 1341 3966 potentiae
1366 3889 1443 3961 axis,
1469 3900 1502 3950 ut
1524 3889 1550 3950 si
1575 3888 1642 3950 axis
1665 3888 1762 3951 habet
1841 3894 1845 3903 “

399 3973 500 4049 2000,
532 3975 611 4036 latus
636 3975 703 4036 curbi
728 3975 820 4035 lrabet
848 3970 939 4036 1155.
988 3974 1109 4036 Lateris
1137 3976 1272 4038 octatdri
1301 3978 1438 4056 potentia
1463 3974 1565 4057 (Encl.
1589 3976 1676 4052 XIII,
1706 3975 1762 4052 14)

400 4075 449 4124 est
472 4064 625 4125 dImidinm
650 4064 803 4142 potentiae
828 4062 905 4124 axis.
952 4063 1072 4124 Lateris
1088 4065 1262 4126 tetrabdrIci
1277 4066 1415 4145 potentia
1430 4078 1479 4127 est
1495 4067 1550 4139 (ib.
1570 4062 1624 4140 13)
1640 4067 1762 4147 sesqui·

399 4153 497 4214 altera
526 4172 597 4233 pars
626 4154 662 4213 de
691 4152 829 4230 potentia
861 4145 993 4223 asis.⁴¹)
1041 4152 1141 4232 Atque
1175 4152 1320 4215 hactenus
1351 4155 1415 4216 usui
1446 4156 1503 4216 fuit
1532 4173 1653 4216 aureum
1688 4153 1764 4216 illud

399 4243 554 4302 theorema
578 4241 769 4321 Pythagorae
798 4241 834 4300 de
858 4239 1003 4319 potentiis
1032 4242 1159 4301 laterum
1188 4241 1216 4302 in
1243 4244 1392 4322 triangulo
1416 4245 1601 4323 rectangulo.
1648 4243 1683 4304 In
1708 4262 1763 4304 ce-

399 4331 473 4391 teris
502 4330 617 4391 duobus
641 4330 814 4409 corporibus
844 4331 940 4390 altero
965 4330 1014 4389 1111
1043 4331 1228 4408 geometriae
1257 4332 1398 4392 thesauro
1422 4349 1497 4413 opus
1523 4341 1585 4407 est,
1615 4332 1652 4393 de
1682 4333 1765 4394 linea

399 4418 563 4479 secundnm
587 4426 751 4479 extremam
782 4426 812 4477 et
836 4417 965 4479 mediam
990 4420 1137 4479 rationem
1164 4429 1251 4482 secta
1275 4418 1375 4492 (Eucl.
1402 4420 1458 4495 VI,
1484 4416 1550 4493 30).
1599 4422 1684 4485 nam
1704 4423 1762 4482 do·

399 4505 609 4567 decatdricnm
634 4507 714 4568 latus
739 4515 786 4566 est
810 4507 906 4583 major
929 4506 1027 4585 portio
1053 4506 1156 4567 lateris
1181 4509 1275 4569 cubici
1299 4508 1377 4569 secti
1407 4509 1570 4570 secundmn
1594 4519 1764 4572 extremam

399 4604 430 4656 et
453 4595 581 4655 mediam
606 4595 752 4657 rationem
778 4594 878 4667 (Encl.
903 4594 988 4668 XIII,
1019 4594 1067 4656 17.
1084 4593 1183 4669 Con).
1229 4596 1280 4658 Sit
1303 4617 1357 4677 pro
1382 4597 1566 4659 icosabdrioo
1589 4599 1688 4660 latere
1714 4599 1763 4660 In-

399 4683 546 4744 reniendo
569 4682 696 4764 prImnm
720 4683 873 4762 quaeritur
896 4683 998 4744 radios
1022 4682 1102 4745 illins
1126 4684 1237 4759 circuli,
1263 4686 1312 4765 qni
1336 4685 1464 4767 quinque
1488 4687 1638 4748 icosaedri
1662 4688 1764 4767 tangit

399 4771 534 4851 angulos,
552 4771 601 4852 qni
616 4768 729 4832 est'AC
747 4772 775 4832 io
791 4772 902 4834 circulo
912 4772 1042 4850 stuttg.
1060 4769 1123 4846 19).
1143 4773 1219 4852 Ejus
1233 4775 1371 4852 potentia
1385 4784 1435 4835 est
1445 4774 1549 4855 quinta
1563 4794 1635 4854 pars
1652 4778 1689 4838 de
1704 4796 1763 4857 po·

400 4862 496 4925 tentia
510 4860 577 4923 axis
593 4860 694 4933 (Encl.
709 4859 796 4937 XIII,
817 4855 866 4922 16.
884 4859 970 4934 Cor.)
1004 4860 1100 4943 Igitur
1114 4862 1169 4936 (ib.
1186 4861 1206 4925 5
1222 4872 1254 4924 et
1268 4858 1304 4936 9)
1328 4863 1403 4925 radii
1418 4864 1506 4926 istius
1521 4864 1577 4927 Ab
1598 4867 1763 4929 secundum

511 2790 536 2859 d
