3878 5840
702 365 859 431 essere
875 367 1026 419 eroum·
1364 394 1371 415 .
1477 371 1540 440 rer

188 528 333 601 permeet,
357 520 436 583 alins
459 521 577 609 tardius
599 519 630 583 in
652 521 846 602 proportione
870 522 1055 589 harmonice.
1099 522 1178 589 Sunt
1201 528 1312 589 etenim
1336 528 1394 592 hae
1417 533 1553 596 rationes

188 609 371 686 variabiles,
404 629 460 672 nec
483 629 577 691 saepe
600 610 750 688 incidunt;
780 611 861 673 idem
884 612 963 675 enirn
985 613 1111 693 planeta
1132 636 1209 679 nnnc
1233 617 1360 680 celerior
1383 628 1450 696 est,
1475 642 1552 685 nunc

188 699 315 761 tardior.
363 696 426 761 Sed
452 699 528 761 haec
550 702 652 762 tamen
675 701 715 762 ab
739 701 927 780 experientia
950 703 1078 765 nondum
1103 706 1279 768 confirmata
1302 716 1382 782 sunt,
1405 711 1551 773 necdum

189 787 351 853 methodus
374 787 551 865 omnmo,
576 807 636 869 qua
658 788 828 869 hujusmodi
851 790 1023 853 harmoniae
1047 792 1276 874 investigentur.

729 877 864 940 Thesis
886 879 1001 941 XLIX.

278 965 487 1031 Vanissimum
510 965 657 1045 astrologi
679 985 803 1029 causam
825 967 914 1047 hujus
937 969 1088 1047 generalis
1112 969 1320 1050 dispositionis
1343 994 1487 1037 annorum
1514 998 1551 1039 ex

188 1057 379 1138 ingressibus
402 1054 538 1117 Solissin
551 1054 699 1131 Arietem,
725 1064 852 1135 quatuor
875 1064 1042 1136 temporum
1065 1077 1103 1120 ex
1116 1059 1219 1138 figuris
1234 1061 1447 1139 cardinalibus,
1463 1085 1549 1127 men-

188 1147 268 1211 sium
291 1164 330 1207 ex
352 1145 455 1224 figuris
475 1143 663 1205 lunationum
686 1152 808 1224 petunt:
834 1145 920 1225 quasi
944 1153 1062 1226 tempus
1085 1147 1255 1227 subjectum
1279 1150 1399 1230 aliquod
1427 1172 1548 1232 perma-

189 1253 264 1297 nens
288 1233 331 1298 sit
353 1241 389 1294 ut
411 1232 520 1306 homo,
553 1232 638 1311 cujus
669 1232 793 1313 genesin
826 1253 893 1296 cnm
926 1233 1043 1296 ratione
1072 1235 1221 1315 inspicere
1245 1240 1413 1319 possimus,
1437 1252 1468 1303 et
1491 1262 1548 1304 non

188 1324 290 1404 potius
313 1339 385 1401 pars
408 1329 541 1385 motuum
565 1322 762 1383 coelestium:
788 1323 951 1402 autquasi
976 1326 1070 1386 Terra
1093 1325 1179 1387 unico
1202 1335 1354 1389 momento
1378 1330 1417 1390 ad
1440 1350 1549 1393 novam

187 1419 339 1475 aestatem
369 1416 535 1489 reparetur.
582 1410 720 1471 Mutatur
748 1411 867 1488 quidem
890 1412 985 1474 Terra
1007 1412 1046 1475 ab
1074 1414 1248 1494 aspectibus
1271 1417 1384 1496 figurae
1407 1414 1549 1492 vernalis,

188 1502 217 1564 si
240 1519 315 1583 quos
339 1499 394 1561 illa
415 1498 526 1572 habet,
560 1498 614 1559 sed
637 1497 689 1559 illo
713 1506 832 1561 tantum
855 1499 919 1573 die3
950 1502 1101 1563 anteactis
1134 1510 1166 1563 et
1196 1505 1390 1584 sequentibus
1418 1507 1456 1568 ab
1480 1509 1549 1570 aliis

189 1598 281 1670 atque
305 1588 392 1662 aliis,
417 1585 467 1665 qui
491 1587 596 1666 quovis
620 1586 668 1649 die
692 1586 837 1651 incidunt
884 1587 947 1651 Sed
976 1590 1052 1651 nihil
1080 1590 1235 1678 indignius
1258 1602 1309 1655 est
1337 1593 1367 1655 in
1391 1594 1448 1658 hac
1471 1616 1547 1676 pene

189 1679 279 1741 unica
301 1676 487 1757 quorundam
509 1677 729 1754 astrologorum
752 1695 841 1751 cura,
868 1696 959 1756 quam
980 1679 1060 1758 quod
1083 1679 1240 1743 duodecim
1267 1682 1418 1745 domicilia
1440 1687 1546 1764 puerili

189 1767 319 1849 quadam
341 1763 521 1828 credulitate
544 1773 667 1843 praeter
690 1782 808 1827 omnem
832 1766 979 1828 rationem
1003 1767 1133 1829 solidam
1155 1776 1188 1830 et
1210 1769 1448 1851 philosophicam
1469 1774 1548 1838 inter

187 1864 307 1936 septem
329 1854 471 1934 planetas
494 1852 690 1928 distribuunt,
716 1853 952 1929 dominationes,
978 1855 1226 1937 imperiorumque
1249 1869 1475 1923 momentaneas
1498 1864 1546 1923 vi-

187 1943 380 2008 cissitudines
413 1942 499 2021 quasi
520 1942 551 2003 in
575 1941 674 2021 aliquo
697 1949 786 2004 coetu
808 1943 959 2005 hominum
982 1945 1174 2023 confingunt:
1205 1947 1282 2008 unde
1306 1948 1403 2011 omnis
1425 1952 1545 2031 magica

188 2042 221 2096 et
242 2030 428 2110 astrologica
450 2030 625 2109 superstitio
649 2038 718 2091 orta
740 2039 799 2093 est.
845 2032 959 2094 Demus
983 2033 1094 2101 alicubi
1118 2034 1406 2100 verisimilitudinem
1432 2040 1471 2101 ab
1487 2040 1544 2102 hac

187 2120 400 2186 distributione
423 2127 515 2194 stare,
540 2126 575 2180 nt
596 2118 625 2180 in
647 2116 789 2195 Saturno,
813 2121 861 2182 cui
883 2121 1035 2203 hyemalia
1058 2123 1146 2201 signa
1169 2123 1296 2185 dantur:
1322 2126 1353 2187 id
1376 2135 1479 2189 tamen
1497 2139 1546 2191 est

187 2212 226 2274 nb
249 2228 360 2273 causas
385 2207 472 2282 alias,
497 2216 530 2268 et
552 2208 657 2269 statim
680 2207 709 2267 in
736 2208 813 2279 aliis,
838 2217 872 2270 nt
894 2210 924 2271 in
947 2211 1025 2272 Jove
1050 2211 1170 2273 vanitas
1192 2214 1338 2291 proditur.
1387 2213 1449 2277 Sed
1467 2217 1545 2280 hanc

187 2316 334 2380 nugacem
356 2296 540 2376 astrologiae
563 2304 682 2375 partem
705 2297 775 2359 olim
798 2297 954 2360 Stbllerus
986 2300 1157 2378 astrologus
1186 2302 1237 2374 (ut
1257 2303 1370 2364 nullum
1394 2305 1433 2366 ab
1456 2305 1544 2369 hoste

188 2381 457 2458 Mirandulan0¹')
481 2384 688 2447 testimonium
718 2388 856 2465 petatur)
878 2386 1011 2468 physicis
1038 2387 1206 2450 rationibus
1234 2390 1352 2472 oblique
1384 2396 1543 2457 refutavit:

186 2476 374 2557 experientia
405 2492 477 2534 vero
505 2473 637 2554 quotidie
668 2475 796 2545 refutat,
831 2494 898 2537 cum
929 2476 1009 2538 intra
1040 2484 1089 2537 tot
1120 2478 1224 2539 secula
1245 2480 1296 2540 vix
1320 2480 1411 2543 ullum
1435 2485 1540 2563 aequi·

186 2565 281 2628 noctii
304 2572 418 2627 certum
442 2570 560 2644 tempus
584 2561 659 2641 ipsis
684 2563 835 2640 cognitum
865 2563 968 2638 fuerit;
1000 2573 1034 2626 ut
1060 2566 1162 2646 Tyche
1186 2562 1286 2629 Brahe
1315 2569 1543 2634 demonstravit.

185 2655 333 2734 Allegent
367 2652 483 2731 aliquot
514 2651 699 2730 superiorum
732 2670 875 2713 annornm
907 2652 1019 2731 figuras
1050 2653 1235 2729 cardinales,
1269 2667 1446 2735 comparent
1476 2679 1543 2722 cum

186 2743 357 2807 effectibus:
392 2742 449 2820 ego'
481 2739 556 2818 ipsis
589 2739 802 2801 demonstrabo
836 2740 930 2801 falsos
959 2740 1052 2801 fuisse
1084 2742 1292 2820 intempore,
1325 2764 1413 2806 veras
1442 2756 1541 2809 autem

184 2833 297 2912 figurae
320 2829 501 2893 contrarium
524 2828 596 2890 anni
613 2827 767 2907 sequentis
783 2828 981 2907 qualitatibus
996 2829 1177 2904 ostendisse,
1195 2831 1251 2893 bac
1267 2832 1384 2911 quidem
1400 2835 1542 2896 methodo

183 2936 264 2984 vana
286 2918 485 2983 examinatas.
530 2919 621 2980 Anno
645 2916 744 2979 futuro
768 2915 823 2978 Sol
845 2916 984 2979 Arietem
1012 2917 1180 2997 ingreditur
1203 2917 1255 2981 20.
1280 2920 1385 2983 Martii
1408 2921 1464 2985 sub
1487 2943 1541 2987 oc-

184 3029 289 3073 amum
312 3008 409 3082 Solis,
433 3008 548 3070 oriente
575 3006 653 3068 Jove
678 3006 707 3067 in
730 3003 844 3067 Libra:
878 3005 1025 3086 astrologi
1053 3007 1203 3086 putabunt
1230 3007 1359 3070 orituros
1385 3007 1540 3086 Geminos,

184 3117 223 3161 ex
244 3097 425 3161 Prntenicis.
470 3096 539 3159 Non
572 3103 674 3157 minen
707 3093 776 3156 hinc
808 3094 871 3156 ulla
902 3094 1051 3174 generalis
1084 3095 1264 3176 significatio
1293 3098 1400 3161 deduci
1427 3107 1540 3179 potest.

182 3188 263 3253 Nam
284 3186 404 3267 Jupiter
425 3194 534 3248 octavo
558 3183 676 3266 quidem
700 3183 816 3263 Aprilis
839 3183 919 3245 vires
943 3203 1015 3246 suas
1043 3193 1183 3258 exseret,
1212 3187 1369 3267 oppositus
1392 3186 1474 3265 Soli,
1509 3198 1543 3251 at

186 3272 238 3340 10.
265 3273 316 3339 11.
339 3273 416 3338 Maii
438 3273 589 3337 Saturnus
612 3272 656 3335 illi
678 3272 828 3348 succedet,
854 3272 925 3353 qnia
946 3274 974 3335 is
996 3292 1032 3337 eo
1056 3274 1105 3337 die
1127 3273 1192 3338 Soli
1211 3277 1380 3357 opponitur.

761 3362 892 3425 Thesis
914 3363 951 3425 L.

270 3453 330 3516 Hic
361 3459 465 3515 autem
496 3450 566 3514 illas
597 3450 869 3513 vetustissimorum
902 3459 1057 3514 auctorum
1085 3452 1230 3523 Hesiodi,
1257 3454 1366 3530 Arati,
1400 3455 1540 3535 Vergilii,

182 3542 273 3606 Plinii
297 3549 330 3607 et
352 3542 513 3603 modernas
536 3540 736 3619 agricolarum
760 3539 1037 3602 animadversiones
1062 3561 1119 3601 non
1143 3542 1255 3620 rejicio,
1281 3543 1330 3622 qui
1354 3563 1391 3606 ex
1410 3546 1541 3607 siderum

150 3622 158 3636 ”
180 3632 336 3705 exortibus
358 3630 465 3691 annuis
489 3636 521 3690 et
543 3629 647 3689 Lunae
672 3627 807 3689 faciebus
837 3640 907 3689 tnnc
931 3630 1067 3708 quando·
1084 3630 1159 3690 haec
1183 3639 1343 3694 cernuntur
1372 3634 1445 3704 (uon
1470 3652 1539 3694 vero

183 3721 280 3784 multo
302 3726 437 3797 tempore
471 3720 558 3790 ante)
582 3717 620 3778 de
652 3717 754 3779 futura
785 3717 865 3778 n'e'ris
894 3717 1038 3795 temperie
1067 3716 1293 3779 ratiocinantur.
1341 3717 1543 3782 Consideraut
1647 3714 1691 3778 .‘

180 3808 261 3872 euim
283 3807 336 3868 illa
358 3824 417 3867 non
441 3812 565 3885 propter
589 3805 736 3883 magicam
758 3804 834 3866 coeli
858 3805 1002 3884 liguram,
1036 3824 1091 3867 nec
1119 3812 1153 3865 ut
1176 3824 1300 3866 causam
1324 3807 1442 3869 futurae
1465 3827 1542 3877 cou-,

181 3894 348 3960 stitutionis
373 3895 457 3967 (nam
480 3893 549 3954 aliis
574 3893 660 3955 annis
684 3890 765 3955 aliud
789 3912 875 3954 omen
899 3893 1055 3973 capiunt),
1089 3894 1144 3955 sed
1167 3901 1200 3954 ut
1215 3890 1340 3973 'signum
1359 3895 1425 3974 jam
1448 3915 1539 3976 pree-

182 3983 278 4046 sentis
313 3991 346 4044 et
378 3981 596 4062 aliquantisper
626 3982 787 4046 duraturae
820 3982 1028 4061 dispositionis
1052 3982 1218 4046 Terrestris
1249 3982 1417 4063 generalis}
1455 3985 1540 4064 cnjus

182 4072 339 4152 periodum
362 4077 394 4132 et
417 4070 502 4149 leges
525 4070 602 4132 alias
626 4071 757 4151 ignorari
781 4071 938 4133 contendo.

752 4159 884 4221 Thesis
908 4159 960 4220 Ll.

268 4247 524 4311 Animadversum
554 4254 655 4309 nmen
685 4257 746 4324 est,
779 4249 879 4312 inesse
911 4248 1034 4309 brevem
1066 4246 1220 4309 circuitum
1257 4247 1324 4313 huic
1357 4249 1538 4329 qualitatum

180 4338 394 4402 universalium
417 4335 611 4399 successioni.
656 4338 737 4400 Nam
761 4347 792 4399 et
815 4336 919 4398 rustici
943 4336 1008 4415 (qui
1032 4335 1108 4396 banc
1132 4336 1261 4398 omniurn
1284 4337 1451 4400 rectissime
1470 4339 1538 4400 cal·

179 4428 259 4502 lent)
283 4427 334 4489 ubi
358 4432 509 4488 aestatem
533 4423 666 4487 viderint
688 4426 843 4499 fervidam,
869 4424 1029 4487 admodum
1053 4424 1181 4503 rigidam
1204 4432 1368 4505 expectant
1390 4426 1536 4507 hyemem.
1562 4438 1573 4451 “

178 4515 269 4579 Etsi
293 4534 365 4595 pars
389 4516 491 4595 aliqua
513 4512 629 4595 hyemis
653 4522 758 4594 tepore
782 4512 995 4577 connaturali
1019 4512 1178 4587 detinetur,
1204 4520 1290 4575 tanto
1314 4514 1411 4593 magis
1431 4515 1538 4577 ultima

178 4612 267 4685 parte
290 4604 385 4684 trigue
409 4610 582 4682 expectant
629 4603 679 4664 Ita
701 4603 758 4664 hoc
781 4609 930 4680 tempore,
950 4620 1023 4663 cum
1046 4600 1151 4681 hyems
1179 4601 1257 4663 acris
1286 4601 1446 4664 admodum
1469 4622 1536 4664 ma-

178 4700 246 4757 ture
269 4691 424 4773 ingruerit,
448 4702 597 4754 maturum
620 4689 831 4755 vicissimver
854 4689 922 4765 erit,
947 4689 1204 4753 consentientibus
1229 4690 1402 4770 aspectibus
1423 4691 1537 4771 pleris-

179 4798 246 4863 que,
270 4780 320 4863 qui
343 4801 378 4845 eo
401 4780 471 4843 anni
496 4788 631 4861 tempore
654 4778 798 4869 incidunt.
885 4846 888 4851 ,
