3838 5824
722 1311 1103 1387 manuumque
1130 1303 1397 1385 mcum

994 1510 1125 1534 ειν-ὠά.

469 1662 662 1740 l’ropositurn
676 1671 725 1726 est
738 1660 824 1736 milri,
841 1665 950 1737 metor,
975 1663 1032 1724 laco
1046 1658 1148 1724 libello
1161 1656 1387 1735 demonstrare,
1402 1662 1483 1742 qaod
1498 1659 1628 1724 Orestm
1641 1659 1736 1741 Opti-⁴

381 1760 456 1812 mus-
471 1750 635 1826 Maximae,
668 1752 699 1812 in
722 1752 875 1813 creatione
908 1751 1122 1829 mandibulas
1149 1751 1268 1814 mabilla
1297 1758 1330 1812 et
1359 1749 1558 1830 dispositione
1584 1751 1736 1833 coelorum

381 1836 505 1899 adolla
532 1840 661 1918 quinqua
688 1836 1160 1919 anacampseroten
1190 1839 1366 1922 Pythagora
1397 1844 1430 1899 et
1455 1837 1586 1900 Platone
1615 1838 1654 1900 ad
1679 1852 1737 1899 noo

381 1938 476 2005 usqne
499 1927 755 2001 celebratissima,
779 1927 962 2007 respexerit,
987 1935 1078 2007 atque
1101 1927 1142 1988 ad
1164 1924 1281 1989 illorum
1304 1933 1443 1988 naturam
1462 1926 1614 1988 coelorum
1628 1943 1734 1987 nnme-

381 2028 461 2088 rum,
482 2015 712 2099 proportiones,
745 2024 778 2076 et
800 2022 932 2077 ιιιιιιιι
955 2015 1103 2077 ιιιιιιιιι
1128 2007 1448 2088 mcommodareritff
1488 2013 1551 2076 Sed
1573 2021 1736 2094 numquam

382 2109 414 2162 te
437 2102 476 2164 ad
499 2116 563 2163 rem
585 2103 684 2182 ipsam
705 2103 809 2165 νιιιιιι
833 2103 948 2183 patiar,
972 2116 1042 2165 oum
1065 2103 1103 2164 de
1126 2104 1284 2165 moesicae
1307 2098 1394 2184 hujus
1421 2102 1517 2165 libelli
1544 2111 1607 2164 tura
1630 2102 1687 2163 de
1681 2118 1735 2164 ra

381 2189 464 2251 tione
487 2189 545 2251 mei
569 2191 700 2254 instituti
733 2191 835 2271 aliqua
865 2198 965 2252 tecum
996 2204 1101 2272 agam,
1136 2204 1212 2272 quae
1244 2188 1344 2254 etad
1371 2198 1453 2253 tuum
1485 2191 1672 2252 intellectum
1703 2196 1737 2251 at

380 2278 420 2339 ad
444 2292 541 2341 neam
565 2274 675 2340 lamam
692 2278 844 2360 pertlnem
868 2279 1032 2341 arbitratos
1056 2279 1150 2341 luem.

471 2364 539 2436 Quo
568 2374 703 2448 ternpore
724 2366 897 2447 Tubingae,
926 2367 1034 2430 abhinc
1064 2366 1208 2437 sexennio
1236 2362 1405 2427 clarissimo
1436 2365 1500 2426 viro
1523 2362 1566 2426 nt
1590 2364 1735 2427 Miebueli

381 2454 551 2516 Maertlint·
569 2468 691 2535 operam
715 2455 838 2530 dabam,
862 2462 963 2517 motus
985 2454 1143 2534 multipliel
1160 2453 1407 2516 incommoditate
1420 2452 1554 2515 usitatae
1571 2453 1610 2513 de
1624 2454 1735 2515 mundo

381 2542 543 2621 spirituale,
567 2544 643 2604 adeo
665 2543 837 2605 delectatus
859 2554 925 2605 sum
946 2541 1131 2622 Gopernico,
1160 2543 1246 2623 cujus
1268 2541 1319 2603 ille
1343 2541 1371 2604 iu
1395 2539 1650 2620 praelectionibus
1674 2541 1736 2603 suis

380 2628 538 2709 plut-iutro
560 2631 743 2692 ιιιιιιιοιιιιι
768 2631 917 2705 faciebat,
942 2638 1057 2693 utnon
1081 2638 1198 2693 tantam
1212 2629 1318 2693 crebro
1342 2630 1408 2708 ejus
1429 2628 1588 2708 placitaiu
1602 2628 1736 2710 physicis

381 2717 634 2797 disputationibus
658 2719 886 2781 candidatorum
900 2677 1108 2793 ιιιιιιιιιιιιιι,
1133 2717 1303 2789 sedetiam
1308 2723 1485 2779 accuratam
1499 2717 1736 2796 disputationem

381 2805 418 2866 de
442 2813 526 2868 motu
549 2806 659 2885 primo,
686 2800 763 2887 quod
779 2796 892 2868 'liarrae
905 2806 1059 2869 ιοιιιιιιιιι
1075 2800 1249 2879 aecidati),
1273 2805 1505 2867 conscriberem.
1551 2803 1712 2885 iainque
1703 2823 1733 2865 ru

381 2911 416 2955 ec
440 2913 536 2969 eram,
567 2904 601 2956 ut
623 2895 720 2956 eidem
744 2893 837 2956 etiam
860 2894 973 2956 Telluri
996 2896 1111 2956 ιιοιιιι
1131 2888 1272 2956 totamm
1282 2897 1324 2967 ),
1348 2901 1382 2955 ιιι
1406 2888 1592 2971 ῦοριιιιιιι
1614 2891 1733 2954 mathe-

381 2981 516 3057 maticis,
550 2982 594 3043 ιιι
623 2998 680 3063 ego
709 2980 858 3064 physicis,
889 2990 945 3043 sed
966 2981 1078 3055 mavis,
1107 2976 1321 3062 metaphysicis
1348 2979 1516 3042 rationibus
1543 2979 1734 3041 ascriberem

380 3069 514 3149 Atque'
506 3086 535 3130 ιι
559 3071 639 3134 huuc
659 3082 744 3132 uentu
766 3069 878 3149 partim
900 3081 939 3131 eto
959 3084 1013 3131 ore
1027 3028 1199 3141 Miestlini,
1221 3066 1334 3148 partim
1356 3086 1423 3129 meo
1437 3068 1554 3139 Marte,
1577 3085 1651 3146 quas
1671 3064 1735 3129 Co

380 3144 555 3237 petulcus
542 3174 572 3218 ru
597 3158 724 3220 mathesi
746 3168 820 3236 prae
844 3152 1019 3219 Ptolemaeo
1042 3157 1136 3219 habet
1157 3156 1403 3230 commoditates,
1435 3155 1583 3235 paulatim
1606 3154 1734 3234 collegi:

380 3262 439 3324 quc
466 3245 569 3307 latore
604 3264 651 3308 rue
681 3240 769 3307 tacite
800 3245 930 3307 liberere
955 3245 1107 3324 potuisset
1136 3242 1312 3306 ronchinus
1339 3243 1501 3315 Rheticus,
1536 3242 1586 3323 qui
1618 3241 1738 3322 singula

378 3331 510 3394 breviter
542 3340 574 3395 et
599 3333 757 3414 perspicue
788 3333 885 3412 prima
912 3352 968 3394 sua
989 3329 1172 3394 Narratione
1200 3338 1378 3411 persecutus
1408 3340 1467 3393 est.
1516 3333 1637 3393 Interea
1666 3331 1735 3391 dum

378 3419 452 3481 illud
466 3440 572 3482 saxum
587 3422 685 3495 volvo,
701 3420 755 3483 sed
769 3436 933 3501 ocpapyer,
948 3438 1035 3481 secus
1050 3418 1249 3499 theologiam:
1274 3419 1428 3481 commode
1445 3418 1568 3493 accidit,
1583 3425 1618 3479 ιι
1633 3416 1735 3479 Grae·

379 3507 454 3569 tium
481 3508 630 3585 venirem,
664 3516 755 3588 atque
784 3507 824 3569 ibi
849 3506 982 3587 Georgia
1006 3505 1168 3588 Stadiop
1191 3527 1230 3569 m.
1245 3502 1289 3582 ²⁸)
1318 3506 1525 3569 succederem:
1567 3505 1617 3567 ubi
1646 3503 1737 3567 officii

381 3594 461 3656 ratio
494 3615 542 3657 me
575 3596 688 3659 arctius
716 3595 764 3657 bis
796 3592 905 3657 studiis
937 3595 1108 3658 obstrinxit
1158 3595 1245 3658 Ibi'
1236 3615 1266 3659 ιι
1294 3594 1494 3674 explicatione
1525 3593 1736 3673 principiorum

381 3684 583 3746 astronomiae
606 3702 715 3762 magno
739 3682 810 3744 mihi
833 3682 899 3744 usui
923 3682 1043 3745 inerunt
1066 3682 1167 3747 omnia
1188 3682 1257 3758 illa,
1286 3702 1362 3763 quae
1389 3689 1481 3744 autea
1501 3682 1551 3742 vel
1574 3702 1594 3743 a
1616 3682 1736 3742 Maest-

380 3770 441 3831 liuc
465 3773 653 3848 audiveram,
678 3771 749 3832 vel'
740 3790 807 3851 lpse
831 3771 1055 3835 affectaveram.
1102 3772 1204 3850 Atque
1217 3771 1295 3833 utin
1311 3770 1441 3850 Virgilio
1465 3770 1546 3831 fama
1564 3760 1736 3830 mobilitate

379 3857 464 3959 riget
486 3860 624 3939 viresque
647 3860 775 3940 acquirit
798 3859 912 3920 eundo:
942 3859 986 3920 sic
1009 3859 1083 3922 mibi
1105 3859 1211 3919 harum
1233 3877 1333 3920 rerum
1356 3858 1486 3938 diligens
1509 3855 1656 3937 cogitatio
1679 3873 1734 3919 co·

380 3944 537 4025 gitaticuis
572 3947 724 4010 ulterioris
757 3965 850 4010 causa
878 3945 945 4008 fuit.
1000 3947 1105 4009 Donec
1141 3946 1265 4007 taudem
1293 3964 1372 4007 auno
1407 3941 1505 4019 1595,
1540 3962 1606 4005 cum
1643 3943 1737 4005 otium

382 4033 597 4097 alecticuibua
621 4053 759 4114 cuperem
782 4035 858 4096 bene
882 4041 914 4096 et
937 4053 975 4095 ex
997 4034 1087 4097 officii
1110 4032 1226 4094 ratione
1251 4032 1440 4113 transigere,
1470 4039 1535 4094 tcto
1564 4030 1655 4092 animi
1678 4029 1736 4092 im·

381 4120 486 4199 petu
478 4140 507 4182 ιι
530 4122 608 4183 hanc
630 4122 788 4184 materiam
811 4121 941 4184 incubui.

471 4208 511 4269 Et
530 4210 590 4270 tna
602 4208 790 4287 potissimum
807 4215 909 4284 erant,
934 4226 1057 4289 quorum
1072 4225 1128 4287 ego
1142 4225 1266 4281 causas,
1291 4222 1343 4269 cur
1358 4206 1416 4281 ita,
1441 4224 1499 4266 nen
1515 4204 1605 4267 aliter
1623 4211 1737 4279 esseut,

382 4293 578 4372 pertinaciter
601 4295 795 4375 quaerebam,
829 4315 1009 4368 uumerus,
1034 4294 1233 4375 quantitas
1257 4300 1290 4355 et
1312 4301 1431 4356 motus
1456 4293 1579 4355 orbium
1621 4293 1664 4355 Ut
1682 4293 1739 4354 boc

337 4380 344 4475 ξ
383 4379 525 4444 auderem
560 4384 660 4446 effecit
696 4384 749 4446 illa
784 4384 910 4464 pulchra
946 4382 1163 4464 quiescentium
1198 4381 1367 4457 hannonia,
1410 4380 1536 4455 Solis,
1547 4381 1673 4442 lixarum
1708 4388 1740 4442 et

336 4478 354 4501 ⁴·
383 4469 552 4532 intermedii
594 4490 661 4532 cum
698 4471 763 4534 Deo
800 4472 911 4545 Patre,
957 4480 989 4532 et
1028 4470 1105 4532 Filio
1146 4476 1178 4531 et
1213 4469 1247 4532 S
1286 4468 1421 4549 Spiritu·
1468 4486 1556 4570 quam
1596 4467 1740 4530 similitu·

384 4555 482 4617 dinem
519 4576 575 4660 ego
612 4557 641 4618 in
675 4559 905 4638 cosmographia
941 4576 1105 4638 persequar
1144 4558 1282 4636 amplius
1293 4556 1320 4631 ιι)
1367 4556 1442 4620 Cum
1479 4555 1571 4635 igitur
1602 4555 1647 4616 ita
1682 4554 1739 4616 ba-

340 4723 344 4727 *
384 4643 491 4705 berent
513 4644 713 4726 quiescentia,
748 4665 807 4707 non
835 4645 1009 4708 dubitabam
1038 4645 1074 4707 de
1103 4643 1277 4719 mobilibus,
1313 4644 1383 4725 quin
1408 4662 1442 4705 se
1470 4641 1644 4727 praebitura
1667 4641 1739 4704 siut.

384 4728 475 4792 Initio
497 4752 561 4794 rem
583 4732 715 4793 numeris
737 4750 901 4811 aggressus
924 4751 1006 4806 sum,
1039 4740 1071 4794 et
1097 4724 1300 4806 consideravi,
1333 4739 1433 4794 utrum
1460 4749 1536 4792 uuus
1559 4729 1641 4791 orbis
1664 4728 1741 4792 alim

385 4816 544 4896 duplum,
559 4818 699 4897 triplum,
744 4819 958 4900 quadruplum,
996 4826 1050 4880 aut
1085 4818 1156 4901 quid
1193 4819 1317 4881 taudem
1352 4818 1498 4881 baberet:
1540 4823 1741 4903 quantumque
