3838 5824
803 348 885 416 cmc
902 350 922 400 1.

185 512 383 576 ιιιιιιιιιιιιιιις
416 512 585 584 Copornicns
608 512 680 567 idem
702 502 835 583 praestat
864 530 916 584 per
938 512 1143 571 aberrationem
1168 513 1352 570 restitutionis
1383 514 1500 587 epicycli
1528 533 1547 571 a

185 592 363 648 restitutione
379 592 553 659 concentrici,
578 610 638 648 cum
657 592 695 646 sit
714 601 833 664 utraque
853 610 948 647 annua
962 595 1028 648 fere.
1071 594 1252 649 verisimilius
1271 602 1365 650 autem
1379 602 1430 661 est,
1455 603 1546 651 motus

185 674 249 728 illos
271 675 368 727 tardos
389 691 426 728 ex
450 673 627 728 &erratione
641 689 703 726 esse
727 690 808 743 quam
830 691 868 727 ex
881 679 957 729 motu
977 673 1107 744 positivo.
1148 676 1316 729 Praesertim
1340 692 1400 730 curm
1421 676 1546 747 epicyclo

184 760 273 808 motus
296 769 405 808 annuus
428 759 536 808 tantum
558 758 687 824 respectu
709 753 856 808 eccentrici
878 754 921 807 sui
944 753 1021 819 insit,
1046 772 1065 810 ι
1085 772 1139 826 quo
1161 755 1326 810 circumacto
1347 755 1490 826 epicyclus
1513 775 1544 811 se

183 832 289 887 evolsit
301 834 330 887 in
342 834 460 904 plagam
472 833 648 896 contrariam,
672 838 703 886 at
716 841 845 904 respectu
859 834 977 889 harum
991 834 1091 905 quietis
1107 835 1198 906 potius
1213 835 1333 905 speciem
1352 852 1422 906 prae
1436 854 1466 890 se
1480 836 1545 900 fert,

184 914 250 985 quia
271 912 301 967 in
321 913 375 967 bac
390 913 548 967 evolutione
569 913 609 977 tlt,
634 918 667 967 ut
680 915 794 967 eaedem
807 912 926 984 epicyoli
949 921 1045 984 partes
1064 914 1160 969 iisdem
1181 916 1299 971 fixarum
1319 916 1414 987 plagis
1438 933 1547 986 semper

184 996 379 1057 obvertuntur,
407 992 459 1046 nisi
481 994 644 1063 quantulum
667 993 763 1047 turbat
786 993 936 1049 aberratio.
986 995 1049 1065 Ego
1073 1012 1138 1049 vero
1163 995 1190 1049 in
1213 995 1421 1050 Commentariis
1446 996 1545 1051 Martis
1617 1008 1636 1035 ⁰

81 1114 85 1123 .
184 1082 214 1127 et
235 1074 263 1126 in
276 1072 354 1142 Epit.
373 1076 453 1127 Astr.
474 1073 545 1126 libro
559 1074 606 1127 1v.
630 1088 741 1127 causam
763 1075 843 1128 trado
866 1073 1011 1145 physicam
1032 1082 1089 1130 tem
1112 1074 1327 1129 ecoentricitatis
1349 1092 1430 1146 quam
1455 1084 1546 1131 trans·

184 1152 329 1225 positionis
343 1168 542 1224 apogaeornm,
566 1169 639 1223 qnae
652 1169 740 1207 cansa
762 1153 848 1207 insita
860 1161 905 1208 est
923 1153 952 1208 in
970 1155 1046 1209 tibris
1061 1154 1183 1225 corporis
1208 1157 1349 1225 planetae,
1374 1174 1426 1213 neo
1439 1156 1546 1228 indiget

185 1234 229 1287 rel
243 1232 432 1287 deterentibus
446 1233 491 1285 vel
506 1231 647 1303 epicyolis.
690 1233 743 1288 Sed
767 1234 819 1287 hoc
841 1235 999 1298 membrum,
1024 1235 1116 1290 Solem
1139 1234 1227 1305 ipsum
1252 1229 1317 1303 (seu
1331 1231 1455 1301 Terram)
1479 1235 1545 1290 atti·

63 1377 68 1390 ι
185 1332 261 1375 nens,
285 1312 416 1383 intellige
437 1312 529 1366 obiter
542 1314 643 1367 saltem
663 1313 846 1376 inculcatum
868 1320 900 1369 ut
913 1331 951 1367 ex
965 1332 998 1367 eo
1017 1314 1077 1385 jam
1093 1316 1263 1379 ostendatur,
1289 1315 1352 1385 qnid
1371 1333 1408 1369 ex
1423 1314 1546 1389 apogaei
1600 1341 1610 1351 κ

184 1394 257 1449 Solis
278 1391 492 1462 transpositione
512 1393 648 1447 redundet
667 1394 696 1446 in
716 1394 848 1462 planetas
868 1401 986 1449 ceteros.

266 1467 298 1541 n)
318 1474 398 1526 Haeo
411 1471 573 1526 dilucidiora
585 1474 655 1526 dunt
667 1488 719 1542 per
732 1472 861 1527 intuitum
873 1474 922 1545 ug.
938 1473 976 1529 23
991 1482 1021 1528 et
1034 1474 1081 1528 24.
1123 1475 1176 1528 Est
1196 1474 1303 1545 quidem
1322 1474 1376 1528 hoc
1390 1474 1545 1540 vaticinari,

186 1553 277 1607 dicere
291 1552 355 1623 quid
377 1558 443 1621 post
460 1552 550 1606 multa
570 1552 667 1607 secula
683 1552 722 1606 sit
739 1552 874 1616 futurum
897 1570 957 1617 cum
978 1553 1032 1610 iste
1049 1556 1194 1624 serupulus
1214 1554 1248 1607 de
1270 1554 1412 1625 praesenti
1428 1558 1546 1610 nondum

185 1639 289 1705 urgeat
302 1631 498 1687 astronomiam
510 1639 642 1686 veterem
683 1632 736 1686 Sed
746 1633 787 1687 sic
799 1640 988 1703 comparatum
1003 1641 1048 1688 est
1065 1651 1125 1689 cum
1146 1635 1361 1689 transsnmtione
1381 1635 1546 1704 placitorum

120 1733 129 1748 ·
186 1711 340 1769 Ptolemaei
353 1710 563 1782 particularium
577 1712 605 1765 in
619 1712 788 1783 hypothesin
803 1713 954 1783 Copernici,
976 1720 1077 1768 utnon
1100 1713 1224 1785 potuerit
1243 1730 1262 1768 a
1275 1730 1317 1768 me
1332 1715 1421 1769 omitti
1443 1716 1547 1771 mentio

186 1795 249 1848 ista
291 1794 362 1847 Nam
384 1792 467 1845 etiarn
482 1792 650 1862 Cepernicus
670 1791 891 1847 eccentricitates
913 1794 1032 1865 quinque
1054 1795 1230 1863 planetarum
1248 1795 1421 1865 computavit
1437 1797 1516 1851 velut
1529 1812 1548 1849 a

187 1880 282 1928 oentm
302 1872 377 1927 orbis
399 1871 507 1944 magni:
539 1871 618 1943 quasi
647 1872 716 1926 illud
740 1870 806 1938 (non
832 1890 898 1926 vero
922 1874 1011 1944 ipsum
1034 1873 1106 1929 Solis
1136 1881 1259 1943 centrqm
1283 1872 1486 1941 vicinissimnm)
1510 1875 1548 1929 sit

184 1953 308 2026 genuina
320 1953 397 2008 basia
411 1953 572 2024 systematis
593 1952 754 2022 planetarii,
797 1952 852 2008 Per
876 1953 927 2007 bos
941 1971 1007 2008 vero
1022 1954 1060 2009 25
1076 1971 1172 2018 annos,
1197 1972 1235 2008 ex
1249 1972 1303 2026 quo
1326 1954 1452 2009 libellum
1473 1958 1548 2010 hunc

187 2034 265 2098 edidi,
290 2034 330 2087 sio
342 2038 387 2086 est
402 2048 420 2086 a
433 2049 476 2087 me
498 2033 651 2087 constituta
668 2031 846 2095 astronomia,
871 2039 903 2087 ut
921 2034 1143 2089 ecoentricitates
1158 2051 1251 2089 omnes
1264 2030 1469 2104 (primariorum
1483 2034 1546 2105 pla·

186 2110 325 2180 netarum)
349 2115 384 2167 ad
407 2112 572 2183 ipsissimum
590 2112 663 2168 Solis
686 2119 809 2167 centrum
833 2130 885 2166 ceu
907 2131 1000 2170 reram
1021 2115 1112 2169 mundi
1135 2114 1215 2170 basin
1239 2115 1405 2170 referantur.
1448 2117 1547 2186 ltaque

186 2211 298 2250 manere
318 2199 437 2263 possunt
456 2192 678 2247 eceentricitates
701 2193 878 2262 planetarum
893 2194 1019 2259 omnium,
1044 2211 1281 2266 quorsumcunque
1301 2213 1331 2249 se
1345 2194 1464 2265 recipiat
1477 2211 1545 2266 apo·

184 2291 287 2347 gaeum
309 2272 391 2328 Solis.
433 2272 533 2325 Vide
525 2291 553 2326 sn
576 2272 752 2327 Martialibus
767 2273 975 2328 Commentariis
1000 2282 1108 2345 partem
1131 2275 1248 2346 primam
1270 2277 1303 2328 de
1327 2274 1547 2346 aequipollentia

186 2354 393 2425 hypothesium,
416 2352 578 2424 praesertim
602 2354 695 2422 Caput
717 2354 764 2407 Vl.

265 2430 294 2499 o)
316 2435 395 2487 Haec
418 2451 455 2487 ex
475 2432 690 2486 admonitione
683 2432 768 2502 ipsius
784 2433 926 2504 Coperuici
950 2433 1121 2504 conscripta
1141 2441 1213 2489 sunt
1255 2435 1294 2489 Ει
1314 2452 1410 2489 verum
1426 2442 1479 2499 est,
1500 2435 1547 2506 qui

185 2520 308 2569 centrum
332 2511 406 2567 orbis
421 2512 494 2567 Solis
516 2530 534 2566 a
548 2513 660 2567 Tellure
676 2512 733 2579 (vel
747 2513 866 2567 Telluris
889 2509 1000 2582 aSole)
1024 2514 1135 2568 nimium
1158 2515 1286 2577 dimovet,
1310 2523 1342 2568 ut
1365 2515 1463 2569 fecisse
1483 2533 1547 2570 oon·

186 2596 270 2649 tendo
282 2594 473 2648 Ptolemaeum
498 2600 528 2647 et
541 2592 773 2663 Hipparchum,'
765 2610 788 2648 rs
812 2594 834 2646 si
857 2594 1035 2663 planetarum
1048 2594 1270 2649 eccentricitates
1290 2597 1324 2649 ad
1346 2596 1398 2648 hoe
1417 2601 1546 2666 punctum

184 2675 280 2738 refert,
304 2673 384 2751 alias·
401 2673 434 2726 iis
448 2673 624 2743 quantitates
647 2672 787 2745 largiatur
808 2691 922 2729 neeesse
945 2681 999 2737 est,
1023 2689 1106 2746 quam
1129 2675 1175 2745 qui
1197 2674 1278 2728 hodie
1297 2674 1370 2729 Solis
1388 2675 1547 2729 eccentrioi·

187 2762 275 2809 tatem
287 2755 462 2809 emendatam
476 2755 575 2808 habet.
618 2754 694 2807 Atei
719 2752 940 2808 eecentricitates
960 2760 1153 2824 computentur
1172 2754 1208 2807 ab
1227 2754 1287 2823 ipso
1301 2760 1396 2809 centro
1410 2754 1492 2819 Solis,
1514 2762 1549 2811 nt

185 2852 240 2907 ego
255 2834 335 2897 facio,
361 2833 507 2888 tuncnihil
532 2833 597 2889 illas
622 2833 726 2887 attinet
747 2834 818 2887 haec
841 2834 957 2888 mutatio
979 2834 1192 2888 eccentricitatis
1207 2833 1279 2887 Solis
1299 2850 1348 2886 seu
1363 2835 1474 2898 Terrae,
1498 2851 1548 2889 seu

185 2931 253 2969 vera
276 2913 385 2976 illusit,
409 2919 442 2967 nt
463 2913 579 2967 credidit
593 2912 768 2982 Copernicus‚
792 2929 850 2975 seu,
874 2920 907 2967 ut
928 2930 992 2984 ego,
1017 2914 1091 2967 falsa
1113 2919 1143 2967 et
1166 2913 1346 2982 persuasione
1374 2916 1448 2969 nuda
1470 2914 1547 2968 nixa.

185 2994 292 3064 inspice
316 3009 401 3063 super
414 2993 468 3047 hac
482 3010 511 3047 re
531 2993 579 3064 dg.
596 2992 633 3046 23
655 2998 684 3046 et
698 2991 746 3047 24.
762 2999 792 3046 et
805 2992 990 3047 narrationem
1005 2993 1123 3055 Rhetioi‚
1148 2998 1179 3046 ut
1200 3000 1229 3046 et
1243 2992 1414 3047 Martialium
1427 3010 1548 3048 meorum

187 3080 274 3144 caput
292 3072 427 3127 ultimum.

264 3149 297 3223 p)
322 3151 517 3245 Imaginationi
531 3152 595 3206 huic
618 3167 715 3206 ansam
740 3151 871 3221 praebuit
885 3100 1068 3222 Cepernicus,
1097 3167 1146 3204 seu
1174 3151 1278 3205 servire
1306 3151 1426 3205 voluerit
1440 3152 1544 3222 captui,

187 3234 244 3288 sire
267 3249 368 3287 revera
391 3232 500 3303 etipse
524 3232 649 3286 haeserit
671 3232 699 3285 in
717 3231 976 3301 perplexitatem,
1002 3247 1073 3303 quae
1089 3231 1276 3287 schematibus
1299 3231 1392 3301 planis
1406 3232 1548 3286 sublevari

187 3313 290 3384 nequit,
313 3312 407 3366 solidis
430 3319 527 3382 posset
549 3312 665 3382 quidem,
690 3314 737 3365 sed
763 3312 814 3365 illa
837 3311 995 3366 difficillime
1010 3310 1192 3382 apparantur.
1233 3311 1304 3366 Utnt
1326 3327 1415 3367 seres
1434 3313 1547 3375 babeat,

187 3400 276 3447 motus
299 3393 353 3446 iste
373 3407 473 3447 revera
495 3398 585 3447 motus
608 3410 662 3447 non
686 3398 737 3455 est,
763 3392 840 3462 quies
862 3392 955 3461 potius
971 3393 1099 3446 dicenda:
1125 3410 1176 3446 nec
1197 3392 1296 3446 melius
1319 3392 1379 3446 ulla
1398 3409 1431 3465 re
1454 3399 1549 3463 potest

187 3472 396 3543 repraesentari
419 3489 502 3543 quam
524 3472 664 3541 ipsissima
686 3488 738 3527 sua
760 3488 847 3527 causa
868 3473 1000 3542 physica,
1025 3489 1097 3543 quae
1111 3491 1149 3526 ex
1163 3472 1341 3526 Martialibus
1362 3478 1392 3526 et
1405 3472 1549 3542 Epitomes

186 3556 263 3607 Aetr.
285 3553 333 3607 lib.
360 3553 383 3607 1.
404 3554 439 3607 Il.
461 3553 508 3606 lll.
531 3559 561 3605 et
575 3553 621 3607 Vl.
637 3559 682 3606 est
699 3551 764 3606 ista.
806 3554 910 3606 Terrae
931 3554 1034 3624 globus
1057 3555 1120 3607 dum
1144 3569 1236 3607 annuo
1259 3558 1334 3607 motor
1358 3551 1550 3607 circumfertur

188 3633 261 3687 cirea
274 3632 374 3696 Solem,
400 3638 480 3686 tenet
501 3632 612 3686 interim
635 3649 717 3686 axem
741 3632 941 3688 convolutionis
964 3650 1033 3688 suae
1054 3633 1108 3687 sibi
1131 3632 1184 3703 ipsi
1203 3649 1312 3702 semper
1334 3633 1499 3702 paralellum
1521 3633 1548 3686 in

187 3712 302 3767 diversis
317 3712 424 3775 sitibus,
447 3717 563 3782 propter
576 3712 706 3766 fibrarum
720 3713 878 3767 naturalem
892 3719 921 3766 et
934 3713 1122 3784 magneticam
1136 3711 1342 3767 inclinationem
1356 3713 1391 3766 ad
1405 3713 1547 3783 quiescen-

187 3795 263 3848 dum:
287 3793 333 3846 rel
353 3791 438 3847 edam
461 3797 579 3861 propter
601 3792 812 3846 continuitatem
825 3790 938 3846 diurnae
953 3792 1154 3847 convolutionis
1174 3792 1248 3846 circa
1269 3793 1342 3846 bnoc
1362 3809 1452 3856 axem,
1477 3809 1548 3863 quae

187 3872 265 3927 illum
287 3878 367 3927 tenet
389 3877 519 3935 erectum,
542 3877 576 3925 ut
598 3872 630 3925 fit
651 3872 681 3926 in
703 3871 813 3926 turbine
837 3870 951 3925 incitato
966 3879 996 3925 et
1009 3872 1213 3935 discursitante,
1256 3872 1349 3935 Quare
1372 3872 1548 3927 sicutmotus

189 3952 241 4006 iste
255 3969 355 4006 revera
376 3969 431 4006 uon
445 3958 498 4013 est,
522 3953 570 4004 sed
585 3951 662 4022 quies
685 3951 787 4021 potius,
812 3950 850 4005 sic
869 3951 955 4005 etiam
975 3952 1098 4005 orbiculo
1116 3950 1301 4005 commentitio
1324 3952 1393 4007 nihil
1407 3959 1452 4007 est
1465 3968 1547 4023 opus:

186 4039 217 4085 et
235 4031 300 4101 jure
324 4032 368 4085 bic
391 4049 434 4086 me
457 4032 589 4101 antiquae
611 4037 642 4085 et
664 4048 796 4086 erroneae
820 4030 1007 4101 persuasionis
1030 4033 1064 4084 de
1088 4031 1228 4086 soliditate
1257 4024 1362 4086 orbium
1384 4049 1462 4087 reum
1489 4031 1550 4104 egit

188 4113 284 4182 Tycha
298 4112 434 4176 Braheus,
459 4111 506 4182 qui
529 4112 602 4166 lecto
625 4111 721 4166 libello
742 4112 839 4165 literas
863 4112 916 4165 hac
936 4113 971 4164 de
994 4127 1081 4166 causa
1104 4112 1139 4166 ad
1157 4128 1201 4165 me
1221 4110 1305 4165 dedit.
1350 4112 1500 4183 (Tyehonis
1514 4115 1548 4166 de

186 4192 240 4245 hac
260 4209 290 4246 re
310 4193 411 4246 literae
432 4193 566 4263 leguntur
588 4192 616 4246 in
639 4192 778 4262 prooemio
802 4208 868 4262 pag.
891 4188 954 4254 44.)

268 4267 300 4342 q)
323 4271 417 4327 Omnis
444 4271 571 4326 doctrina
589 4270 789 4341 praecessionis
813 4270 1047 4342 aequinoctiorum
1070 4270 1304 4342 contemplatione
1332 4266 1394 4324 axis
1417 4272 1447 4318 et
1469 4265 1547 4334 polo·

187 4369 246 4406 rum
262 4352 381 4406 Telluris
405 4351 575 4413 absolvitun
606 4358 639 4405 ιιι
660 4368 711 4405 uec
733 4368 807 4405 nona
830 4350 960 4421 sphaera,
989 4368 1040 4405 nec
1063 4350 1186 4405 orbiculo
1207 4351 1256 4405 illo
1279 4349 1353 4405 circa
1376 4348 1487 4401 Terram
1511 4345 1548 4399 sit

188 4449 267 4502 opus.
309 4431 379 4487 Vide
403 4433 552 4487 comment.
577 4431 675 4485 Martis
698 4438 808 4500 partem
828 4432 862 4484 V.
884 4437 915 4486 et
934 4430 1010 4501 Epit.
1034 4435 1111 4485 Astr.
1136 4430 1184 4484 lib.
1208 4431 1243 4485 11.
1267 4431 1316 4484 ΙΙΙ,
1341 4434 1372 4482 et
1392 4425 1452 4480 Vll.

265 4509 294 4583 r)
316 4512 471 4567 Secundum
490 4518 593 4565 motum
617 4511 645 4565 in
669 4527 772 4564 meram
786 4511 849 4565 axis
864 4510 982 4581 quietem
1006 4510 1172 4581 redegimus,
1196 4509 1296 4565 tertius
1317 4508 1376 4579 jam
1398 4508 1433 4560 ad
1450 4511 1546 4560 secud-

186 4594 250 4646 dum
272 4598 317 4645 est
330 4593 501 4646 reducendus
525 4598 555 4645 et
577 4607 638 4645 eum
659 4608 692 4644 eo
707 4590 734 4643 iu
750 4607 832 4646 unum
846 4593 1012 4645 conflandus.
1055 4589 1083 4643 Si
1107 4589 1179 4644 enim
1200 4605 1346 4645 causamn
1368 4587 1546 4658 physicarum

187 4672 344 4726 obviatione
368 4670 431 4725 axis
446 4671 565 4726 Telluris
589 4678 653 4741 post
673 4686 756 4725 unam
770 4670 969 4725 revolutionem
993 4685 1113 4724 annuam
1133 4668 1271 4723 invenitur
1284 4665 1437 4722 insensibili
1453 4665 1546 4735 aliquo

188 4758 338 4807 retrorsum
359 4750 509 4806 inclinatus
533 4766 552 4805 a
565 4750 620 4804 situ
642 4748 767 4820 pristino,
792 4756 822 4803 et
844 4750 867 4803 si
882 4757 976 4805 tuetur
999 4749 1174 4803 nihilominus
1195 4755 1368 4804 constantem
1391 4744 1546 4800 inclinatio·

187 4848 248 4886 nem
262 4834 298 4885 ad
312 4831 407 4886 latera
420 4824 521 4893 mundi,
547 4847 595 4884 seu
608 4831 688 4900 polos
702 4828 766 4882 viae
780 4828 885 4900 regiae,
912 4830 934 4884 si
959 4829 1041 4883 tertio
1065 4827 1150 4883 etiam
1169 4828 1308 4898 ecliptica,
1331 4826 1433 4916 quippe
1454 4824 1546 4875 orbita

187 4911 320 4975 Telluris,
352 4916 384 4965 ιιι
405 4910 573 4989 reliquorum
596 4912 773 4991 planetarum
795 4908 920 4972 orbitae,
952 4907 1115 4963 latitudines
1144 4924 1209 4973 suas
1233 4908 1322 4967 babet
1345 4922 1363 4963 ι
1384 4903 1433 4957 ria
1454 4899 1544 4975 regia,
