3814 5818
406 360 473 428 260
953 359 1075 427 spongia
1093 358 1218 423 maharu

407 530 456 585 est
490 521 602 601 primus
636 519 789 598 perfectus
812 513 847 593 6,
880 536 1023 582 uumerus
1055 518 1281 581 restituentium
1308 512 1330 593 15
1362 522 1394 578 61
1421 515 1472 591 11;
1506 525 1556 579 661
1583 519 1769 598 quaternarii

407 610 585 691 quadratum
607 605 664 682 16,
695 625 836 669 numerus
858 606 1084 670 restituentium
1107 607 1137 669 in
1160 604 1182 670 t
1205 606 1339 679 ultimis;
1371 612 1420 668 est
1438 605 1566 684 quinarii
1588 607 1770 686 quadratum

406 697 458 773 25,
483 715 624 759 numerus
647 696 807 757 ferentium
830 695 860 756 in
885 692 905 758 5
929 696 1065 770 ultimis3
1100 704 1150 758 est
1173 695 1299 775 denique
1323 695 1488 774 septenarii
1510 695 1690 775 quadratum
1712 692 1768 771 te,

407 804 525 849 summa
552 784 697 858 omnium,
732 782 841 846 demtis
875 785 968 846 etiem
991 782 1111 864 Calippi
1140 783 1343 846 additionibus
1371 782 1401 843 in
1424 780 1497 845 6616
1521 791 1554 845 61
1575 783 1680 857 Luna,
1712 802 1768 845 nec

406 882 532 955 putente
556 892 649 936 causa
670 873 742 947 ulla,
768 872 823 933 666
845 891 883 933 66
907 872 1077 951 suspicione
1101 872 1231 952 quidem,
1255 891 1307 934 cur
1322 871 1507 934 Aristoteles
1529 872 1608 934 hano
1631 872 1768 936 6661116-

406 982 475 1026 666
493 961 522 1024 16
542 960 614 1041 Sole
639 969 672 1023 61
688 960 776 1023 Luna
798 979 1016 1041 supervacuam
1028 960 1191 1041 putaverit,
1215 979 1273 1023 non
1288 961 1362 1022 item
1384 960 1415 1022 in
1429 961 1549 1036 ceteris,
1573 968 1608 1024 ut
1625 961 1768 1024 videatur

408 1051 593 1114 Aristoteles
617 1050 714 1112 solum
736 1067 891 1111 nnmerum
910 1048 1108 1130 quaesivisse.
1154 1048 1223 1113 Nisi
1240 1050 1332 1112 toties
1346 1048 1533 1112 Aristoteles
1545 1049 1767 1132 Pythagoricos

407 1139 592 1220 explosisset
614 1156 763 1213 numeros,
788 1138 950 1214 crederem,
974 1138 1059 1201 illum
1083 1140 1120 1201 de
1144 1138 1294 1201 industria
1314 1136 1490 1219 conquisitis
1512 1138 1691 1201 ratiunculis
1714 1139 1765 1201 ai·

407 1229 522 1290 sectare
551 1228 731 1307 quadratum
757 1228 936 1310 septenarii,
969 1244 1055 1307 quem
1083 1228 1215 1290 Deorum
1247 1246 1404 1289 numerum
1430 1226 1532 1289 icrsan
1566 1246 1604 1290 ex
1623 1227 1765 1309 ¹alicujus

406 1316 561 1397 religionis
583 1314 726 1397 mysterio
748 1333 925 1394 persuasum
948 1314 1097 1378 habuerit.
1142 1317 1222 1379 Num
1247 1315 1321 1379 liber
1346 1337 1366 1377 a
1389 1316 1638 1398 superstitionum
1660 1317 1763 1398 66661-

406 1406 491 1467 61666
514 1403 709 1478 Aristcteles,
734 1423 773 1464 an
797 1404 872 1466 haec
893 1404 938 1466 ita
961 1403 1126 1483 scripserit,
1146 1405 1215 1484 jure
1239 1404 1353 1467 dubito.
1401 1403 1525 1467 Summe
1546 1406 1639 1468 haec:
1663 1405 1762 1468 Prae·

406 1494 520 1555 ciamm
548 1492 613 1572 ejus
640 1491 811 1553 institutum
840 1492 911 1568 fuit,
944 1511 999 1572 per
1021 1500 1261 1556 astronomorum
1279 1493 1383 1557 oculos
1410 1501 1442 1554 et
1469 1494 1699 1557 observationes
1722 1493 1763 1557 66

406 1584 565 1644 obscuram
589 1599 685 1643 rerum
710 1588 849 1643 naturam
872 1582 1072 1643 contendere:
1097 1582 1328 1662 vituperandum
1350 1600 1432 1651 vero,
1456 1583 1535 1663 quod
1550 1582 1763 1646 astronomicis

405 1668 667 1732 observationibus
699 1688 756 1731 sue
787 1670 908 1733 miscuit
944 1668 1105 1732 ratiocinia
1141 1671 1350 1751 philosophica
1388 1677 1454 1733 toto
1486 1689 1597 1750 genere
1629 1671 1760 1734 diversa

405 1756 485 1828 Quid
514 1759 594 1820 enim
617 1776 771 1820 commune
795 1755 833 1821 31
862 1758 983 1821 orbibus
1008 1756 1127 1839 Galippi
1156 1759 1284 1821 totidem
1312 1766 1446 1821 motuum
1479 1778 1546 1821 cum
1569 1758 1610 1823 21
1635 1760 1762 1827 Amto-

404 1846 489 1921 tciis,
524 1847 573 1926 qui
602 1864 712 1908 ucvuru
739 1846 852 1908 nullum
880 1855 995 1909 motum
1021 1846 1176 1910 inserunt?
1220 1848 1265 1910 Et
1293 1846 1337 1909 sic
1361 1865 1394 1909 se
1425 1847 1519 1911 66661
1546 1848 1675 1911 celebris
1701 1848 1762 1911 istc

404 1936 488 1998 loeus
510 1934 698 2008 Aristotelis,
731 1952 770 1995 ex
792 1935 877 2013 cnjus
900 1935 1099 2017 explicatione
1123 1943 1252 2016 apparet
1274 1936 1354 2016 quod
1372 1936 1444 2012 dixi,
1469 1936 1630 2000 conlidenti
1652 1937 1763 2001 Ursum

326 2101 328 2105 .
404 2023 541 2085 oratione
564 2041 649 2084 usum
674 2022 703 2083 in
726 2041 782 2084 sua
804 2023 842 2084 de
866 2024 1084 2105 hypothesibus
1107 2023 1247 2099 historia,
1281 2025 1351 2087 666
1374 2024 1433 2099 611,
1456 2024 1616 2089 Eudoxum
1639 2033 1672 2088 61
1694 2024 1761 2089 Oa·

402 2111 516 2190 lippum
538 2110 738 2172 concentricis
761 2128 840 2185 usos,
866 2113 945 2191 quod
968 2112 1050 2174 nulla
1072 2112 1189 2175 ratione
1212 2132 1250 2173 ex
1264 2121 1352 2176 textu
1373 2114 1520 2176 deducam
1535 2109 1643 2195 putuit
1680 2115 1761 2177 Fra-

402 2206 561 2261 castoreus
584 2217 655 2261 verc
678 2198 767 2279 hujus
782 2199 826 2261 rei
849 2207 954 2262 auctor
978 2209 1106 2263 estnon
1130 2202 1265 2273 idoneus,
1289 2201 1480 2264 concentrica
1503 2221 1570 2265 cnm
1593 2202 1760 2283 scripserit,

402 2295 523 2350 veteres
546 2288 585 2349 66
609 2305 643 2349 66
667 2288 826 2349 traducere
850 2287 963 2351 nititur.
1009 2290 1056 2351 De
1081 2297 1182 2353 cetero
1206 2291 1320 2353 fatetur
1341 2290 1417 2371 ipse,
1441 2290 1515 2353 nihil
1536 2292 1575 2353 66
1593 2291 1655 2354 11116
1678 2291 1759 2368 sciri,

401 2375 458 2437 nisi
473 2389 511 2438 ex
524 2376 651 2438 obscuro
666 2376 731 2438 loco
745 2376 934 2439 Aristotelis.
950 2371 991 2451 ¹²)
1038 2376 1128 2450 Quod
1143 2397 1215 2441 vero
1230 2379 1283 2453 ait,
1307 2380 1538 2462 Pythagoraeos
1560 2387 1632 2461 post
1649 2381 1760 2443 Plato-

402 2483 484 2539 nem,
509 2463 642 2545 explosis
664 2464 783 2527 Eudoxi
806 2473 839 2527 et
862 2464 980 2546 Calippi
1005 2486 1063 2529 non
1088 2467 1304 2530 sufficientibus
1328 2468 1543 2540 concentricis,
1573 2469 1759 2532 eccentriccs

401 2551 594 2627 assumsisse,
618 2552 716 2615 tribus
740 2554 910 2616 nominibus
933 2555 1138 2618 temeritatem
1158 2555 1344 2636 parrationis
1367 2576 1441 2619 6666
1468 2557 1580 2637 prodit.
1626 2557 1760 2621 Primum

401 2641 431 2703 id
456 2638 602 2721 Galippns
623 2642 689 2722 1666
713 2641 787 2704 16611
808 2642 837 2703 16
856 2641 975 2706 Eudoxi
998 2644 1215 2727 hypothesibus
1238 2646 1435 2725 corrigendis,
1458 2654 1493 2709 ut
1516 2647 1652 2709 deiectus
1675 2645 1760 2728 16666

402 2737 552 2809 argueret,
577 2730 737 2809 orbemque
761 2750 860 2800 nuum,
884 2732 934 2811 qui
957 2733 1090 2795 maxima
1107 2733 1368 2797 verisimilitudine
1391 2734 1648 2798 eccentricltatem
1670 2735 1760 2797 inve·

399 2819 483 2881 uisse
505 2819 587 2881 credi
609 2827 721 2898 potest,
746 2820 892 2894 adderet;
926 2838 984 2883 non
1009 2822 1066 2884 fuit
1088 2822 1181 2903 igitur
1203 2841 1343 2896 necasse,
1375 2832 1411 2885 ut
1431 2823 1488 2886 hoc
1513 2821 1633 2905 Galippi
1655 2842 1761 2887 corre·

400 2906 493 2969 611661
516 2908 669 2970 accideret
696 2916 767 2987 post
788 2909 962 2983 Platonem,
997 2911 1056 2973 nisi
1076 2911 1163 2973 ,forte
1192 2907 1392 2989 1666111,
1426 2930 1550 2993 quorum
1577 2919 1760 2975 66166666

399 2996 476 3058 bene
503 2995 570 3076 ipse
598 2997 821 3077 exploraverat.
867 2996 985 3060 Deinde
1014 3000 1083 3062 dum
1106 3000 1264 3063 Eudoxum
1288 3019 1307 3061 a
1328 2999 1551 3082 Pythagoraeis
1579 3001 1624 3064 611
1651 3001 1759 3083 explo-

348 3107 356 3121 ·
400 3099 476 3160 snm,
501 3103 559 3147 non
582 3085 726 3148 itabens
751 3104 836 3148 suam
859 3087 1029 3150 cretionem
1043 3088 1237 3151 historiarum
1250 3081 1383 3151 notitiae
1396 3095 1590 3170 attemperat,
1614 3089 1660 3152 uti
1679 3088 1760 3153 iliius

401 3180 506 3235 tenore
529 3174 607 3235 hano
626 3173 737 3252 jactat
782 3173 927 3237 Eudoxus
950 3176 1031 3238 enirn
1054 3185 1086 3238 et
1108 3176 1173 3257 ipse
1197 3177 1256 3240 fuit
1278 3196 1353 3239 unus
1376 3178 1414 3240 66
1428 3187 1514 3240 66616
1527 3179 1760 3261 Pythagoram·

399 3280 474 3336 rum,
499 3262 648 3323 referente
671 3261 806 3324 Laertio.
853 3264 897 3325 At
920 3265 987 3344 quis
1009 3264 1085 3327 haec
1108 3285 1146 3326 ex
1160 3265 1232 3327 Ursi
1250 3266 1387 3329 oratione
1410 3266 1586 3350 colligeret?
1622 3268 1760 3349 Denique

400 3349 490 3410 veiim
513 3351 552 3410 ab
575 3349 627 3411 illc
652 3349 778 3421 discere,
802 3368 877 3429 quos
901 3351 1036 3430 appellet
1049 3352 1301 3435 Pythagoraeos?
1342 3353 1376 3417 Si
1400 3373 1602 3437 quoscunque,
1626 3358 1677 3437 qui
1700 3355 1759 3420 uli·

400 3437 480 3517 quod
513 3437 704 3517 Pythagorae
737 3438 910 3515 dogmatum
942 3440 1177 3520 amplectuutur,
1210 3441 1439 3525 Pythagoraeos
1467 3445 1574 3520 habet,
1603 3446 1669 3525 jam
1699 3464 1759 3509 666
1862 3442 1863 3446 ’

401 3524 533 3603 loquitur
565 3526 603 3586 ad
632 3525 877 3589 consuetudinem
905 3527 1067 3604 historiae,
1097 3530 1182 3610 cujus
1205 3531 1407 3612 cognitionem
1434 3533 1492 3596 sibi
1520 3541 1655 3615 arrogat.
1702 3532 1759 3598 Sin

401 3620 454 3673 ecs
478 3631 545 3674 666
567 3612 721 3676 historicis
743 3613 973 3696 Pythagoraecs
997 3618 1085 3692 dicit,
1108 3619 1158 3699 qui
1182 3628 1285 3683 666166
1309 3622 1377 3684 6616
1400 3622 1529 3697 addicti,
1556 3623 1672 3704 piacita
1694 3625 1761 3706 ejus

401 3701 672 3780 disputationibus,
697 3702 837 3765 instituto
856 3705 953 3779 vitae,
977 3707 1109 3770 moribus
1132 3709 1195 3771 suis
1218 3708 1402 3790 exprimunt,
1434 3711 1540 3774 audiat
1562 3730 1600 3774 cx
1622 3712 1757 3786 Laertio,

400 3799 516 3852 sectam
539 3792 622 3853 iiiam
646 3792 676 3853 in
700 3791 862 3871 Epicurum
885 3794 1022 3858 66611666.
1069 3797 1169 3860 Ν6166
1189 3805 1290 3861 66166
1314 3805 1364 3860 661
1380 3798 1529 3879 Epicurus
1548 3800 1615 3881 jam
1638 3802 1758 3864 demum

401 3879 619 3941 inclarescente
643 3881 827 3956 Aristotele,
859 3884 910 3964 qui
939 3884 1044 3947 ecdem
1073 3888 1136 3948 iere
1164 3894 1299 3966 tempore
1323 3886 1482 3951 Platonem
1510 3888 1669 3952 audiverat
1701 3907 1759 3970 quo

397 3967 552 4030 Eudorus.
598 3968 678 4030 Ecce
703 3977 804 4033 autem
822 3971 940 4034 Eudoxi
963 3974 1078 4052 6166116
1100 3975 1189 4053 longo
1213 3983 1451 4056 post'tempore,
1471 3976 1537 4058 jam
1561 3977 1665 4041 666116
1679 3977 1758 4058 Epi-

396 4075 477 4127 curo,
501 4057 686 4119 Aristoteles
711 4059 830 4121 celeber
852 4061 1050 4141 philosophus
1078 4064 1246 4142 usurpabat
1273 4063 1361 4144 inque
1385 4065 1478 4128 libros
1506 4085 1577 4129 suos
1600 4066 1637 4129 66
1662 4064 1758 4131 Ocelo

398 4153 429 4205 61
451 4146 665 4226 Metaphysica
688 4147 849 4211 referebat.
896 4149 1045 4230 Epicurus
1067 4168 1149 4228 vero,
1173 4151 1452 4235 Pythagoraeorum
1474 4154 1607 4231 ultimus,
1630 4154 1703 4236 quid
1726 4155 1757 4217 in

397 4235 582 4296 astronomia
605 4235 770 4314 scripserit,
795 4238 844 4316 qni
867 4240 1007 4301 mundum
1031 4259 1069 4302 ex
1093 4239 1202 4302 atomis
1220 4241 1450 4305 constituebat?
1495 4244 1603 4325 Itaque
1626 4244 1758 4307 ethaeo

398 4323 533 4383 narratio
556 4324 696 4385 vanescit
717 4324 815 4387 instar
838 4327 983 4390 1661.-
1017 4328 1081 4391 Sed
1102 4328 1333 4409 Hipparchus
1358 4332 1435 4395 ferte
1458 4350 1513 4412 pro
1537 4330 1658 4414 Oalippi
1681 4350 1757 4395 con-

396 4412 537 4473 centricis
559 4413 746 4474 eccentriccs
770 4417 935 4479 resumsit?
980 4417 1028 4479 De
1054 4415 1174 4498 Galippi
1196 4419 1394 4482 concentricis
1427 4419 1562 4483 fabulam
1585 4440 1678 4502 supra
1700 4440 1757 4484 ex·-

394 4500 505 4579 pediri.
552 4501 717 4580 Hipparchi
733 4521 804 4565 vero
829 4522 974 4586 quosnam
994 4506 1178 4568 eccentriccs
1203 4509 1430 4588 (praeterquam
1452 4508 1483 4571 in
1498 4508 1758 4573 demonstratione

395 4589 522 4667 apogaei
546 4590 632 4650 nnius
647 4589 739 4666 66116,
764 4592 1030 4657 demonstrationis
1054 4595 1203 4658 facilitate
1226 4597 1349 4660 schema
1368 4598 1568 4661 eccentricum
1593 4599 1757 4674 66666616)

392 4676 587 4740 Ptolemaeus
611 4678 725 4749 innuet,
749 4681 887 4745 nesciunt
910 4683 976 4761 ejus
1000 4683 1146 4759 lectores3
1170 4692 1204 4747 st
1221 4684 1412 4749 Cardenus
1436 4686 1489 4763 (66
1503 4684 1618 4750 Rerum
1640 4687 1757 4751 Varie-

391 4774 457 4827 tate
472 4766 512 4828 11.
531 4766 588 4841 11)
612 4767 702 4830 iidem
719 4768 808 4849 hujus
833 4772 1013 4834 assertionis
1036 4773 1076 4835 ed
1090 4781 1245 4837 auctorem
1260 4775 1495 4838 Prncautoreum
1513 4776 1652 4840 remittit
1689 4776 1757 4840 11oe

391 4855 493 4939 potius
517 4857 597 4938 apud
620 4856 701 4920 Ptol.
725 4857 848 4941 Almag.
874 4861 926 4924 lib.
950 4861 1007 4927 IX.
1031 4879 1098 4944 666.
1124 4862 1157 4927 2
1180 4863 1353 4938 inveniunt,
1375 4863 1582 4947 Hipparchum
1603 4865 1758 4930 erroribus
