3814 5818
401 380 467 451 auo
946 374 1069 443 crocea
1085 374 1209 438 nasa.

402 542 601 627 hypotheses,
626 537 691 599 sine
715 534 854 597 veritatis
878 534 1072 596 necessitate.
1120 532 1164 594 At
1191 531 1343 593 enimvero
1371 550 1426 593 nec
1456 532 1512 595 hoc
1539 532 1658 613 quidem
1680 532 1761 596 Urso

403 632 502 706 facile,
527 628 642 707 talium,
668 625 772 706 quales
797 625 862 705 ipse
886 623 1044 697 describit,
1070 621 1189 682 formas
1205 620 1350 701 plurimas
1374 621 1552 702 contingere.
1590 616 1679 684 ‘Nam
1702 620 1762 683 etsi

401 740 460 783 nou
493 724 593 787 curat,
625 732 754 777 veraene
787 714 863 787 sint,
897 714 962 774 vuit
984 721 1085 773 tamen
1114 718 1148 771 ut
1179 716 1408 791 repraesentent
1434 711 1582 773 calculum
1610 717 1762 772 motuum:

401 809 479 890 qnod
498 825 557 868 non
581 805 675 866 cuivis
698 802 804 864 obviae
829 810 861 863 et
882 801 1007 863 fictitiae
1031 799 1193 880 hypothesi
1216 797 1374 878 contingit.

493 894 630 973 Septimo
654 892 791 954 sufficere
815 891 869 963 ait,
893 898 926 951 ut
947 888 1133 973 hypotheses
1149 887 1328 950 coelestium
1341 894 1475 949 motuum
1498 887 1613 949 calculo
1632 904 1762 967 respon-

404 987 506 1059 deant,
531 984 603 1045 licet
625 1000 684 1043 non
706 979 781 1060 ipsis
805 979 945 1042 motibus.
991 976 1131 1039 Mirabile
1155 978 1273 1057 dogma,
1298 975 1445 1056 siquidem
1467 995 1553 1037 mens
1566 975 1639 1039 Ursi
1658 995 1697 1037 ex
1715 975 1764 1037 his

403 1073 503 1135 verbis
527 1072 644 1134 censeri
668 1069 770 1131 debet.
817 1066 897 1138 Quid
920 1076 970 1128 est
993 1066 1098 1145 igitur,
1123 1066 1216 1142 Urso,
1246 1065 1399 1127 calculus?
1445 1063 1480 1126 Si
1502 1065 1599 1127 bonus
1623 1072 1673 1127 est
1694 1066 1762 1128 cal·

402 1164 487 1225 cuins
525 1161 554 1222 h.
579 1179 607 1222 e.
637 1159 795 1220 methodus
825 1154 1019 1237 computandi
1059 1154 1127 1216 loca
1158 1154 1304 1229 siderum,
1344 1164 1415 1216 tunc
1447 1172 1521 1214 sane
1554 1154 1685 1216 motibus
1714 1160 1765 1215 est

402 1269 552 1315 consonus
576 1256 608 1310 et
631 1267 669 1308 ex
691 1246 852 1328 hypothesi
874 1244 1049 1315 exstruitur,
1074 1261 1149 1322 quae
1173 1242 1278 1306 itidem
1302 1251 1350 1305 est
1372 1241 1503 1305 motibus
1526 1261 1668 1305 consona.
1707 1240 1764 1305 Sin

404 1340 471 1422 quis
495 1337 628 1401 calculus
652 1344 751 1397 motus
775 1353 832 1396 non
858 1338 1080 1413 repraesentat,
1115 1351 1209 1412 aeque
1238 1330 1334 1392 fallax
1356 1331 1485 1393 habetur
1512 1350 1548 1393 ac
1580 1329 1765 1416 hypotheses

404 1448 443 1491 ex
467 1427 573 1507 quibus
597 1424 800 1486 derivabatur.
847 1423 896 1484 Ita
925 1422 951 1483 ei
974 1419 1061 1483 nobis
1090 1420 1132 1482 nil
1160 1440 1249 1483 curae
1273 1429 1335 1496 est,
1370 1428 1469 1482 utrum
1498 1420 1606 1500 aliquis
1629 1419 1764 1482 calculus

403 1517 534 1579 motibus
557 1512 749 1594 respondeat,
774 1511 847 1573 nihil
867 1530 939 1572 sane
964 1509 1099 1589 impedit,
1125 1529 1182 1590 quo
1206 1509 1302 1571 minus
1325 1508 1470 1589 plurimas
1492 1509 1641 1588 tingamus
1664 1509 1762 1591 hypo·

402 1605 522 1679 theses,
557 1603 635 1684 quod
669 1601 726 1663 sihi
760 1601 847 1662 facile
881 1597 1046 1661 dictitabat
1073 1599 1187 1674 Ursus,
1222 1597 1408 1678 totidemque
1439 1597 1621 1660 calculomm
1649 1598 1763 1659 formas

402 1693 636 1766 constituamus,
661 1689 788 1751 vitiosas
812 1707 918 1769 nempe
944 1696 975 1749 et
997 1709 1017 1749 a
1039 1688 1124 1749 coelo
1148 1687 1296 1749 dissonas.
1344 1688 1447 1748 Macte
1471 1687 1549 1748 Ursa
1572 1687 1631 1748 hac
1653 1686 1762 1747 inven-

401 1784 517 1845 tionum
535 1781 685 1842 ubertate.
733 1780 848 1840 Forsan
874 1786 906 1838 et
928 1778 984 1838 hoc
1002 1776 1085 1856 agis,
1109 1784 1145 1838 ut
1166 1775 1351 1857 hypotheses
1373 1775 1403 1836 in
1421 1775 1504 1837 solas
1519 1774 1640 1837 scholas
1659 1782 1763 1836 astro·

405 1871 539 1934 nomicas
573 1866 749 1941 concludas,
783 1874 818 1929 ut
845 1885 970 1945 quarum
996 1884 1068 1926 usus
1096 1865 1125 1926 in
1154 1864 1211 1926 hoc
1241 1865 1306 1925 solo
1330 1863 1493 1943 consistat,
1526 1873 1560 1926 ut
1585 1871 1766 1944 praeceptor

403 1965 551 2021 monstret
575 1955 721 2034 discipulo
745 1955 774 2015 in
799 1953 1000 2015 delineatione
1024 1953 1228 2035 hypothetica,
1254 1971 1329 2032 quas
1353 1953 1391 2013 ob
1405 1970 1514 2015 causas
1538 1952 1764 2035 singulaprae-

404 2045 547 2128 captain
571 2043 758 2106 calculandis
782 2041 966 2103 coelestibus
999 2041 1130 2103 motibus
1155 2042 1316 2104 observare
1345 2041 1464 2104 debeat.
1511 2038 1572 2111 Qui
1600 2060 1673 2103 usus
1705 2041 1764 2102 etsi

404 2154 461 2197 non
488 2134 604 2196 alienus
628 2139 677 2193 est
699 2132 737 2192 ab
761 2130 989 2211 hypothesibus,
1022 2130 1173 2210 posterior
1195 2140 1298 2192 tamen
1322 2138 1371 2192 est
1395 2138 1427 2192 et
1448 2130 1589 2193 inferiore
1604 2129 1764 2210 dignitatis

299 2234 307 2245 '
405 2223 510 2303 gradu.
557 2221 691 2283 Primum
715 2219 846 2281 enimin
872 2218 1088 2302 hypothesibus
1112 2239 1212 2281 rerum
1235 2227 1375 2281 naturam
1399 2218 1601 2301 depingimus,
1631 2227 1705 2299 post
1727 2237 1765 2279 ex

404 2313 441 2374 iis
475 2311 623 2373 calculum
651 2308 833 2370 exstruimus
863 2309 891 2370 h.
916 2327 944 2368 e.
969 2316 1069 2369 motus
1093 2309 1352 2383 demonstramus,
1384 2308 1512 2388 deniqne
1535 2307 1668 2370 indidem
1692 2325 1765 2368 vera

404 2399 512 2475 calculi
536 2406 701 2479 praecepta
723 2396 774 2458 via
795 2397 951 2476 reciproca
974 2396 1160 2458 discentibus
1184 2397 1379 2474 explicamus.
1568 2396 1572 2412 '

493 2486 613 2549 Octavo
636 2487 678 2547 nil
701 2493 789 2566 putat
818 2486 938 2548 officere
968 2505 1073 2548 sacras
1102 2486 1206 2547 literas
1235 2486 1453 2567 hypothesibus
1476 2482 1763 2546 contradicentibus.

405 2577 460 2650 At,
483 2596 558 2657 quas
582 2576 647 2655 ipse
666 2574 766 2654 jactat
789 2573 983 2656 hypotheses,
1007 2570 1053 2635 ex'
1069 2575 1217 2653 scriptura
1240 2594 1273 2636 se
1292 2575 1518 2636 demonstrasse
1534 2582 1632 2653 putat.
1676 2570 1765 2642 Quod

405 2665 432 2729 si
445 2665 597 2746 proprium
621 2672 670 2725 est
692 2662 912 2745 hypothesium,
938 2670 971 2723 ut
994 2664 1057 2725 siut
1081 2664 1197 2725 falsae:
1222 2663 1407 2744 hypotheses
1431 2662 1495 2743 ipse
1514 2663 1614 2725 nullas
1629 2659 1764 2735 habebit,

404 2755 483 2835 quia,
509 2772 584 2835 quas
595 2753 707 2833 jactat,
732 2751 883 2815 infallibili
899 2752 1067 2832 scripturae
1091 2753 1274 2814 auctoritate
1289 2751 1420 2813 munitas
1435 2751 1600 2815 contendit.
1646 2751 1698 2812 Ita
1720 2749 1767 2811 sui

404 2843 499 2922 ipsius
523 2842 679 2904 immemor
702 2849 764 2916 est,
798 2841 827 2902 id
851 2841 949 2923 magis
983 2841 1077 2903 etiam
1106 2842 1136 2902 in
1168 2860 1203 2902 eo
1237 2839 1329 2919 quod,
1363 2858 1431 2902 cum
1458 2839 1610 2920 proprium
1641 2838 1768 2900 iecisset

404 2932 623 3016 hypotheseon,
646 2939 680 2992 nt
704 2931 766 2992 siut
788 2930 896 3004 salsae,
928 2929 1052 2992 tandem
1076 2930 1198 3010 aequior
1221 2929 1402 2991 astronomis
1426 2929 1517 2991 licere
1541 2927 1648 3009 inquit,
1677 2927 1767 2989 effin-

402 3039 473 3102 gere
497 3021 682 3103 hypotheses
706 3019 770 3080 sive
794 3038 884 3081 veras
908 3021 972 3082 sive
997 3020 1106 3081 falsas.

493 3110 591 3173 Nono.
648 3106 734 3179 Quae
766 3109 802 3169 de
827 3108 964 3170 falsitate
991 3106 1203 3189 hypothesium
1232 3107 1500 3168 astronomicarum
1527 3104 1622 3179 dixit,
1661 3104 1706 3166 ait
1737 3104 1768 3166 iu

403 3199 554 3277 plerisque
579 3197 647 3259 aliis
672 3197 818 3259 doctrinis
841 3196 915 3259 lieri.
962 3197 997 3257 Id
1021 3196 1142 3276 quidem
1164 3196 1207 3271 fit,
1233 3196 1287 3257 sed
1311 3196 1390 3257 male
1414 3205 1448 3256 et
1466 3194 1504 3256 ab
1529 3193 1687 3275 imperitis,
1712 3212 1769 3255 nec

405 3305 507 3348 verum
533 3294 586 3347 aut
609 3286 736 3360 bonum,
762 3285 819 3346 nisi
843 3284 995 3346 rarissime
1020 3293 1052 3345 et
1075 3285 1213 3359 fortuito,
1248 3284 1303 3345 sed
1326 3284 1436 3346 falsum
1460 3292 1491 3346 et
1513 3283 1662 3365 pernicies
1682 3282 1768 3362 justo

408 3375 513 3435 ordine
541 3373 745 3453 consequitur.
792 3373 837 3435 Ut
864 3373 892 3432 iu
917 3372 1083 3446 medicina,
1117 3372 1144 3433 si
1172 3381 1322 3455 quartana
1353 3373 1419 3454 qnis
1448 3371 1566 3435 laboret
1598 3381 1630 3433 et
1658 3371 1770 3433 falsam

407 3462 485 3524 hauc
512 3461 692 3543 hypothesin
718 3461 873 3541 imperitus
896 3461 1030 3523 medicus
1054 3463 1233 3543 conceperit,
1258 3481 1382 3525 causam
1407 3462 1498 3525 febris
1517 3480 1585 3524 esse
1609 3461 1770 3540 asaugui-

406 3551 452 3612 nis
476 3549 689 3622 redundantia,
713 3550 739 3610 is
763 3568 841 3611 vena
864 3560 950 3612 secta
972 3569 1031 3612 uon
1056 3570 1129 3612 sane
1146 3552 1261 3614 felicius
1281 3552 1394 3631 juverit
1411 3570 1543 3632 aegrum,
1569 3569 1658 3632 quam
1673 3549 1771 3612 Ursus

409 3659 447 3701 ex
471 3640 551 3700 salsa
575 3638 736 3719 hypothesi
759 3646 859 3700 motus
882 3641 1033 3702 coelorum
1057 3640 1222 3720 colligeret.
1269 3639 1332 3702 Sed
1350 3640 1460 3702 Ursum
1483 3656 1537 3720 per
1559 3638 1701 3718 exempla
1715 3657 1772 3699 sna

408 3746 577 3808 sequamur.
625 3725 766 3807 Exempli
790 3746 917 3808 natuque
941 3729 1007 3790 loco
1030 3730 1150 3807 regulas
1176 3720 1366 3809 algebraicas
1393 3729 1547 3808 producit,
1577 3727 1626 3790 ubi
1648 3728 1771 3807 ponitur

408 3818 443 3891 is,
469 3816 517 3895 qui
542 3816 695 3895 quaeritur
718 3836 867 3890 uumerus,
891 3818 992 3878 valere
1015 3818 1162 3879 unitatem
1187 3818 1301 3879 cossice
1317 3818 1552 3893 denominatam,
1576 3836 1644 3879 cum
1667 3824 1769 3878 umen

408 3906 433 3965 is
457 3924 515 3965 uon
548 3905 589 3966 sit
612 3905 720 3968 uuit-as.
765 3905 813 3968 Ex
841 3907 898 3967 hac
928 3914 1027 3968 tamen
1057 3907 1137 3968 falsa
1163 3906 1312 3987 positione
1344 3907 1375 3967 iu
1405 3906 1607 3986 coguitionem
1629 3903 1771 3967 veritatis

409 3994 569 4073 perveniri.
616 3995 675 4067 At,
701 4013 719 4055 o
744 3994 837 4070 Urse,
862 4015 917 4056 nec
941 3995 1071 4076 quadrat
1094 3996 1264 4075 exemplum
1287 4013 1342 4056 nec
1364 4004 1447 4057 recte
1471 3996 1649 4075 explicatur.
1694 3992 1771 4056 Cum

408 4082 561 4143 nesciatur
591 4101 729 4143 numerus
762 4084 788 4143 is
823 4102 909 4163 quern
941 4085 1126 4165 quaerimus,
1163 4084 1299 4163 ignotum
1325 4084 1371 4159 illi
1399 4103 1506 4146 nomen
1540 4085 1645 4145 damus
1674 4100 1770 4163 eoque

409 4170 526 4232 nomine
555 4171 707 4250 pergimus
735 4172 774 4232 ad
803 4172 885 4251 leges
916 4173 1136 4252 praescriptas,
1171 4173 1266 4234 donec
1294 4181 1361 4234 arte
1384 4192 1491 4235 nomen
1514 4173 1545 4234 id
1569 4172 1656 4234 nobis
1681 4174 1769 4234 inno·

409 4267 516 4321 tescat.
563 4257 652 4329 Quod
676 4259 768 4339 igitur
789 4262 927 4340 ponimus
951 4262 1097 4323 unitatem
1121 4280 1188 4322 esse
1209 4262 1450 4335 denominatam,
1479 4263 1591 4325 laisum
1613 4280 1671 4322 non
1692 4259 1769 4322 dici·

408 4366 484 4408 mus.
531 4347 610 4409 Nam
640 4366 676 4408 eo
704 4349 787 4428 ipso,
822 4351 899 4430 quod
928 4356 1034 4411 udmen
1065 4350 1185 4412 additur
1215 4352 1340 4424 unitati,
1370 4350 1501 4412 innuitur
1524 4360 1625 4413 certus
1648 4349 1770 4431 qnidam

409 4455 557 4512 numerus,
582 4452 669 4515 quem
693 4436 718 4498 is
743 4437 793 4517 qui
817 4440 969 4518 quaeritur
992 4440 1086 4501 semel
1115 4439 1229 4501 valeat.
1276 4440 1334 4501 Hic
1354 4457 1425 4519 ergo
1445 4439 1528 4501 nulla
1552 4439 1632 4500 falsa
1645 4437 1768 4518 positio.

408 4525 455 4586 At
476 4525 505 4587 in
530 4525 740 4588 astronomicis
763 4526 979 4608 hypothesibus
1003 4527 1078 4589 nihil
1101 4528 1206 4590 simile.
1254 4526 1353 4598 Quam
1373 4529 1451 4602 enim
1466 4528 1590 4610 quisque
1612 4529 1770 4608 profitetur

410 4613 605 4695 hypothesin,
637 4632 697 4678 nou
725 4614 814 4677 aliter
842 4616 900 4678 nisi
923 4624 957 4679 ut
979 4624 1083 4677 uotam
1112 4625 1144 4679 et
1167 4619 1355 4697 exploratam
1383 4617 1560 4698 profitetur.
1595 4617 1630 4679 ln
1653 4615 1768 4697 regula,

409 4720 497 4782 quam
522 4703 591 4764 lalsi
616 4703 729 4775 dicunt,
753 4722 810 4783 quo
834 4705 931 4766 altero
956 4707 1092 4783 exemplo
1115 4714 1231 4786 pugnat
1245 4707 1350 4781 Ursus,
1376 4725 1435 4768 uon
1463 4707 1523 4767 alio
1547 4714 1636 4786 quarn
1651 4704 1770 4767 nomine

409 4791 530 4871 gloriari
554 4799 666 4871 potest.
714 4792 781 4854 Non
806 4794 885 4855 enim
907 4794 975 4855 ideo
1000 4794 1094 4856 salsus
1119 4795 1227 4857 dicitur
1250 4814 1389 4857 uumerus
1412 4796 1544 4874 positus,
1575 4796 1645 4876 quia
1667 4810 1769 4855 rerum

409 4878 479 4943 inde
503 4881 648 4966 sequitur,
674 4881 753 4962 quod
776 4882 804 4944 si
826 4883 923 4959 fieret,
945 4900 1005 4945 non
1028 4882 1084 4946 hoc
1107 4883 1152 4948 illi
1174 4902 1281 4947 nomen
1306 4893 1408 4948 esset:
1433 4884 1489 4948 sed
1511 4883 1591 4963 ideo,
1615 4882 1688 4969 quia
1709 4880 1769 4946 lal-
