3872 5836
399 308 465 378 382
822 314 923 365 literae
941 313 1045 379 Koplarl
1064 314 1216 379 morumque
1233 322 1335 367 mutuae

1079 468 1149 532 Jam
1173 471 1212 532 ad
1232 470 1660 534 divisionemintervalli
1674 466 1757 533 dia-

398 565 877 696 ΞΞΪΤ
896 637 965 645 „-.
991 577 1115 640 paeon.
1161 558 1210 620 Ex
1233 578 1301 621 mea
1324 559 1555 623 ratiocinatione
1579 561 1757 640 auriumque

399 646 703 739 Σθθῦῢ
730 672 965 716 -3---
988 647 1101 728 jndicio
1112 650 1475 720 nascuntnrvoeesistae‚
1491 644 1620 711 ut'rides
1634 649 1692 723 hic,
1709 649 1758 711 uhi

992 734 1193 799 imaGnotat
1204 738 1346 799 chordam
1356 746 1463 800 totam.
1501 736 1674 818 Sequuntur
1682 737 1712 810 h,
1728 737 1758 813 h,

399 844 428 900 c,
455 825 487 895 d,
511 825 573 897 dis,
598 844 627 900 e,
653 844 673 904 g
696 834 727 887 et
750 825 930 905 superiores.
976 825 1045 887 Jam
1070 826 1261 893 intervallum
1287 825 1330 895 G,
1355 828 1388 901 h,
1418 835 1450 888 et
1474 842 1646 907 supremum
1670 826 1758 907 primi

398 912 588 975 diastematis
613 915 759 993 diapason
784 934 815 988 e,
845 913 1016 994 gnoudum
1041 924 1112 975 suut
1134 915 1248 988 divisa,
1278 915 1388 978 desunt
1416 916 1495 976 euim
1518 934 1611 977 voces
1638 935 1658 975 a
1680 916 1756 977 etl.

398 1000 475 1064 Cum
500 1009 599 1063 autem
625 1001 669 1075 G,
698 1003 717 1064 b
741 1003 782 1066 sit
810 998 863 1085 ‘sse
895 1002 1087 1065 dividendum
1116 1001 1173 1063 en't
1196 1002 1226 1063 in
1249 1012 1373 1084 recepta
1397 1012 1429 1066 at
1450 1004 1566 1066 usitata
1589 1004 1758 1069 intervalla

401 1089 481 1153 Sunt
506 1097 605 1151 autem
625 1093 690 1171 jam
714 1093 852 1153 stabilita
874 1092 1036 1154 intervalla
1059 1111 1085 1162 c,
1109 1091 1137 1167 d,
1167 1083 1220 1171 ¹70,
1245 1093 1274 1167 d,
1300 1112 1326 1167 e,
1356 1087 1429 1175 'lm
1455 1092 1483 1167 h,
1510 1112 1535 1167 ο,
1568 1086 1650 1174 '‘lre·
1695 1091 1758 1155 Se-

398 1177 572 1241 miditonius
608 1190 709 1242 autem
734 1179 778 1255 G,
803 1183 821 1241 h
849 1200 908 1241 non
932 1180 1025 1241 hahet
1049 1182 1116 1260 plus
1140 1199 1229 1259 quam
1253 1181 1442 1242 semitonium
1465 1189 1497 1243 et
1519 1189 1639 1254 toncm3
1673 1181 1759 1243 aufer

399 1270 493 1348 igitur
516 1268 708 1330 semitonium
740 1264 806 1351 “lm
835 1269 1068 1331 asemiditonio
1097 1261 1150 1349 Ἃ,
1181 1278 1279 1331 restat
1302 1289 1361 1331 uon
1384 1269 1481 1332 miror
1503 1278 1594 1331 tonus
1621 1262 1675 1351 ll„
1703 1269 1758 1331 aad

398 1357 497 1436 major
523 1349 578 1438 ⁸l,;
603 1376 674 1436 ergo
698 1358 776 1419 inter
801 1358 840 1433 G,
866 1379 885 1419 a
908 1366 956 1419 cst
984 1351 1034 1439 Ἃ.
1081 1356 1228 1421 Similiter
1250 1358 1328 1421 inter
1350 1359 1413 1433 dis,
1438 1377 1458 1437 g
1481 1365 1531 1419 est
1547 1351 1596 1439 Ἃ,
1629 1361 1709 1419 inter
1728 1378 1756 1432 e,

398 1465 426 1527 g,
456 1441 490 1525 Ἰ,
518 1454 551 1507 et
572 1446 654 1507 inter
674 1447 731 1519 dis,
755 1466 771 1507 e
795 1454 843 1509 est
872 1440 953 1529 ”lm
979 1453 1100 1526 oportet
1120 1445 1331 1525 igiturvocem
1349 1448 1363 1509 f
1383 1448 1427 1509 sic
1442 1447 1550 1526 aptari,
1576 1454 1611 1509 ut
1633 1447 1758 1518 usitata,

399 1546 431 1596 et
453 1534 482 1594 in
506 1535 655 1614 prioribus
679 1537 855 1597 confirmata
878 1545 1051 1597 statuantur
1076 1535 1255 1612 intervalla,
1290 1535 1369 1616 quod
1397 1538 1446 1609 lit,
1481 1536 1508 1597 si
1538 1537 1564 1609 f,
1592 1552 1612 1615 g
1639 1535 1681 1597 sit
1707 1528 1756 1618 Ἃ,

400 1638 470 1686 tuuc
493 1622 551 1693 dis,
577 1625 659 1685 fest
687 1618 759 1705 ’lm
790 1634 822 1686 et
844 1645 870 1694 e,
895 1625 915 1698 f,
948 1619 1028 1706 ’Ἃρ

486 1711 572 1773 Haec
596 1712 761 1791 igiturest
780 1713 867 1791 justa
890 1714 998 1775 divisio
1022 1732 1075 1774 acc
1099 1718 1260 1781 διαπασων,
1286 1721 1320 1774 ut
1342 1712 1505 1774 intervalla
1528 1713 1573 1775 sic
1596 1731 1629 1775 sa
1652 1720 1757 1774 mutuo

399 1803 563 1881 sequantur
585 1801 616 1862 in
630 1808 720 1863 cantu
736 1803 827 1864 duro:
856 1795 905 1883 Ἃ,
927 1796 995 1879 ⁹l„„
1023 1795 1106 1883 “lm
1134 1793 1183 1881 Ἃ,
1214 1795 1280 1885 'lm
1314 1795 1395 1880 “lm
1424 1794 1484 1883 ’ἧς
1508 1801 1537 1863 in
1551 1808 1642 1864 matu
1657 1799 1756 1863 molli:

402 1885 452 1973 eise
485 1884 565 1972 ¹⁶iter
595 1883 661 1970 ⁹stur
692 1883 741 1971 aior
774 1884 854 1971 “ires
884 1884 950 1971 ⁹flor
981 1885 1030 1973 ⁸ic·

488 1979 547 2041 Ubi
570 1979 600 2039 in
625 1978 821 2040 commissura
844 1981 968 2041 duorum
993 1987 1194 2059 systematum
1217 1983 1371 2040 deonacum
1384 1978 1597 2040 continuantur
1614 1976 1674 2039 dnn
1692 1977 1757 2039 tnui

398 2067 540 2146 majores,
564 2075 596 2129 et
620 2067 644 2141 l,
670 2087 688 2127 a
711 2067 888 2146 imperfecte
912 2073 1094 2140 consonant,
1128 2073 1163 2127 ut
1185 2074 1216 2127 et
1239 2087 1272 2142 a,
1297 2085 1329 2127 c:
1363 2067 1534 2129 differentia
1556 2074 1607 2128 est
1627 2084 1755 2141 comma,

398 2157 477 2237 quod
499 2163 572 2234 puto
596 2175 616 2216 a
638 2153 812 2217 Reiuhardo
837 2156 985 2237 appellari
1009 2156 1131 2235 „lupum
1155 2156 1358 2234 organicom“‚
1393 2155 1494 2221 nesam
1519 2164 1630 2217 umen.
1675 2155 1754 2217 Nam

398 2245 520 2308 auribus
543 2244 619 2306 haec
648 2244 835 2325 imperfectio
864 2264 922 2307 non
951 2243 1193 2327 deprehenditur.
1239 2244 1400 2306 Accedunt
1422 2253 1486 2306 tres
1514 2245 1617 2305 claves
1640 2244 1755 2321 falsae}

397 2335 443 2408 lis,
468 2334 525 2415 gis,
550 2332 605 2408 cis,
630 2332 737 2413 quibus
761 2354 780 2394 a
803 2341 873 2396 tono
898 2337 972 2408 (nou
996 2335 1110 2395 minore
1139 2324 1206 2413 Ἀθ,
1230 2333 1316 2394 utin
1342 2333 1369 2407 b,
1395 2352 1421 2407 c,
1447 2341 1479 2395 et
1501 2334 1530 2407 d,
1555 2352 1587 2406 a,
1611 2352 1666 2413 per
1687 2333 1752 2412 pri·

398 2441 478 2485 mam
502 2440 608 2483 vocum
632 2421 895 2498 constitutionem)
919 2424 972 2486 sed
996 2420 1110 2500 majore
1137 2413 1187 2501 Ἃ,
1213 2421 1232 2495 l,
1258 2439 1296 2501 g;
1326 2439 1354 2500 g,
1379 2440 1417 2496 a;
1447 2440 1474 2496 c,
1499 2423 1538 2497 d;
1567 2422 1755 2484 abscinditur

399 2511 592 2575 semitonium
614 2512 759 2573 usitatum
791 2506 881 2594 ¹⁶l„,
909 2514 948 2575 oh
972 2510 1167 2584 mutationes,
1202 2520 1234 2571 et
1256 2509 1434 2589 relinquitur
1457 2512 1567 2573 lemma
1589 2511 1638 2573 val
1662 2506 1778 2572 diesia'

398 2601 508 2678 ἀμιλης
539 2593 638 2683 mim
667 2620 721 2681 pro
745 2618 797 2677 eo,
829 2602 908 2681 quc‘d
931 2602 960 2663 in
984 2609 1050 2662 toto
1074 2599 1187 2660 minore
1214 2599 1393 2678 relinquitur
1424 2599 1517 2661 diesis
1540 2597 1651 2676 ἀμιλης
1681 2592 1749 2681 ²⁸1„

398 2698 547 2753 commate
572 2692 679 2753 miuus.
726 2691 806 2753 Nam
829 2691 907 2752 adde
937 2683 1006 2772 ²7„
1036 2688 1074 2750 ad
1102 2682 1186 2771 ⁸⁰ls12
1217 2706 1352 2760 commo,
1391 2688 1597 2751 accumulatur
1628 2680 1753 2769 mim:

397 2779 447 2842 ubi
470 2780 507 2840 lis
530 2778 636 2841 crebra
658 2787 707 2840 est
738 2779 767 2840 iu
796 2788 887 2841 cautu
916 2781 989 2841 duro
1018 2796 1072 2859 pro
1096 2779 1117 2839 f.
1164 2778 1229 2837 Hoc
1261 2777 1352 2856 igitur
1379 2786 1469 2855 pacto
1498 2786 1596 2839 totum
1619 2787 1754 2949 slstema

397 2875 552 2930 &cnecon
574 2867 695 2929 usitatis
718 2868 887 2931 intervallis
907 2867 1035 2930 divisum
1050 2875 1106 2941 est,
1133 2866 1265 2945 fiuntque
1285 2866 1446 2947 intervalla
1467 2863 1589 2943 laprio,
1616 2858 1664 2944 ⁸„
1687 2858 1752 2947 'lm

405 2952 472 3040 ¹⁸1„
501 2960 637 3036 (praeter
660 2957 834 3019 harmonica
848 2959 990 3039 majora),
1015 2974 1073 3019 non
1091 2956 1151 3016 alia
1169 2957 1266 3034 plura,
1287 2962 1319 3016 et
1332 2955 1390 3016 duo
1404 2953 1508 3034 ἀμολη,
1528 2948 1612 3037 Ὓη,
1638 2944 1752 3037 ¹²70„

397 3064 473 3127 quac
498 3045 613 3107 faciunt
636 3046 835 3108 differentiam
858 3057 965 3108 cantus
989 3046 1054 3107 duri
1077 3052 1110 3106 ct
1133 3044 1242 3107 mollis.

485 3135 606 3205 Habes,
630 3134 760 3209 Tauclri,
785 3134 962 3196 divisionem
985 3132 1177 3195 monochordi
1201 3150 1241 3193 ex
1263 3130 1431 3211 geometria
1453 3132 1626 3194 deductam.
1673 3131 1753 3192 Nanr

396 3224 474 3284 nude
497 3222 689 3283 Reinhardus
722 3241 808 3284 suam
836 3221 1013 3296 deduxerit,
1045 3222 1161 3301 ignoro.
1208 3222 1256 3283 Ex
1279 3220 1364 3282 coelo
1394 3221 1473 3282 euim
1495 3239 1554 3282 uon
1578 3220 1751 3294 deduxisse,

397 3313 487 3373 docet
510 3308 710 3384 astronomia,
745 3329 820 3391 quae
844 3311 925 3373 ridet
949 3312 1018 3372 illos
1041 3309 1208 3371 Reinhardi
1240 3309 1406 3372 diametros
1429 3309 1643 3389 sphaerarum,
1676 3326 1753 3390 qua·

396 3408 466 3461 sunt
489 3397 589 3479 potius
614 3417 651 3459 ex
674 3400 788 3461 musica
810 3418 967 3480 perperam
991 3400 1156 3463 derivatae.

486 3489 572 3550 Duae
597 3495 698 3549 autem
721 3489 911 3567 potissimum
934 3496 1005 3550 sunt
1027 3507 1148 3557 causae,
1172 3506 1224 3550 cur
1247 3505 1302 3549 nec
1325 3506 1363 3548 ex
1386 3486 1542 3549 diametris
1555 3485 1752 3566 sphaerarum

394 3596 485 3639 voces
510 3577 681 3653 musicales,
706 3598 760 3639 nec
784 3596 821 3640 es
845 3577 960 3640 musica
983 3578 1122 3642 diametri
1144 3577 1342 3658 sphaerarum
1365 3576 1472 3638 deduci
1495 3576 1625 3655 possint.
1666 3572 1753 3638 Prior

395 3676 445 3729 est
468 3668 560 3729 llaec:
597 3665 667 3728 Etsi
690 3668 768 3729 enim
790 3677 863 3730 suut
892 3668 1151 3731 circumferentiae
1175 3667 1336 3728 circulares
1365 3665 1396 3726 in
1419 3665 1526 3726 eadem
1548 3664 1751 3745 proportione,

395 3758 425 3819 in
449 3775 508 3836 quc
537 3756 696 3827 demetri,
721 3767 753 3819 et
780 3766 865 3818 astra
897 3757 957 3819 illis
988 3750 1236 3820 circumferentiis
1267 3752 1429 3829 insistunt,
1463 3763 1565 3816 tamen
1590 3752 1752 3815 cadmina

395 3856 622 3925 comparantur,
648 3865 686 3907 eu
709 3847 895 3909 astronomia
917 3846 1078 3925 prolixitas
1101 3843 1217 3907 itineris
1239 3842 1418 3926 planetarii,
1443 3860 1481 3904 ex
1504 3842 1620 3905 musica
1641 3841 1752 3904 celeri·

395 3944 445 3997 tas
469 3934 600 3997 chordae
624 3936 738 4014 pulsae.
785 3936 853 3997 Nou
878 3936 956 3997 enim
980 3937 1010 3998 id
1033 3943 1081 3997 est
1104 3935 1229 4014 planeta
1253 3950 1307 3994 suo
1330 3932 1485 4002 circuitui,
1509 3933 1589 4013 quod
1611 3941 1661 3994 est
1682 3931 1750 4010 pla-

395 4035 493 4084 ctrum
516 4042 589 4085 suas
614 4022 759 4097 chordae;
791 4024 906 4085 chorda
934 4025 1014 4086 enim
1042 4023 1142 4085 brevis
1171 4021 1299 4084 celerius
1326 4029 1477 4095 movetur,
1510 4021 1601 4101 longa
1623 4019 1751 4083 tardius.

394 4114 439 4173 At
475 4113 599 4190 planeta
636 4111 713 4171 alias
751 4111 842 4174 hahet
880 4114 964 4193 leges
996 4132 1069 4175 suae
1102 4110 1288 4184 celeritatis,
1328 4129 1416 4191 quam
1448 4110 1655 4189 prolixitatem
1685 4109 1748 4171 cir-

394 4201 504 4262 cuitus.
552 4200 600 4260 Da
623 4197 754 4261 Saturno
779 4201 960 4264 brevitatem
988 4201 1130 4264 circuitus
1155 4198 1302 4272 Venerei,
1334 4200 1424 4261 citius
1451 4199 1572 4280 quidem
1601 4217 1669 4262 euru
1692 4198 1751 4260 ah·

394 4290 511 4362 solvet,
537 4306 631 4368 aeque
654 4298 755 4348 tannen
779 4289 840 4351 erit
862 4291 966 4352 tardus
991 4298 1092 4364 motu,
1117 4308 1153 4351 ac
1176 4307 1254 4351 nunc
1277 4296 1339 4363 est,
1364 4289 1390 4351 si
1414 4287 1458 4350 illi
1481 4288 1628 4367 genuinas
1651 4286 1751 4350 tardi-

395 4378 471 4438 tatis
499 4396 607 4438 causas
629 4377 792 4457 relinquas.
840 4376 908 4449 Quo
937 4379 1056 4441 nornine
1085 4397 1237 4460 uunquam
1264 4395 1338 4439 saue
1368 4378 1476 4439 dextre
1507 4377 1626 4440 institui
1647 4384 1753 4458 potest

392 4466 578 4543 comparatio
607 4474 739 4527 motuum
770 4468 921 4537 chordae,
960 4470 987 4529 h.
1021 4488 1048 4530 e.
1082 4486 1238 4537 sonorum,
1263 4474 1295 4528 et
1323 4467 1528 4546 planetarum.
1575 4466 1751 4530 Similitudo

394 4554 514 4635 quidem
536 4554 612 4615 haec
636 4563 692 4629 est,
718 4555 824 4635 quodsi
848 4556 970 4618 daretur
992 4558 1022 4618 in
1045 4557 1130 4619 coelo
1155 4563 1217 4631 aer,
1241 4556 1374 4637 planctis
1400 4555 1494 4618 lihere
1515 4575 1571 4637 par
1601 4574 1669 4619 eum
1691 4575 1751 4618 vo-

394 4642 541 4717 lantibus,
566 4642 689 4705 daretur
711 4664 786 4706 saure
809 4662 916 4721 sonus,
940 4662 999 4707 non
1022 4646 1133 4721 ninas,
1164 4664 1254 4727 quam
1277 4643 1391 4706 cuorus
1413 4664 1530 4708 rursum
1552 4664 1751 4727 pmraumque

393 4751 448 4816 per
471 4738 572 4818 aerem
594 4731 689 4795 motai.
735 4736 781 4795 At
803 4753 870 4795 cum
892 4734 921 4797 in
945 4736 1061 4798 musica
1083 4754 1174 4798 sonus
1197 4733 1329 4796 musicus
1353 4734 1513 4798 deliniatur
1535 4736 1574 4798 ab
1599 4735 1749 4817 mousti-
