3786 5808
400 352 445 440 40
998 370 1162 428 Prooemium.

399 532 541 615 'generale
565 542 650 595 esset
673 533 837 609 decretum,
860 534 1002 616 princeps
1025 535 1156 598 cilicium
1179 554 1277 597 meum
1301 535 1436 599 neutrale
1456 555 1524 597 esse
1539 545 1697 600 exemtnm
1713 539 1768 601 de·

401 625 541 698 clareret,
566 642 602 684 ne
618 623 671 684 illo
688 623 809 685 decreto
824 624 942 686 veniam
957 625 986 686 in
1008 624 1185 706 perieulum,
1210 625 1348 695 simorer
1366 626 1396 687 in
1411 626 1573 704 provincia.
1621 627 1769 708 Respon-

398 732 464 775 sum
487 719 534 774 est
558 711 606 774 his
630 711 746 773 verbis:
773 712 844 787 „lhr
859 713 983 776 Durchl.
1001 714 1108 776 wellen
1129 734 1200 776 auss
1225 715 1352 777 sondem
1377 715 1496 794 gnaden
1519 716 1686 796 vernilligt
1710 718 1769 779 ha·
1871 726 1872 741 ¹

399 802 476 876 ben,
515 802 587 864 dass
612 798 793 881 Supplicant
815 802 977 881 Ungeacht
1001 802 1056 865 der
1079 804 1202 884 general
1232 804 1446 884 ausschallung
1474 813 1531 866 etc.
1558 805 1639 867 noch
1666 806 1771 887 lenger

400 890 490 953 allhie
514 891 686 953 rerhleiben
712 899 809 969 mige.
857 892 942 954 Doeh
967 892 1024 954 soll
1049 911 1082 955 er
1105 892 1167 954 sich
1184 892 1388 955 allenthalhen
1407 894 1596 971 gebirlicher
1610 894 1768 957 Beschai·

400 979 523 1042 denheit
553 980 742 1061 gebrauohen
776 980 835 1041 und
868 980 932 1042 sich
965 982 1031 1043 also
1052 981 1301 1043 ·anerneislich
1332 982 1505 1059 verhalteu,
1539 983 1638 1045 demit
1663 986 1706 1046 Ir.
1730 984 1769 1046 D.
1871 1052 1872 1071 q

400 1069 524 1134 eolliche
547 1069 627 1150 guad
651 1068 741 1130 wider
765 1070 949 1133 aufzulreben
974 1070 1018 1133 uit
1042 1070 1219 1133 verursaoht
1233 1071 1367 1134 werde.“
1405 1070 1522 1134 Dicitur
1540 1073 1689 1153 princeps
1714 1073 1769 1135 dc-

402 1159 509 1222 lectari
532 1159 608 1221 meis
631 1157 861 1243 inventionibus,
886 1169 917 1220 et
941 1160 1099 1222 Maneehio
1123 1160 1244 1239 quidam
1268 1160 1456 1223 consiliarius
1475 1162 1555 1224 solet
1569 1162 1609 1225 ad
1624 1182 1676 1224 me
1692 1162 1771 1225 scri·

370 1318 372 1321 ¹
400 1249 482 1317 bere,
507 1248 585 1309 unde
610 1247 761 1309 faventem
786 1248 882 1308 habeo
907 1249 1017 1313 aulam.
1066 1248 1146 1321 Quid
1170 1249 1290 1311 autem?
1313 1249 1508 1314 Manebonei-
1534 1253 1580 1314 At
1602 1271 1644 1313 ex
1669 1252 1768 1314 omni-

401 1337 457 1399 bus
480 1335 576 1400 tribus
599 1336 762 1417 provinciis
791 1336 890 1398 exacti
920 1337 1049 1401 ministri
1078 1337 1199 1418 publici.
1246 1339 1362 1401 Latent
1393 1339 1461 1403 hinc
1494 1339 1562 1402 inde
1590 1341 1709 1421 privati
1741 1340 1774 1403 in

401 1425 529 1489 arcibus.
577 1425 621 1487 At
645 1426 671 1488 si
694 1424 760 1505 quis
784 1425 842 1487 civi
865 1426 1008 1507 principis
1032 1427 1163 1489 venienti
1186 1427 1302 1508 petenti
1325 1429 1454 1508 porrigit
1475 1438 1714 1498 sacramentum.
1739 1437 1768 1491 et
1871 1488 1872 1493 ,

402 1517 467 1596 ipse
490 1514 623 1596 pellitur.
669 1512 793 1577 Civibus
819 1515 970 1595 imperata
993 1513 1045 1579 26.
1070 1517 1148 1580 Nov.
1173 1516 1317 1595 parochia
1340 1518 1432 1592 urbis,
1457 1526 1677 1599 aquapetant
1692 1521 1770 1597 bep-

400 1605 532 1678 tisr'uum,
558 1603 783 1665 benedictiones
807 1605 1013 1684 conjugiorum
1039 1605 1118 1679 „und
1142 1605 1252 1665 andere
1277 1606 1468 1686 dergleichen
1484 1607 1632 1669 hcilsame
1650 1606 1768 1670 Sacra·
1871 1654 1872 1673 2

399 1701 499 1755 mente
522 1693 582 1755 und
598 1691 1076 1774 Gottesdienstbesueohungen⁸⁴.
1112 1694 1165 1756 lbo
1190 1693 1302 1773 igitur?
1338 1697 1383 1758 At
1405 1714 1480 1759 uxor
1503 1696 1654 1759 adhaeret
1679 1697 1768 1759 bonis

402 1781 465 1846 suis
490 1790 521 1845 et
544 1782 609 1863 spei
632 1782 776 1843 bonorum
796 1781 968 1861 patriorum.
1006 1783 1155 1845 Videntur
1178 1783 1277 1844 omnia
1300 1785 1474 1861 deserenda,
1500 1794 1590 1865 atque
1614 1787 1689 1867 ipsa
1713 1786 1769 1849 ad·

403 1891 439 1933 eo
462 1872 602 1952 privigna
620 1889 689 1932 mea
712 1868 733 1934 8
757 1890 910 1945 annorum,
935 1872 1024 1951 paulo
1038 1881 1109 1952 post
1121 1873 1249 1953 papatui
1263 1873 1418 1949 initianda,
1443 1874 1468 1937 si
1484 1883 1614 1938 matrem
1630 1877 1767 1939 amittat.

400 1961 477 2023 Tum
496 1959 567 2040 'quis
592 1959 658 2032 scit,
685 1960 734 2040 qui
757 1968 858 2021 status
881 1979 935 2021 vos
961 1958 1001 2022 sit
1024 1962 1187 2040 posthaec
1211 1970 1400 2044 excepturus.
1439 1964 1588 2027 Maturuit
1610 1965 1771 2029 vindemie
1871 2018 1872 2025 ,

400 2050 463 2112 irae
487 2049 545 2111 Dei
569 2049 661 2110 etiam
685 2048 766 2129 apud
789 2064 854 2111 vos.
902 2050 1135 2113 Tumultuantur
1158 2051 1266 2113 omnia.
1315 2053 1433 2132 ltaque,
1459 2054 1537 2134 quod
1561 2052 1768 2136 jampridem

402 2158 478 2220 ago,
512 2156 601 2218 agere
625 2156 761 2219 pergam.
808 2138 913 2217 Neque
937 2138 1190 2220 Wirtembergico
1215 2140 1408 2219 supplicabo,
1441 2142 1617 2224 priusquam
1642 2144 1768 2225 penitus

403 2227 555 2301 extrudar,
580 2245 675 2306 neque
699 2227 724 2288 si
749 2246 807 2307 qua
831 2224 1011 2289 Stuccardia
1033 2229 1104 2291 mihi
1128 2229 1264 2291 imminet
1287 2229 1415 2305 vocatio,
1441 2231 1601 2311 impediam
1626 2240 1684 2295 aut
1707 2233 1766 2294 im·

402 2316 537 2398 peditam
560 2315 683 2395 optabo.
729 2315 810 2379 Nam
833 2316 859 2377 si
883 2317 954 2378 talis
978 2337 1071 2380 causa
1093 2317 1240 2399 horologii
1264 2318 1383 2380 vocatio
1402 2321 1530 2395 venerit,
1555 2340 1678 2402 semper
1694 2321 1766 2383 mihi

288 2460 294 2471 .
404 2406 462 2468 erit
485 2406 643 2486 integrum,
669 2403 836 2467 deliberare
854 2402 897 2466 'de
922 2406 1131 2487 amplectenda
1154 2418 1207 2469 aut
1230 2406 1410 2470 declinanda
1432 2409 1495 2473 illa.
1543 2409 1612 2474 Nisi
1634 2404 1767 2474 aliudtu

403 2502 435 2557 et
449 2492 594 2574 Collegae
618 2499 649 2556 et
662 2493 702 2555 D.
718 2493 923 2557 Hafereiierua
950 2497 1125 2569 consulatis,
1151 2515 1273 2578 quorum
1297 2497 1425 2560 omnium
1448 2499 1575 2562 consilia
1597 2500 1660 2563 etsi
1676 2500 1768 2563 foeda

401 2582 459 2645 hac
482 2602 571 2645 manu
593 2589 626 2644 et
639 2582 758 2664 pictura
772 2582 891 2659 literae,
915 2603 952 2647 ex
972 2586 1069 2649 animo
1084 2595 1184 2648 tamen
1201 2595 1312 2673 etcum
1328 2585 1431 2648 debita
1445 2587 1617 2649 reverentia
1633 2596 1765 2670 expeto:

401 2679 576 2755 praestetue
608 2690 655 2734 me
687 2672 736 2735 hic
769 2690 859 2752 agere
889 2674 1152 2752 mathematicum,
1186 2671 1304 2756 qualem
1327 2675 1427 2759 Tycho
1459 2676 1591 2750 (ratione
1622 2678 1684 2742 loci
1708 2695 1766 2740 nou

396 2760 595 2835 ¹eruditionis)
616 2761 645 2823 in
660 2761 769 2835 Dania,
795 2762 962 2827 solitarium
986 2784 1030 2826 sc.
1056 2783 1111 2826 nec
1135 2764 1193 2827 nisi
1208 2764 1329 2843 scriptis
1344 2765 1417 2827 olim
1431 2767 1611 2847 loquentem,
1639 2787 1679 2829 an
1695 2784 1766 2828 vero

402 2852 506 2914 venari
529 2850 703 2913 occasiones
727 2851 866 2931 loquendi
895 2852 931 2914 de
966 2853 1112 2916 cathedra
1139 2851 1168 2916 ih
1198 2854 1298 2935 aliqua
1327 2855 1404 2916 forte
1437 2855 1618 2918 academia?
1666 2854 1766 2929 Quam

404 2940 608 3022 quaestionem
646 2941 712 3004 loco
746 2940 955 3004 valedictionis
985 2951 1016 3005 et
1044 2943 1196 3007 officiosae
1230 2943 1421 3006 salutationis
1450 2944 1587 3008 omnibus
1615 2963 1764 3027 propono.

404 3030 533 3107 Valete,
556 3047 611 3110 pro
634 3030 721 3101 nobis
744 3038 838 3092 orate.
885 3026 916 3093 9.
941 3031 1064 3095 Decem.
1112 3040 1151 3095 st.
1163 3053 1192 3096 n.
1217 3029 1270 3097 98.

680 3118 738 3182 Ex.
763 3120 798 3181 T.
831 3120 944 3183 ,Notus
1374 3119 1420 3183 Μ.
1444 3119 1578 3204 Kopion

1107 3256 1117 3265 .
1182 3208 1344 3272 Procerum
1369 3207 1490 3292 Styriae
1514 3210 1763 3274 Mathematicus.

473 3374 645 3448 Keplerus‚
664 3389 694 3433 ut
711 3396 786 3446 supra
794 3382 926 3433 Maeetlino
945 3384 1083 3448 scripserat,
1104 3384 1252 3437 Galilaea
1269 3384 1430 3438 Prodromam
1449 3402 1520 3440 saum
1536 3384 1671 3439 Patsdam
1687 3387 1764 3443 misit.

404 3456 445 3523 qul
463 3456 558 3521 gratias
576 3456 629 3521 egit
648 3470 691 3519 pro
709 3470 810 3505 munere
829 3454 867 3504 hie
885 3455 980 3505 verbis:

474 3560 576 3611 Librum
593 3567 678 3616 taum,
696 3561 836 3611 doctissime
855 3562 904 3622 eir,
926 3575 942 3611 a
958 3560 987 3611 P.
1007 3562 1157 3627 Ambergero
1176 3562 1209 3614 ad
1226 3578 1266 3613 ure
1284 3564 1385 3614 miesum
1404 3565 1507 3629 accepi,
1525 3570 1576 3614 noh
1593 3563 1694 3628 quidem
1713 3562 1763 3612 die·

404 3635 459 3689 bas,
477 3632 523 3683 sed
538 3633 625 3695 paucis
643 3632 733 3681 abhinc
750 3631 831 3689 beriae
851 3644 954 3698 cumque
972 3632 1038 3683 idem
1049 3632 1142 3685 Penius
1160 3634 1192 3686 de
1210 3649 1255 3685 sao
1272 3636 1354 3686 reditu
1371 3637 1397 3686 iu
1407 3636 1566 3688 Germaniam
1577 3649 1677 3685 meeum
1689 3634 1763 3684 rerba

405 3708 515 3761 iaceret,
533 3705 625 3769 ingrati
643 3704 751 3766 prolecto
770 3704 846 3752 animi
863 3703 973 3754 totamm
991 3719 1044 3755 esse
1063 3706 1212 3763 existimari,
1238 3708 1286 3756 nisi
1302 3707 1371 3758 laisee
1388 3708 1466 3758 literis
1483 3709 1527 3757 tibi
1546 3708 1577 3757 de
1595 3721 1699 3756 munere
1718 3719 1762 3754 ao·

408 3782 479 3841 cepto
497 3776 592 3841 gratiae
611 3789 719 3839 agerem.
756 3775 811 3839 Ago
829 3776 905 3841 igitur
922 3782 948 3825 et
965 3791 1048 3826 rursas
1067 3792 1140 3842 quem
1153 3779 1279 3829 maximas
1298 3793 1355 3844 ago,
1374 3780 1438 3846 quod
1456 3794 1495 3829 me
1514 3778 1559 3827 tali
1578 3776 1763 3843 argumentata

407 3855 477 3899 tuam
496 3846 631 3896 amicitiam
649 3859 783 3896 convocare
802 3847 834 3895 sis
853 3846 977 3910 dignatus.
1014 3848 1050 3897 Ex
1068 3848 1129 3898 libro
1147 3850 1183 3899 nil
1202 3849 1283 3899 adhuc
1301 3850 1365 3909 ridi,
1385 3852 1431 3900 nisi
1449 3851 1643 3914 praelationem,
1665 3859 1762 3911 exque

407 3926 493 3969 tamen
511 3918 752 3982 quantulumcunque
769 3925 839 3967 tuam
857 3921 955 3983 percepi
972 3921 1151 3977 intentionem,
1171 3926 1198 3971 et
1214 3922 1322 3985 prolecto
1340 3937 1493 3986 summopere
1511 3921 1638 3987 gratulor.
1664 3927 1763 3971 mutum

408 4005 448 4040 me
470 3991 496 4039 ln
519 3989 662 4054 indaganda
685 3991 788 4039 raritate
812 3992 906 4040 socium
923 3990 1014 4041 habere
1032 3992 1144 4058 adeoque
1161 3995 1237 4058 ipsias
1255 3995 1365 4045 raritatis
1384 3995 1499 4044 amicum.
1536 3992 1679 4043 Miserabile
1697 3990 1761 4041 enlm

409 4068 460 4118 est.
479 4061 542 4111 adeo
560 4074 628 4111 raros
647 4075 701 4111 esse
719 4061 829 4111 veritatis
847 4062 985 4123 studiosos,
1006 4065 1090 4129 etqui
1107 4080 1158 4115 aon
1176 4080 1315 4129 perversam
1333 4064 1520 4130 philosophandi
1538 4066 1661 4115 rationem
1678 4074 1760 4128 prese·

409 4139 531 4199 quantur:
551 4138 578 4182 at
596 4134 720 4197 quianon
739 4133 883 4196 deplorandi
900 4137 977 4184 nostri
995 4137 1072 4186 seculi
1087 4138 1199 4188 miserias
1218 4136 1257 4188 hie
1273 4137 1401 4194 locutam,
1420 4138 1464 4187 sed
1476 4143 1559 4186 tecum
1572 4129 1760 4201 congratulandi
1861 4190 1869 4201 .

410 4205 441 4256 de
458 4203 625 4269 pulcherrimis
642 4205 667 4253 in
686 4205 796 4255 veritatis
814 4205 1023 4257 confirmationem
1041 4209 1164 4259 inventis:
1191 4208 1247 4258 ideo
1269 4207 1317 4259 hoo
1339 4214 1437 4277 tautum
1460 4208 1551 4258 addam
1575 4213 1601 4257 et
1618 4205 1757 4271 pollicebar.

409 4290 449 4327 me
468 4289 546 4341 aequo
565 4276 647 4325 animo
665 4275 752 4325 libmm
770 4283 840 4326 tuum
857 4278 1021 4340 perlectumm
1040 4294 1102 4341 esse,
1120 4295 1176 4330 oum
1194 4288 1275 4330 sertus
1293 4281 1347 4338 sim,
1365 4295 1405 4330 me
1423 4278 1586 4343 pulcherrima
1602 4279 1628 4328 in
1641 4279 1694 4342 ipso
1707 4287 1760 4326 eno

410 4353 569 4412 reperturum.
606 4346 635 4396 ld
654 4354 738 4397 autem
757 4363 785 4397 eo
803 4347 917 4398 libentius
936 4349 1036 4407 isaiam,
1055 4351 1120 4416 quod
1137 4353 1163 4401 iu
1177 4350 1305 4416 (lopemiei
1317 4352 1466 4403 mutandam
1478 4350 1561 4401 multis
1579 4349 1670 4400 abhinc
1689 4345 1758 4398 enuit

410 4420 532 4475 venerim,
557 4431 589 4468 ao
606 4431 637 4467 ex
655 4418 699 4468 tali
717 4420 837 4483 positione
855 4421 985 4470 multomm
1003 4422 1079 4472 etiam
1097 4423 1247 4473 naturalium
1266 4422 1400 4473 affectuum
1419 4437 1512 4473 causae
1530 4424 1580 4472 sint
1597 4435 1614 4471 a
1631 4435 1671 4471 me
1690 4413 1757 4469 adin·

411 4496 514 4550 reatae,
531 4503 607 4555 quae
625 4490 698 4539 dubio
715 4490 799 4554 procul
816 4506 860 4554 per
878 4507 1030 4542 communem
1048 4493 1195 4558 hypothesin
1214 4494 1396 4559 inexplicabiles
1415 4500 1479 4544 suut.
1517 4492 1610 4543 Multae
1630 4484 1759 4552 conscripsi

413 4567 439 4611 et
455 4562 563 4613 rationes
582 4568 608 4610 ot
620 4569 817 4627 argumentorum
835 4564 861 4611 in
879 4565 1026 4612 contrarium
1046 4566 1191 4621 eversiones,
1210 4580 1271 4630 qaas
1289 4572 1374 4616 tamen
1390 4566 1415 4616 iu
1427 4565 1507 4615 lucem
1519 4564 1643 4628 hueusque
1655 4560 1758 4627 prolerre

412 4647 462 4683 uon
480 4647 533 4682 sum
552 4646 645 4688 ausus.
667 4633 767 4683 lortuna
783 4634 859 4697 ipsius
878 4633 1005 4698 Goperuici
1022 4638 1188 4700 praeceptoris
1205 4637 1283 4686 nostri
1300 4639 1459 4701 perterritus:
1488 4637 1530 4701 qul
1551 4635 1611 4685 lieet
1633 4635 1677 4684 sibl
1695 4625 1760 4694 apud

413 4703 507 4768 aliquos
519 4704 681 4754 immortalem
693 4705 784 4754 lamam
796 4706 928 4768 paraverit,
947 4707 1013 4769 apud
1029 4707 1136 4757 infinitos
1154 4714 1238 4759 menen
1257 4705 1355 4770 (teneas
1366 4710 1431 4758 euim
1444 4717 1482 4759 est
1493 4706 1621 4758 stultorum
1633 4695 1757 4759 nomem)

413 4775 528 4826 ridendus
546 4781 573 4826 et
590 4775 755 4838 explodendas
772 4776 870 4847 prodiit·
907 4777 1030 4827 Auderem
1056 4779 1165 4842 prolecto
1190 4793 1259 4845 meas
1284 4780 1445 4845 cogitationes
1471 4792 1599 4844 promere,
1626 4778 1649 4826 si
1671 4775 1757 4841 plum·

416 4846 495 4912 qualis
512 4852 540 4897 ta
556 4860 591 4907 ea,
610 4853 738 4904 extarent;
757 4856 785 4896 at
803 4861 858 4896 cum
870 4863 924 4919 'nou
943 4849 1005 4905 sint,
1024 4849 1160 4911 hujusmodi
1178 4851 1278 4916 negotio
1296 4850 1466 4914 supersedebo.
1502 4849 1628 4913 Temporis
1646 4841 1758 4911 angustie

417 4923 443 4979 et
459 4918 539 4979 stadio
556 4918 643 4971 librum
660 4923 730 4973 tuum
747 4917 845 4983 legendi
863 4932 943 4973 vexor.
963 4934 1038 4984 quere
1056 4920 1113 4975 huic
1131 4920 1205 4970 tinem
1223 4922 1350 4989 imponens
1367 4923 1403 4975 tei
1421 4936 1461 4971 me
1480 4920 1673 4974 amantissimam
1685 4922 1756 4980 etqui
