3838 5824
768 354 931 410 Μ
1034 432 1038 437 ,
1487 354 1534 429 ιι

170 515 295 637 m
287 514 691 583 ..emon-mss
708 515 1191 578 ammanuensium,
1214 522 1532 589 sumamma

243 694 386 758 Διιιιιμιι
401 702 537 761 nomm
551 694 679 762 Kspluns
693 696 768 748 niodo
785 698 936 761 praemon,
955 697 1119 762 mpsrloribns
1137 699 1188 748 nnis
1205 697 1270 750 haec
1288 698 1401 749 muido:

260 780 438 846 Clarissimo
459 785 500 847 D.
523 785 717 867 Praeceptor.
763 784 843 848 Dum
864 787 945 849 ultro
976 787 1109 868 citroque
1133 797 1282 851 commeat
1304 788 1447 863 nuncius,
1481 789 1531 853 ine

170 872 240 934 veni
255 872 351 934 mcum
365 873 496 953 aliquem
509 874 541 936 in
557 873 715 947 Gardano,
739 875 789 955 qni
811 894 876 939 rem
897 883 1034 939 nostram
1047 877 1302 941 ⁴automaturinm·
1313 877 1435 940 miridcs
1459 877 1531 941 illn-

170 969 263 1023 strat
308 959 361 1024 Sic
384 960 479 1042 igitur
510 964 563 1026 ills
597 963 648 1026 lib
676 961 716 1027 17
740 964 777 1025 de
798 962 987 1027 Subtilitate.
1035 965 1159 1046 „Nuper
1182 965 1274 1029 etiam
1298 966 1418 1047 quidam
1450 966 1533 1029 illam

170 1049 363 1129 „machinam
385 1052 486 1113 mnndi
506 1052 726 1127 universalem,
750 1053 822 1117 olim
845 1052 1226 1117 aGuilielmoZelandino
1246 1055 1532 1136 fabricatumatque

169 1139 441 1218 ‚,stssolotsnsrn
453 1141 645 1222 teuebrrsque
656 1160 868 1223 permortuam
882 1150 1131 1217 marcescentem,
1156 1161 1224 1206 cnm
1238 1163 1294 1224 ego
1311 1144 1439 1225 quodam
1453 1144 1531 1207 bono

169 1230 258 1304 „lato
285 1229 323 1290 ad
347 1228 577 1292 instaurandum
603 1230 700 1293 bonas
730 1238 814 1294 artes
851 1232 944 1295 etiam
976 1232 1075 1295 obiter
1103 1250 1163 1295 non
1185 1233 1283 1295 minus
1306 1251 1397 1313 quam
1420 1252 1458 1295 ex
1482 1233 1531 1295 in·

168 1317 309 1393 „dustria
336 1326 430 1380 uatus
462 1318 491 1381 in
524 1319 620 1381 lucem
648 1338 858 1395 revocassem,
889 1320 921 1381 in
944 1321 1095 1401 integrum
1118 1321 1264 1384 restituit.
1311 1320 1406 1400 Cujus
1426 1339 1531 1385 mem-

167 1407 243 1487 „plo
266 1407 358 1468 aliam
387 1404 498 1469 Carolo
522 1405 636 1478 Quinto
661 1407 787 1471 Caesari
814 1410 859 1473 ita
886 1411 1074 1485 construxit,
1107 1416 1141 1471 ut
1172 1410 1202 1473 in
1233 1429 1271 1473 ea
1302 1417 1334 1472 et
1365 1417 1531 1490 tempomm

167 1503 344 1572 „momenta
373 1504 408 1558 et
433 1503 541 1577 partes
569 1498 721 1576 signomm
745 1498 880 1578 singulas
904 1499 1010 1561 videas
1041 1506 1074 1561 st
1101 1499 1202 1560 octavi
1225 1499 1306 1561 orbis
1328 1506 1442 1561 motum
1465 1506 1531 1561 tar-

168 1584 349 1660 „dissimum
371 1584 529 1648 intuearis.
577 1586 751 1650 Divisiones
774 1605 890 1668 quoqne
914 1587 997 1650 orbis
1020 1587 1172 1668 signorum
1185 1587 1307 1661 varias,
1332 1606 1407 1668 quas
1426 1588 1532 1650 domos

166 1681 322 1750 „vocant,
346 1674 496 1755 horasque
518 1676 660 1756 aequales
684 1682 717 1736 et
738 1676 929 1757 inaequales,
953 1686 986 1738 et
1008 1677 1087 1757 quod
1104 1678 1202 1757 majus
1217 1684 1279 1746 est,
1303 1676 1434 1739 universi
1449 1675 1530 1739 orbis

167 1764 330 1843 „partibus
356 1763 574 1837 inservientes,
600 1772 635 1826 ut
656 1764 732 1827 hooc
756 1784 825 1827 vere
847 1764 990 1827 machina
1013 1765 1116 1828 orbem
1138 1765 1309 1828 universnm
1337 1765 1469 1839 referat,
1500 1765 1530 1827 in

167 1872 232 1930 ‚,ea
253 1851 401 1932 inspicere
426 1846 507 1914 lic'et.
554 1851 671 1916 Omitto
700 1871 879 1933 progressus
912 1872 1126 1935 regressusque
1155 1853 1339 1935 singniomm
1368 1855 1531 1917 errantium

167 1942 337 2019 „siderum,
369 1940 546 2004 latitudines
570 1941 823 2023 altitudinesque,
855 1942 974 2022 aliaque
996 1943 1169 2019 innumera,
1197 1952 1233 2005 ut
1254 1940 1379 2023 prorsus
1400 1961 1449 2005 ros
1472 1960 1531 2006 non

167 2031 289 2106 „minus
319 2031 403 2093 lama
433 2049 523 2111 qnam
555 2031 612 2092 fide
640 2031 737 2111 maJ‘or
760 2031 810 2093 sit.
857 2031 1007 2095 Referunt
1028 2030 1129 2095 Sabor
1159 2035 1260 2112 regem
1284 2031 1445 2094 Persarum
1473 2032 1531 2094 hu·

166 2119 356 2199 „juscemodi
389 2119 557 2182 machinam
591 2128 655 2182 tam
686 2120 832 2199 grandem
864 2120 983 2183 evitro
1014 2121 1148 2184 construi
1181 2121 1304 2194 iecisse,
1337 2128 1371 2182 ιιι
1402 2119 1431 2181 in
1465 2120 1531 2200 eins

166 2216 295 2284 ‚,centro
310 2209 444 2284 sederet,
467 2216 613 2291 tanquam
632 2207 662 2271 in
677 2209 789 2272 Terrae
809 2209 984 2288 sphaerula,
1008 2216 1198 2290 spectantem
1217 2209 1274 2271 snb
1292 2208 1419 2289 pedibus
1439 2210 1532 2271 etiam

167 2305 295 2374 „astra,
320 2297 545 2381 exorientiaqne
569 2317 605 2359 ac
619 2298 792 2360 occidentia
805 2298 922 2374 sidera,
947 2299 1056 2378 ursio,
1080 2299 1217 2361 mortalis
1232 2316 1299 2361 cum
1318 2305 1415 2367 esset,
1440 2315 1533 2376 supra

166 2395 295 2463 „tanen
318 2404 435 2449 omnem
457 2386 654 2451 mortaiitatis
678 2387 790 2450 laetum
813 2394 846 2449 et
868 2389 1109 2468 expectationem
1128 2383 1197 2450 esse
1215 2385 1401 2450 videretur.“
1445 2385 1532 2449 Haec

167 2476 365 2556 transsui-ipsi
394 2484 519 2556 propter
546 2477 604 2538 duo
632 2474 765 2538 illustria
787 2477 926 2558 exempla
949 2476 1145 2557 sphaeramm
1172 2484 1204 2538 et
1231 2476 1356 2539 alterins
1384 2481 1530 2539 autorem.

166 2563 317 2636 Quamvis
348 2564 522 2627 incredibile
553 2565 590 2627 de
613 2563 742 2645 Sapore.
790 2563 882 2629 Certe
914 2566 1095 2629 universalis
1123 2565 1253 2646 sphaera
1285 2582 1342 2626 non
1373 2562 1444 2634 ruis,
1479 2571 1533 2626 ant

165 2664 254 2717 mota
275 2673 333 2715 non
358 2654 428 2727 luit,
452 2655 632 2734 praesertim
655 2652 764 2716 vitrea.
810 2655 916 2737 Neque
930 2655 1003 2718 milui
1026 2655 1130 2717 divina
1143 2655 1206 2717 ista
1229 2654 1266 2716 de
1289 2652 1421 2717 barbara
1439 2660 1531 2733 geute

166 2743 348 2827 persuadeo.
395 2744 497 2823 Atque
521 2762 557 2804 en
580 2742 637 2805 tibi
660 2743 826 2804 sessionem
849 2744 931 2824 regis
955 2745 984 2806 in
1008 2744 1155 2822 sphaera,
1185 2762 1261 2824 qnae
1285 2740 1408 2804 barbari
1431 2742 1531 2803 fastus

167 2852 208 2896 an
231 2829 330 2895 civilis
353 2831 564 2893 delectationis
593 2839 802 2910 argumentum
831 2832 888 2906 sit,
920 2832 950 2894 in
973 2840 1093 2912 promtu
1116 2839 1165 2894 est
1189 2830 1338 2911 judicare.
1386 2829 1450 2893 Sed
1474 2849 1530 2891 nec

167 2930 304 2984 monstro
327 2929 413 2982 caret
434 2920 530 2983 moles
553 2919 607 2982 illa
630 2920 747 2999 ingens.
793 2919 941 3000 Equidem
955 2919 1111 2996 existimo,
1133 2927 1381 3000 praetervanam
1407 2926 1439 2980 et
1457 2918 1530 2980 bar-

165 3012 273 3073 baram
296 3008 532 3071 ostentationem
555 3016 588 3071 et
611 3007 848 3088 magnitudinem
872 3008 954 3088 globi
973 3009 1064 3071 vitrei
1087 3008 1269 3071 insolentem
1293 3006 1365 3070 nihil
1389 3014 1531 3087 spectatu

165 3099 352 3162 continuisse
385 3098 517 3177 dignum.
565 3099 598 3161 ln
627 3097 726 3159 alters
748 3096 817 3160 vide
847 3096 919 3160 mihi
947 3097 1085 3160 inutilem
1115 3097 1248 3161 laborem
1282 3098 1313 3160 in
1337 3094 1530 3176 exprimendo

166 3196 250 3252 motu
273 3187 375 3250 octavi
400 3187 494 3261 orbis,
532 3188 581 3268 qui
609 3195 672 3249 ιιιιι
700 3185 830 3249 nondum
854 3195 922 3250 erat
949 3186 1007 3249 rite
1035 3186 1186 3267 cognitus.
1232 3188 1267 3249 Ιιι
1295 3185 1384 3248 laude
1416 3192 1531 3265 ponunt

167 3277 339 3359 hujusmodi
355 3276 501 3351 artifices,
525 3275 637 3339 imitari
652 3274 798 3337 calculum
818 3275 1010 3338 multitudine
1024 3286 1172 3352 motuum,
1198 3293 1255 3356 ego
1273 3280 1431 3355 praestare
1444 3271 1528 3353 pulo,

165 3379 201 3428 nt
224 3375 364 3429 naturam
387 3365 487 3429 imiter
510 3366 539 3427 in
564 3366 637 3439 situ,
663 3363 723 3426 etsi
747 3364 938 3428 tardissimos
960 3364 1030 3426 illos
1043 3372 1144 3428 motus
1163 3372 1301 3444 exparte
1316 3362 1382 3444 quis
1398 3363 1529 3425 omittat.

256 3455 363 3534 Pergit
391 3451 565 3523 Uardanus,
607 3463 639 3515 et
673 3453 812 3516 recitatis
842 3451 1004 3517 Claudiani
1036 3454 1189 3528 versibus,
1228 3453 1336 3534 quibus
1366 3451 1529 3532 descriptio

165 3543 387 3607 Archimedem
411 3534 559 3623 sphaerae
582 3541 768 3615 continetur,
791 3543 867 3604 baec
890 3542 1030 3622 subjicit:
1060 3541 1195 3617 „Oausa,
1219 3560 1332 3605 carex
1355 3540 1435 3602 vitro
1458 3541 1530 3603 olim

167 3634 277 3707 „fieret
299 3632 438 3694 machina
461 3631 604 3695 coelestis
627 3631 726 3705 orbis,
751 3638 836 3706 erat,
862 3632 1002 3713 qnoniam
1026 3639 1192 3694 comesset
1215 3631 1335 3693 aemula
1358 3649 1427 3692 vere
1442 3628 1529 3703 cosli,

166 3721 421 3796 „includebantur
444 3721 573 3783 minores
597 3719 776 3799 majoribus:
802 3737 890 3799 quarn
915 3720 1039 3783 obrem
1067 3720 1117 3801 qni
1145 3722 1225 3782 intus
1254 3727 1343 3782 erent
1376 3726 1408 3781 et
1430 3719 1531 3781 sidera

166 3811 322 3891 „spectari
346 3828 405 3872 non
428 3810 614 3890 potuissent,
635 3808 691 3870 nisi
716 3826 819 3869 omnes
842 3827 881 3870 ex
903 3809 1033 3872 materia
1060 3810 1220 3889 perspicua
1243 3808 1365 3872 conflati
1389 3807 1529 3870 fuissent.

166 3900 297 3982 „ltaque
321 3899 371 3980 qui
401 3917 479 3961 nnnc
502 3898 558 3960 has
585 3898 680 3960 moles
711 3897 838 3972 faciunt,
871 3897 943 3961 vitri
973 3897 1172 3978 fragilitatem
1193 3906 1351 3971 verentes,
1384 3903 1532 3976 coguntur

166 4008 249 4064 „non
272 3987 441 4052 naturalem
463 3988 566 4050 mundi
588 3986 757 4049 machinam
777 3986 936 4063 aemulari,
960 3988 1062 4049 orbern
1081 3986 1146 4049 orbi
1165 3986 1429 4067 circumponendo,
1453 4002 1531 4066 qun·

168 4078 273 4154 „niam
305 4095 371 4140 cnm
393 4094 433 4138 ex
450 4077 575 4139 metallo
598 4075 661 4137 sint
687 4074 782 4137 videri
805 4093 864 4138 non
891 4084 1033 4156 possent:
1067 4076 1121 4137 sed
1145 4083 1219 4156 quot
1246 4082 1318 4138 sunt
1345 4073 1449 4150 orbes,
1482 4080 1530 4137 tot

168 4167 326 4242 „efficiunt
348 4165 484 4238 tabulas,
508 4173 563 4227 aut
585 4164 693 4227 saltem
717 4183 821 4240 senas,
846 4163 928 4227 Solis
952 4164 1055 4227 orbem
1074 4163 1205 4228 Veneris
1227 4164 1291 4226 orbi
1315 4163 1530 4239 immiscentes,

168 4256 221 4332 „in
245 4255 459 4335 circuitumque
482 4254 710 4335 compaginant,
745 4261 780 4315 nt
803 4253 881 4334 qnod
904 4260 953 4316 est
980 4260 1127 4329 rotarum,
1160 4254 1339 4333 ponderum,
1373 4253 1530 4326 molarum,

170 4362 345 4420 ,·‚cnrrnnm,
380 4343 610 4418 denticulomm,
641 4342 792 4418 nolarum,
820 4342 986 4423 virgarum,
1016 4343 1129 4405 lunium
1153 4350 1245 4423 atque
1268 4340 1393 4404 aliorum
1416 4341 1530 4407 instru-

169 4441 373 4508 „mentorum,
399 4432 497 4495 lateat
519 4431 634 4494 intus.“
675 4430 777 4494 Audis
793 4429 982 4506 (lurdonum,
1007 4440 1127 4494 veteres
1151 4430 1295 4494 aemulari
1314 4439 1454 4509 usturam
1478 4450 1530 4492 so·

170 4523 255 4597 litos,
280 4522 465 4584 recentiores
488 4529 663 4583 construere
678 4520 901 4597 domunculam,
926 4521 1004 4583 forte
1014 4520 1217 4600 sexangulam
1237 4527 1372 4582 aulneto
1392 4519 1529 4592 laterum,

167 4620 203 4673 et
234 4610 349 4673 foris
340 4628 370 4671 m
404 4609 548 4673 lateribus
576 4608 799 4686 circumponere
832 4610 881 4673 hio
911 4610 1071 4689 sphaeram
1100 4608 1243 4678 Saturni,
1274 4607 1337 4670 illic
1359 4608 1447 4670 Jovis
1470 4615 1529 4669 ιιι.

169 4699 214 4762 m
241 4699 298 4761 hoo
327 4698 401 4761 dicit
429 4696 587 4775 Uardanus
626 4696 774 4776 sphaerae
802 4698 1038 4761 Zelandinianae
1070 4697 1298 4761 commendator
1329 4703 1363 4759 ut
1402 4695 1532 4758 omnium

150 4786 472 4869 praemunierimus,
494 4792 531 4848 ut
553 4804 611 4847 non
634 4784 786 4865 possimus
809 4786 964 4859 dubitare,
998 4785 1068 4865 quin
1091 4786 1146 4847 illa
1169 4803 1286 4867 quoque
1309 4784 1340 4847 in
1363 4784 1441 4847 hunc
1463 4802 1530 4844 mo-

171 4877 257 4955 drnn,
289 4890 350 4937 nm
377 4875 416 4939 ad
441 4873 675 4945 umnlalionem
701 4879 829 4937 naturae
857 4873 899 4936 sit
920 4881 1077 4963 coaptate
1123 4871 1283 4953 Quomodo
1315 4872 1385 4953 quid
1417 4887 1531 4954 quaeso
