3872 5836
716 385 1017 452 resumens
1115 468 1118 474 A
1272 377 1274 381 ’
1478 383 1539 451 err

184 546 340 616 naturam,
367 559 461 621 esque
483 541 512 602 si
535 543 574 603 ad
597 544 713 604 oculum
736 543 889 609 invenitur
910 545 940 607 in
964 544 1171 617 microcosmo,
1195 542 1267 623 quid
1289 543 1412 620 mirum,
1442 543 1469 606 si
1491 546 1542 609 iu·

184 629 324 690 veniatur
347 638 379 691 ct
400 630 431 690 in
453 646 666 693 macrocosmo.
714 634 901 711 Aspectuum
925 633 1125 696 differentiam
1153 633 1183 693 in
1208 634 1275 693 sola
1297 633 1488 695 vehementia
1511 642 1544 697 et

186 717 363 779 tortitudine
385 737 474 798 pono.
522 717 670 782 Omnibus
693 720 773 783 idem
795 740 872 801 opus
896 722 1005 784 bouum
1026 722 1145 793 tribuo,
1173 721 1394 782 extimulare
1420 722 1541 786 facul·
1600 724 1607 735 “

183 813 289 866 tates
322 807 505 869 animales
537 809 583 873 ad
615 827 726 888 opera
757 829 831 872 sna.
888 815 1057 891 Aspectmu
1088 810 1167 871 iuter
1196 809 1283 871 binos
1314 810 1455 888 planetas
1488 832 1541 875 ssu

184 894 252 973 ipsa
275 912 403 974 corporo
426 896 545 976 fingere,
570 898 700 977 imperiti
724 910 782 960 est.
830 899 900 962 Vox
923 908 973 961 est
994 900 1146 966 Arabum.
1171 900 1225 959 sed
1248 907 1338 977 puto,
1358 916 1397 959 ex
1420 898 1541 963 Graeca

183 983 352 1045 Ptolemaei
371 1004 576 1065 σχηματισμος
589 987 727 1049 deducta
764 990 830 1049 Aut
852 989 878 1049 si
902 1008 939 1050 ex
954 989 1164 1068 καταβλεψεσι,
1188 994 1358 1058 astemoe,
1381 987 1539 1052 dnmmodo

183 1072 337 1133 commode
360 1074 605 1153 interpretemur,
636 1076 673 1136 de
698 1095 845 1139 concursu
868 1078 1031 1152 radiorum,
1061 1077 1090 1139 iu
1115 1093 1172 1155 qno
1195 1076 1276 1137 inest
1298 1084 1455 1154 aspectus,
1479 1097 1538 1138 nou

182 1160 212 1222 iu
233 1161 344 1222 circulo
375 1163 571 1242 imaginario,
606 1164 655 1246 qui
688 1165 869 1227 adsciscitur
901 1167 939 1227 ad
971 1166 1140 1227 metiendos
1174 1165 1301 1242 angulos
1333 1182 1538 1228 concursunm.

183 1247 247 1311 Sed
271 1250 307 1311 de
331 1251 388 1312 hoc
412 1251 440 1312 iu
465 1251 741 1316 dissertatiuncula.
787 1254 869 1315 Nihil
894 1254 942 1315 hic
975 1253 1073 1315 tribuo
1097 1253 1269 1326 reflexioni,
1303 1272 1374 1315 uam
1398 1263 1539 1333 aspectos

182 1345 232 1400 εει
252 1338 283 1400 in
308 1358 391 1401 mera
414 1340 577 1403 incidentia
600 1361 653 1403 seu
676 1361 822 1406 concursu
846 1345 1005 1406 radiorum.
1051 1343 1118 1404 Nec
1137 1341 1271 1421 seqnitur
1295 1342 1441 1420 operatio,
1467 1343 1539 1424 quia

181 1428 307 1490 alterins
330 1430 431 1490 radius
465 1430 626 1492 aTellnre
658 1432 688 1493 in
717 1432 842 1494 alterius
870 1450 978 1512 corpus
1011 1430 1178 1493 reflectitur
1211 1430 1303 1509 (quae
1335 1430 1536 1511 philosophia,

179 1524 262 1596 puto,
288 1526 337 1579 est
349 1516 486 1579 Jofrauci
502 1516 644 1593 oduei),
661 1514 703 1595 ¹⁰)
726 1521 781 1582 sed
804 1521 875 1600 quia
891 1520 1026 1583 binomm
1041 1520 1118 1582 radii
1141 1526 1226 1579 certo
1240 1519 1350 1598 angulo
1374 1520 1403 1580 iu
1427 1531 1538 1600 puncto

182 1624 218 1667 eo
241 1614 429 1680 concurmnt,
455 1607 484 1667 iu
509 1626 566 1687 quo
590 1608 755 1670 collocatur
776 1628 826 1670 res
849 1608 1069 1683 immateriata,
1096 1614 1239 1685 aspectus
1262 1608 1417 1685 receptiva
1440 1609 1539 1670 lacul-

182 1702 245 1769 tas‚
269 1713 377 1774 nempe
400 1695 549 1757 animalis.
597 1698 656 1759 Ubi
685 1697 758 1758 nihil
786 1698 928 1778 impedit,
960 1707 1074 1778 puncta
1103 1697 1222 1758 differre
1251 1695 1290 1756 ab
1313 1694 1443 1758 invicem
1463 1706 1498 1758 ει
1519 1717 1540 1758 s

182 1779 287 1844 centro
310 1784 432 1846 Terrae.
479 1786 559 1847 Nam
583 1793 615 1847 et
640 1786 705 1865 jem
734 1786 847 1848 dictum
871 1794 905 1848 et
925 1786 1106 1848 inculcatum
1130 1785 1159 1846 iu
1179 1783 1402 1862 Disputatione',
1426 1803 1538 1865 opera-

180 1872 297 1933 tionem
319 1872 397 1934 hauc
419 1890 474 1954 per
497 1883 639 1954 aspectus
664 1893 732 1937 esse
761 1875 860 1937 stellis
884 1874 1119 1937 accidentariam
1147 1880 1180 1933 et
1201 1878 1320 1934 ιιιιιιιιιι
1342 1874 1536 1953 objectiuam.

181 1961 291 2041 ltaque
322 1970 355 2022 ut
385 1961 528 2024 videntur
556 1963 680 2037 stellae,
711 1964 739 2024 h.
764 1983 791 2025 e.
814 1972 850 2026 ιιι
872 1962 950 2025 radii
972 1964 1139 2037 confluunt,
1165 1962 1210 2022 ita
1233 1962 1369 2040 operatio
1392 1962 1537 2042 sequitur.

179 2051 226 2110 An
248 2049 324 2110 visio
348 2069 386 2110 ex
409 2057 513 2112 centro
537 2051 648 2113 Terrae
672 2053 746 2114 nihil
769 2052 955 2116 sensibiliter
987 2052 1088 2113 differt
1119 2070 1139 2111 a
1162 2048 1278 2110 visione
1308 2068 1347 2110 ex
1368 2051 1535 2130 superficie,

180 2138 218 2198 ob
246 2137 436 2199 altitudinem
460 2140 591 2202 siderum
615 2141 790 2216 immanem
827 2159 899 2221 ergo
928 2159 1024 2221 usque
1052 2138 1189 2218 operatio
1219 2137 1320 2200 differt
1341 2139 1537 2223 sensibiliter.

180 2226 223 2287 Et
245 2227 315 2306 quid
340 2235 412 2302 tum,
437 2228 462 2288 si
487 2228 620 2290 differret
643 2229 850 2292 sensibiliter?
948 2230 1043 2291 eratin
1067 2228 1145 2289 euim
1169 2235 1360 2306 sequentum
1389 2247 1416 2289 e,
1441 2248 1471 2308 g.
1495 2230 1539 2291 sit

183 2314 263 2377 hora
285 2314 358 2379 ΧΠ.
384 2316 503 2379 sextilis
525 2316 649 2381 Saturni
672 2328 705 2379 et
717 2319 830 2380 'Innae
852 2319 883 2379 in
907 2339 923 2380 c
963 2329 1009 2379 tm
1034 2318 1161 2391 Terrae3
1188 2323 1270 2391 esto,
1298 2324 1333 2377 ιιι
1355 2317 1539 2381 sensibiliter

182 2402 279 2465 distet
302 2405 358 2466 hoc
380 2411 499 2484 tempus
524 2426 542 2465 a
565 2415 700 2486 tempore
723 2408 789 2486 ejus
812 2408 946 2483 sextilis,
972 2407 1020 2487 qui
1044 2406 1075 2467 in
1099 2403 1255 2485 superficie
1279 2404 1393 2466 Terrae
1416 2406 1536 2468 coutin-

183 2500 250 2572 get3
282 2511 349 2554 cum
373 2493 465 2573 igitur
486 2493 583 2569 Luna,
607 2496 698 2556 imum
721 2496 821 2569 sidus,
856 2496 953 2556 locum
976 2502 1073 2556 mutet
1094 2513 1152 2557 uuo
1175 2493 1284 2573 gradu,
1314 2512 1387 2573 ergo
1409 2513 1446 2555 co
1469 2513 1537 2556 mo·

181 2590 284 2643 mento
306 2583 387 2643 inter
409 2578 430 2663 h
455 2590 487 2643 et
509 2585 534 2655 )
558 2593 647 2646 eruut
670 2579 740 2647 61⁰.
787 2584 864 2645 Post
886 2581 908 2645 2
931 2584 1021 2645 horas
1052 2583 1217 2644 intererunt
1244 2575 1315 2657 60⁰,
1344 2583 1394 2661 qui
1421 2598 1538 2646 rursum

181 2670 302 2732 sextilis
326 2679 385 2733 est.
430 2671 537 2750 ltaque
567 2673 648 2733 iutra
675 2671 695 2735 2
724 2673 814 2734 horas
839 2672 1025 2745 coincidunt,
1057 2671 1087 2731 in
1110 2670 1221 2732 ceteris
1243 2670 1375 2748 propius.
1423 2671 1538 2733 Vemm

176 2761 243 2839 jam
267 2759 425 2821 considera
449 2768 481 2821 et
504 2761 697 2823 latitudinem
719 2760 901 2829 nonnullam,
925 2759 1031 2821 tamin
1046 2758 1229 2837 aspectibus,
1254 2759 1387 2836 quernis
1406 2759 1534 2820 musica.

179 2849 249 2912 lion
281 2850 387 2911 statim
420 2849 517 2909 omnis
544 2850 744 2911 consonantia
775 2858 922 2929 negatur,
960 2848 1019 2909 etsi
1051 2846 1180 2908 chordae
1212 2864 1271 2906 nou
1301 2855 1441 2927 accuratp
1474 2848 1537 2910 sint

181 2948 297 2999 tensae.
345 2935 425 3008 Quin
448 2937 509 2998 imo
532 2938 717 3017 quamndaru
741 2938 1004 2999 consonantiarum
1037 2934 1237 2996 dimensiones
1266 2934 1439 2995 necessario
1467 2954 1536 2997 ma-

179 3034 253 3088 nent
275 3027 480 3106 imperfectae,
505 3027 584 3106 quod
608 3027 833 3089 hundameutnrn
856 3036 905 3086 cst
928 3034 1065 3086 tonorum
1088 3022 1275 3096 affectionis,
1312 3039 1409 3101 neque
1432 3031 1537 3086 tamen

179 3116 249 3176 ideo
272 3134 331 3177 nou
355 3115 496 3199 delectat
513 3116 621 3177 talium
645 3123 782 3178 tonorum
804 3114 970 3194 usurpatio.
1016 3113 1066 3174 Ita
1089 3112 1192 3172 videas
1215 3111 1442 3190 conjunctiones
1464 3112 1535 3191 ple-

179 3213 317 3266 netarnm
342 3204 501 3280 efficaces,
535 3205 584 3266 ubi
609 3206 731 3268 diuersa
759 3204 898 3279 latitudo,
924 3202 1081 3264 dummodo
1105 3220 1162 3263 uon
1187 3198 1298 3274 uimie3
1334 3199 1428 3279 igitur
1449 3209 1483 3263 et
1504 3200 1534 3262 in

180 3293 368 3373 longitudine
391 3294 455 3355 lato
477 3294 607 3375 quodam
630 3295 720 3356 modo
743 3294 903 3356 definiendi
926 3301 1085 3372 aspectus,
1115 3298 1150 3352 ut
1172 3310 1192 3351 a
1215 3282 1276 3351 60⁰
1298 3288 1419 3369 quidem
1441 3308 1534 3369 prse-

180 3382 243 3443 cise
267 3391 428 3461 operentur
451 3384 681 3463 perfectissime,
708 3384 762 3445 sed
785 3404 805 3445 o
827 3378 889 3447 59⁰
911 3392 944 3445 et
966 3402 985 3442 a
1008 3375 1070 3445 61⁰
1092 3386 1254 3461 operentur
1276 3377 1360 3441 nibil.
1397 3378 1465 3441 Hoc
1481 3399 1534 3443 ss·

178 3480 277 3534 sumto
308 3472 398 3551 plane
429 3470 558 3535 ridicula
588 3475 646 3535 erit
668 3473 799 3552 objectio
823 3474 861 3534 de
885 3471 1055 3533 differentia
1086 3470 1184 3532 centri
1207 3476 1240 3530 et
1261 3467 1533 3539 circumferentiae,

178 3560 256 3622 addo
280 3568 313 3621 st
335 3561 372 3622 de
395 3561 573 3635 differentia,
598 3580 687 3641 qnam
710 3562 787 3623 lacit
808 3561 959 3622 refractis.
997 3558 1144 3630 Quamvis
1159 3559 1196 3620 de
1211 3557 1392 3619 refractione
1405 3575 1533 3637 raspon-

177 3650 306 3711 dendum
329 3650 428 3711 aliter.
475 3651 591 3728 Nempe
625 3669 661 3710 ne
695 3668 793 3729 opaca
824 3649 943 3728 quidem
975 3647 1159 3727 impediunt,
1193 3647 1350 3724 quominus
1381 3645 1534 3709 radiorum

177 3746 320 3818 aspectus
342 3737 526 3815 percipiatur
548 3756 568 3797 a
592 3736 789 3798 facultatibus
820 3735 1020 3809 animalibus,
1054 3735 1163 3795 nedum
1186 3732 1377 3810 semiopaca,
1408 3742 1443 3794 ιιι
1465 3740 1533 3808 abr3

178 3827 243 3887 sive
267 3825 345 3904 qnod
369 3825 500 3885 facultas
522 3825 663 3886 animalis
687 3824 795 3885 eadem
817 3824 918 3884 est-iu
942 3832 1045 3885 εειιιιο
1061 3823 1172 3882 Terrae
1196 3829 1228 3879 st
1249 3820 1280 3879 iu
1296 3820 1532 3898 extimasuper-

178 3913 244 3985 licie
268 3912 360 3982 aeris,
383 3930 436 3972 seu
460 3912 709 3992 qaod-subtilior,
733 3912 844 3991 purior,
869 3910 1095 3973 immaterialior
1118 3915 1168 3970 est
1189 3906 1342 3987 perceptio
1363 3907 1440 3968 situs
1454 3909 1533 3969 stel-

178 4002 283 4073 larem,
308 4016 398 4078 quam
420 4009 455 4061 nt
477 4002 516 4062 ed
539 4021 606 4063 euru
628 4001 915 4083 repraesentandum
939 3999 1033 4061 radiis
1056 3997 1163 4060 lucidis
1187 4013 1262 4075 opus
1286 3995 1338 4056 sit.
1385 3994 1534 4076 Exemplo

179 4088 220 4151 sit
242 4086 321 4149 rstio
344 4089 513 4167 genesium:
536 4090 665 4152 influunt
686 4093 839 4172 planetae,
863 4089 914 4169 qui
937 4087 993 4149 sub
1008 4088 1103 4149 Terra
1125 4095 1211 4161 sunt;
1234 4094 1267 4146 et
1279 4084 1375 4146 utana
1398 4084 1428 4146 iu
1442 4086 1532 4147 novi·
1639 4150 1643 4159 ,

96 4232 103 4239 .
178 4177 462 4253 insinuarentur,
491 4178 584 4241 etiam
606 4198 661 4259 per
683 4180 842 4260 appulsum
866 4177 997 4239 siderum
1021 4177 1062 4238 sd
1085 4176 1186 4249 nediu,
1221 4173 1298 4237 uude
1322 4173 1399 4236 radii
1421 4193 1532 4237 moon-

177 4269 251 4330 dere
270 4266 476 4348 proldbsntur.
523 4265 587 4330 Sed
609 4269 666 4330 hoc
689 4269 830 4330 lemensis
853 4266 980 4328 alienius
1004 4276 1054 4327 est
1076 4266 1254 4344 exemplans
1279 4292 1322 4305 -

265 4356 421 4437 Denique,
453 4357 532 4437 qnod
556 4357 667 4418 attinet
690 4376 836 4418 causam
863 4365 1098 4434 aspectuum,
1131 4355 1204 4415 nihil
1226 4353 1325 4432 magis
1347 4370 1396 4414 me
1419 4360 1532 4428 movet,

177 4464 266 4527 quarn
280 4446 347 4520 hoc,
363 4446 442 4527 quod
457 4446 616 4509 dicendum
629 4456 688 4518 est,
708 4456 851 4525 aspectus
866 4444 1092 4506 animadversos
1108 4442 1255 4523 ignor-atis
1269 4440 1378 4503 causis.
1412 4441 1458 4503 At
1476 4442 1533 4504 hoo

177 4535 251 4597 nihil
273 4535 352 4597 nori.
400 4533 645 4617 Quotusquisque
672 4534 821 4598 rationem
847 4533 932 4596 uouit
959 4531 1217 4614 perspicillorum?
1263 4532 1344 4592 Num
1366 4528 1435 4591 ideo
1457 4530 1533 4594 nihil

177 4631 249 4686 snut
269 4623 465 4705 perspicilla?
510 4625 611 4688 Multa
632 4624 718 4686 talia.
765 4623 882 4703 Magus
905 4622 951 4683 vis
975 4621 1194 4702 experientiae,
1226 4638 1337 4699 magna
1359 4618 1531 4693 curiositas,

176 4730 287 4793 magna
309 4713 475 4777 subtilitas.
522 4711 611 4785 Quod
631 4732 758 4776 musam
780 4713 878 4792 ipsam
901 4710 1022 4785 attinet,
1046 4718 1119 4791 puto
1133 4711 1286 4772 iuventam
1309 4716 1342 4770 et
1353 4722 1532 4789 expressam

53 4806 59 4815 '
175 4802 207 4864 in
229 4802 452 4883 Disputatione,
477 4822 555 4884 quae
577 4803 686 4866 similis
709 4802 827 4865 videtur
850 4800 1065 4875 Ptolemaicae,
1089 4807 1123 4862 at
1145 4798 1299 4879 explicata
1322 4815 1381 4857 uon
1405 4796 1463 4858 luit
1485 4796 1530 4857 si-

176 4890 287 4954 militer
309 4892 537 4957 sPtolemsao.
583 4893 652 4959 Nun
675 4900 743 4956 erat
763 4896 855 4954 nctus
872 4890 1050 4952 Ptolemaeo
1066 4888 1196 4953 Creator
1218 4887 1335 5020 ruuud·i;
1360 4903 1451 4965 qums
1468 4886 1531 4948 im·

767 4986 776 4998 “
1258 4990 1292 5042 24
