3786 5808
759 302 1011 365 emsa
1138 342 1143 349 ·
1471 307 1513 378 rr

160 467 887 554 hmlbqpratasmtflapasattsstssusasshtbta.
923 466 1516 535 Valsstsdmtlutnadlstlnasmaaroittsre

161 555 194 592 υ
211 554 332 665 m
348 611 447 664 Pansa
463 613 525 679 prid.
542 628 601 665 aon.
619 616 728 681 Augusti
747 612 824 665 totu.

583 685 689 738 Honoris
707 693 733 738 st
750 688 855 738 nominis
871 688 909 738 tui
927 687 1088 739 amicissimus

699 758 825 810 Galilaeus
843 759 969 810 Gallinam
987 760 1013 808 in
1032 756 1103 809 acad.
1123 754 1211 808 Patar.
1230 757 1421 811 mathematicus
1433 755 1479 823 ‘'l.

230 863 343 927 Apparet
359 875 391 913 ss
406 859 446 912 bis
463 859 556 919 blesis,
575 860 705 928 caperata
722 867 871 916 mutandam
889 866 946 915 siris
963 866 990 914 lu
1007 863 1083 915 Italia
1101 863 1239 915 catholicae
1258 863 1316 914 fidel
1338 864 1442 914 addictis
1464 871 1517 915 tarn

160 935 277 998 temporis
294 948 344 984 aen
362 933 442 998 magt·
459 933 589 998 probatam
607 948 669 996 asse,
688 950 762 1000 quarn
780 939 806 987 ia
824 938 959 988 (lemania
970 935 1127 991 Lutberanis,
1147 937 1217 998 cnjus
1234 936 1270 986 rai
1288 941 1378 986 testem
1396 935 1515 986 habemns

160 1019 234 1070 quesn
253 1004 358 1055 disisam
374 1002 583 1054 Hadsnreffernaa.
620 1004 687 1066 Quid
704 1008 819 1058 Galilaea
842 1009 953 1092 arcuerit
974 1007 1100 1058 &conniis
1119 1007 1213 1071 aliquot
1229 1011 1358 1072 postquam
1374 1006 1471 1072 publlcs
1489 1020 1517 1057 se

159 1090 217 1127 m
231 1074 692 1212 manageim&
709 1087 1031 1216 ”nimrim-barosa
1048 1150 1133 1200 literas
1151 1148 1215 1199 baec
1232 1148 1372 1213 respoudit,
1391 1162 1455 1215 quaa
1473 1149 1516 1200 ds·

161 1219 293 1269 mutnus
311 1233 342 1269 ax
359 1218 474 1269 Edltioue
493 1217 602 1283 Operum
620 1220 726 1272 Galilaei
743 1222 886 1275 Florentino
904 1219 986 1285 (1842
1004 1236 1040 1287 sq.
1058 1220 1116 1270 Vol.
1134 1218 1205 1270 vlu.
1223 1236 1248 1285 p.
1267 1215 1332 1282 20:

249 1360 373 1424 Literas
396 1368 474 1435 tuas,
499 1360 546 1423 vir
566 1361 790 1451 humanissime,
814 1363 845 1430 4.
860 1366 941 1443 Aug.
965 1364 1104 1444 scriptas,
1135 1363 1159 1424 l.
1180 1361 1267 1442 Sept.
1293 1362 1415 1442 accepi3
1440 1381 1515 1442 quae

161 1450 282 1531 quidem
312 1449 429 1529 gemino
457 1467 505 1511 me
533 1451 660 1515 affecere
685 1455 808 1534 gaudio,
838 1455 964 1536 primum
986 1463 1109 1534 propter
1132 1451 1292 1514 amicitiam
1315 1459 1414 1513 tecum
1438 1450 1516 1513 Italo

161 1539 277 1611 initam,
300 1546 373 1619 post
394 1547 518 1620 propter
541 1559 719 1604 consensum
742 1552 874 1607 nostmm
889 1544 919 1606 in
935 1541 1175 1622 cosmographia
1190 1538 1408 1621 Cepemicana.
1442 1537 1517 1602 Corn

163 1629 253 1708 igitur
275 1628 306 1690 in
330 1628 413 1693 calce
437 1628 584 1708 epistolae
607 1630 775 1696 humaniter
797 1651 844 1694 me
868 1634 906 1696 ad
931 1633 1051 1695 crebras
1066 1630 1211 1709 epistolas
1226 1630 1399 1701 invitasses,
1423 1648 1517 1709 neque

166 1717 230 1779 mibi
255 1725 365 1797 sponte
388 1736 456 1778 mea
479 1717 590 1780 stimuli
614 1721 651 1782 ad
674 1719 732 1783 boc
755 1721 910 1797 deessent,
945 1722 1044 1783 facere
1069 1727 1204 1782 attamen
1231 1738 1290 1781 non
1319 1717 1419 1798 potui,
1449 1717 1516 1798 quin

163 1825 213 1888 pes
244 1806 325 1868 hunc
357 1814 548 1887 praesentem
572 1810 700 1872 nobilem
719 1810 860 1889 juvenem
885 1812 922 1874 ad
946 1819 977 1873 te
1002 1809 1172 1873 scriberem.
1217 1806 1367 1870 Existimo
1392 1825 1518 1888 namque

162 1903 194 1958 te
217 1894 256 1956 ab
280 1914 316 1956 eo
339 1904 493 1975 tempore,
528 1897 554 1959 si
583 1899 674 1961 otium
707 1900 763 1962 tibi
792 1901 862 1976 fuit,
895 1900 1028 1964 libellum
1055 1917 1153 1961 meum
1175 1897 1305 1979 penitius
1330 1897 1517 1974 cognovisse.

163 1985 236 2047 lude
260 1985 369 2065 cupido
392 2004 440 2046 me
462 1985 623 2050 vehemens
646 1987 773 2052 incessit
795 2008 938 2053 censurae
961 1998 1030 2053 tuae
1053 1986 1280 2069 percipiendae:
1305 1984 1349 2047 sic
1372 1984 1450 2046 enirn
1464 2003 1517 2047 so-

163 2073 213 2136 leo
237 2073 277 2135 ad
301 2093 490 2155 quoscunque
515 2076 630 2152 scribo,
660 2078 775 2157 judicia
803 2079 839 2141 de
863 2079 938 2141 meis
961 2079 1134 2157 incorrupta
1156 2075 1336 2156 efflagitare.
1382 2073 1425 2135 Et
1447 2074 1518 2136 mibi

164 2162 271 2225 eredas
285 2162 386 2235 velim,
412 2163 490 2225 malo
510 2166 597 2227 unius
617 2167 733 2229 cordati
748 2186 912 2242 censuram,
938 2166 1073 2249 quamvis
1089 2184 1197 2238 acrem,
1223 2164 1418 2246 quamtotius
1436 2163 1518 2243 vulgi

161 2250 403 2314 inconsideratos
426 2253 600 2332 applausus.
646 2256 769 2319 Utinam
794 2276 865 2318 rere
889 2257 955 2332 tibi,
979 2255 1034 2319 tali
1048 2253 1251 2334 intelligentia
1265 2253 1411 2334 praedito,
1437 2250 1518 2315 aliud

160 2340 348 2422 propositum
382 2342 483 2404 esset!
530 2342 610 2406 Nam
642 2345 701 2407 etsi
734 2347 886 2429 sapienter
909 2353 941 2409 tu
975 2353 1008 2408 et
1030 2344 1146 2407 occulte
1176 2339 1519 2424 proposito'exemplari

160 2438 231 2492 tuae
253 2449 401 2511 personae
424 2449 543 2508 moues,
569 2434 733 2497 cedendum
756 2436 918 2498 universali
941 2433 1140 2516 ignorantiae,
1165 2452 1220 2494 nec
1243 2450 1312 2493 sese
1335 2440 1449 2494 temere
1468 2431 1517 2492 in-

162 2520 325 2599 gerendum
348 2521 396 2583 rel
419 2523 626 2601 opponendum
648 2524 730 2604 vulgi
753 2525 908 2587 doctomm
931 2522 1079 2587 furoribus
1104 2523 1179 2603 (qua
1201 2520 1231 2582 in
1247 2540 1286 2582 re
1306 2520 1464 2582 Platonem
1488 2528 1520 2581 et

160 2607 380 2690 Pythagoram,
410 2618 530 2672 nostros
553 2611 697 2690 genuinos
720 2614 897 2693 magistros,
927 2613 1089 2694 sequeris),
1119 2618 1311 2673 tamencum
1339 2609 1395 2670 hoc
1418 2608 1519 2671 seculo

161 2697 292 2778 primum
316 2717 336 2759 a
358 2695 534 2778 Cepemico‚
560 2700 665 2762 deiude
690 2721 709 2763 a
731 2702 930 2783 compluribus
954 2710 986 2764 et
1009 2699 1192 2763 doctissimis
1216 2716 1330 2779 qnoque
1349 2697 1519 2760 mathema·

162 2786 290 2848 ticomm
313 2785 450 2849 immanis
474 2789 573 2867 operis
596 2788 711 2852 initium
735 2790 775 2853 sit
799 2790 920 2864 iactum,
946 2808 1040 2869 neque
1064 2790 1120 2850 boc
1140 2789 1205 2868 jam
1228 2805 1317 2867 porro
1340 2805 1447 2847 norum
1468 2785 1520 2857 sit,

164 2875 288 2937 Terram
312 2895 449 2938 movere:
473 2879 662 2957 praestiterit
686 2878 815 2942 fortasse
840 2880 1044 2942 communibus
1067 2876 1219 2957 suffragiis
1244 2877 1335 2937 semel
1361 2875 1519 2955 impulsum

162 2964 240 3026 bunc
263 2984 382 3028 currum
405 2966 592 3031 continenter
615 2967 655 3029 ad
677 2977 789 3031 metam
812 2987 931 3050 rapere,
955 2977 1002 3043 ut,
1030 2966 1100 3048 qnia
1122 2965 1271 3027 rationum
1295 2964 1428 3044 pondera
1449 2962 1518 3024 vul·

163 3070 217 3132 gns
250 3053 348 3115 minus
377 3053 483 3125 librat,
516 3055 730 3119 autoritatibus
762 3058 836 3120 illud
859 3058 957 3138 magis
989 3054 1145 3136 magisque
1178 3054 1302 3115 obruere
1334 3052 1518 3133 incipiamus,

164 3143 189 3205 si
222 3142 301 3204 sorte
336 3161 391 3223 per
421 3144 556 3207 fraudem
588 3146 686 3226 ipsum
718 3148 747 3209 in
779 3147 979 3227 cognitionem
1010 3144 1150 3207 veritatis
1172 3142 1334 3223 perducere
1367 3159 1519 3223 queamus.

165 3231 230 3293 Tua
261 3232 378 3294 ratione
413 3232 501 3296 simul
537 3234 712 3298 laborantes
739 3244 786 3299 tet
822 3236 931 3318 iniquis
960 3235 1082 3316 judiciis
1115 3232 1213 3295 socios
1245 3231 1414 3311 adjutares,
1451 3230 1520 3292 dum

165 3321 210 3383 illi
239 3321 288 3385 rel
315 3321 457 3383 solatium
494 3332 637 3404 caperent
669 3345 707 3387 ex
735 3334 786 3389 tuo
818 3342 965 3388 consensu
997 3325 1046 3387 vel
1073 3320 1255 3403 praesidinm
1285 3340 1323 3381 ex
1345 3319 1518 3383 autoritate.

164 3409 233 3472 Non
258 3409 337 3472 eninr
360 3411 405 3472 tui
429 3410 523 3473 solum
547 3414 619 3476 Itali
642 3422 727 3490 sunt,
756 3415 805 3496 qui
834 3434 867 3476 se
897 3415 1025 3491 moveri,
1053 3411 1112 3474 nisi
1140 3410 1288 3485 sentiant,
1318 3409 1440 3471 credere
1462 3428 1520 3470 non

164 3506 302 3579 possunt,
327 3500 382 3561 sed
406 3500 498 3562 etiam
521 3522 576 3565 nos
600 3503 648 3565 bic
670 3503 700 3564 in
725 3501 889 3567 Germania
911 3524 969 3566 non
993 3502 1136 3584 optimam
1160 3500 1299 3579 dogmate
1317 3499 1377 3560 isto
1392 3499 1520 3579 gratiam

166 3586 286 3650 inimus.
332 3588 448 3650 Verum
482 3599 551 3653 sunt
585 3593 735 3666 rationes,
773 3593 878 3674 quibus
913 3613 967 3655 nos
1002 3599 1107 3654 contra
1137 3589 1193 3650 has
1226 3589 1419 3651 difficultates
1453 3606 1520 3649 mu-

164 3694 292 3738 oramus.

254 3764 405 3840 Primum,
431 3768 469 3829 ab
493 3767 547 3831 illa
569 3770 683 3851 ingenti
707 3768 856 3832 hominum
880 3768 1069 3832 multitudine
1093 3774 1251 3846 separatus
1276 3784 1354 3838 snm,
1385 3781 1437 3825 nec
1461 3783 1518 3825 nuo

167 3860 236 3917 actu
259 3861 307 3917 tot
329 3854 491 3918 clamomm
514 3861 674 3940 strepitum
695 3858 810 3922 haurio.
857 3857 983 3932 Deinde,
1008 3858 1058 3938 qui
1081 3856 1151 3919 mihi
1170 3853 1388 3935 suntpreximi‚
1412 3853 1520 3930 vulgus

167 3943 315 4006 hominum
340 3952 397 4018 est,
421 3947 471 4027 qui
495 3967 561 4011 cnm
583 3949 658 4012 haec
681 3949 831 4023 abstmsa,
856 3946 996 4019 utainnt,
1022 3966 1079 4008 non
1095 3944 1224 4025 capiant,
1249 3943 1394 4005 mirantur
1407 3951 1519 4017 tamen,

166 4052 232 4105 nec,
256 4033 378 4095 credere
400 4036 496 4099 velint
520 4057 558 4099 an
580 4058 651 4110 non,
674 4056 803 4118 unquam
827 4056 928 4099 secum
950 4035 1008 4115 ipsi
1030 4036 1175 4114 cogitant.
1212 4032 1303 4095 Docti
1321 4031 1519 4103 mediocriter,

167 4141 224 4204 quo
239 4129 309 4185 sunt
323 4122 544 4202 prudentiores,
569 4126 624 4189 boc
639 4128 756 4191 cautius
776 4146 843 4189 sese
868 4126 1037 4188 immiscent
1060 4124 1142 4185 hisce
1161 4121 1439 4184 mathematicorum
1453 4120 1518 4183 liti-

167 4211 232 4273 bus.
280 4209 419 4282 Quiuirno
443 4214 585 4278 fascinari
608 4224 745 4301 possunt,
771 4215 848 4297 quod
873 4221 1016 4296 expertus
1030 4214 1144 4293 loquor,
1169 4210 1331 4274 anteritate
1347 4211 1520 4273 matheseos

167 4299 346 4381 peritorum
379 4308 413 4363 ut
445 4322 511 4365 cnm
535 4305 659 4367 andiunt
682 4325 757 4387 quas
775 4305 842 4385 jam
865 4304 1031 4367 babeamus
1054 4301 1271 4380 Ephemerides
1301 4319 1338 4361 ex
1361 4296 1520 4379 Cepernici

168 4389 384 4472 hypothesibus
407 4399 580 4470 extructas,
606 4395 770 4475 quicunqne
795 4393 881 4455 hodie
904 4392 1039 4455 scribant
1061 4389 1296 4470 premerides‚
1322 4387 1520 4467 Cepernicnm

169 4496 270 4540 omnes
295 4477 399 4559 sequi3
421 4488 456 4542 nt
479 4502 545 4545 cum
569 4484 606 4544 ab
630 4483 703 4565 ipsis
727 4483 905 4564 postulatur,
931 4490 965 4545 ut
979 4481 1154 4555 concedant,
1171 4479 1249 4560 qnod
1268 4476 1385 4540 nonnisi
1403 4476 1433 4539 in
1451 4495 1518 4538 ma·

169 4567 248 4629 thesi
272 4567 419 4631 institutis
443 4570 639 4634 demonstrari
662 4571 778 4650 possit,
800 4572 1006 4653 phaenomena
1028 4570 1093 4645 sine
1116 4575 1197 4630 motu
1221 4568 1332 4629 Terrae
1355 4565 1519 4628 consistere

169 4675 226 4718 non
250 4675 352 4737 posse.
398 4659 477 4721 Nam
501 4659 557 4723 etsi
582 4662 656 4723 baec
677 4661 833 4740 postulata
855 4661 903 4722 rel
927 4658 1124 4740 pronunciata
1147 4676 1204 4719 non
1220 4665 1290 4720 sunt
1304 4656 1519 4725 demonstrata,

171 4754 240 4808 snut
268 4755 369 4808 tamen
403 4766 422 4809 a
448 4768 505 4811 non
529 4749 751 4813 mathematicis
775 4750 973 4811 concedenda.
1022 4746 1154 4828 Cumque
1179 4748 1238 4809 sint
1261 4765 1353 4820 vera,
1387 4763 1438 4805 cur
1460 4761 1517 4804 non

170 4852 224 4917 pro
241 4832 476 4903 irrefutabilibus
490 4838 743 4905 obtruderentnr?
767 4839 897 4903 Restant
918 4839 1010 4921 igitur
1031 4837 1088 4900 soli
1107 4832 1321 4909 mathematici,
1345 4831 1518 4921 quibuscum
