3838 5824
549 1214 980 1329 osmosno‘nnmonrs
1003 1266 1168 1330 earonrs.

797 1472 923 1482 ——--

622 1618 1093 1764 illustremus,

378 1815 651 1933 GENEROSIS,
688 1814 993 1911 NOBILISSllssS
1028 1816 1086 1906 ΕΤ
1118 1814 1336 1908 STllllhlllS
1409 1912 1413 1917 ,
1465 1888 1501 1915 -.

168 1981 306 2046 Domino
324 1978 557 2060 Sigismuodo
575 1980 780 2050 Friderico,
799 1980 911 2043 Libero
924 1980 1038 2042 Baroni
1056 1981 1095 2042 ab
1112 1979 1367 2055 Herberstein,
1383 1980 1550 2060 Neuporg„

220 2086 453 2165 Gncttenhaag,
478 2085 606 2147 Domino
629 2086 659 2147 in
682 2086 869 2155 Lancovviz‚
894 2083 1068 2148 camerario
1092 2092 1124 2147 et
1146 2085 1290 2161 Dapiioro
1314 2083 1491 2147 Corinthiae

257 2190 470 2266 haereditario,
491 2189 663 2253 Caesareae
682 2191 843 2270 Majestati
861 2199 894 2252 et
912 2191 1105 2252 serenissimo
1124 2189 1289 2252 Archidnci
1309 2190 1454 2253 Austriao

347 2296 538 2358 Ferdinando
560 2316 580 2357 a
603 2296 755 2358 consiliis:
790 2294 959 2377 Capitaneo
983 2295 1161 2362 Provinciae
1184 2294 1306 2378 Styriae
1321 2291 1367 2370 ”l

176 2540 197 2571 ι
443 2524 599 2587 noman
620 2522 662 2585 Ν.
686 2522 729 2585 ru
751 2520 936 2586 rumosam
958 2520 1090 2606 seyme
1113 2522 1271 2585 murm

257 2627 428 2693 Quinqueriria
447 2627 595 2689 ordinum,
614 2628 681 2677 eris
700 2627 868 2692 amplissimis,
886 2626 1001 2678 Dominis
1018 2629 1080 2678 mele
1098 2627 1260 2678 clementibus
1278 2633 1304 2676 et
1321 2622 1452 2682 beneficis,

681 2717 788 2767 salntem
807 2722 834 2765 et
850 2729 908 2766 mea
925 2718 1031 2766 servitia

268 2873 355 2945 Quod
380 2885 451 2939 ante
475 2883 593 2956 septem
615 2893 734 2936 meuses
749 2876 776 2948 ¹)
799 2872 932 2953 promisi,
957 2891 1032 2950 opus
1056 2872 1211 2934 doctorum
1230 2871 1402 2934 testimonio
1424 2870 1532 2950 pulch-

173 2983 243 3026 rnm
267 2972 298 3024 et
316 2964 494 3043 jucundum,
525 2965 671 3043 longeque
694 2961 924 3043 praeferendum
947 2959 1052 3020 annuis
1076 2960 1298 3039 prognosticis:
1328 2959 1449 3019 tandem
1472 2957 1560 3019 ali-·

174 3051 297 3132 quando
321 3071 449 3114 coronae
472 3060 594 3114 vestrae
617 3052 704 3126 sisto,
729 3048 916 3128 Amplissimi
937 3047 1005 3108 Viri
1012 3065 1023 3121 3
1047 3066 1132 3128 opus,
1156 3047 1287 3126 inquam,
1312 3045 1422 3124 exigue
1442 3045 1532 3115 mole,

175 3141 282 3203 labore
311 3140 445 3213 modico,
479 3140 608 3202 materia
634 3140 823 3220 undiquaque
851 3136 990 3198 mirabili.
1036 3136 1116 3198 Nam
1140 3136 1203 3196 sive
1227 3134 1293 3214 quis
1323 3133 1535 3213 antiquitatem

176 3236 317 3308 spectct;
355 3236 477 3289 tentata
509 3230 566 3291 fuit
599 3237 670 3289 ante
701 3228 749 3289 bis
782 3226 863 3288 mille
895 3243 989 3286 annos
1022 3246 1041 3285 a
1072 3223 1249 3304 Pythagora
1261 3220 1311 3297 l);
1348 3222 1412 3282 sive
1445 3220 1532 3282 novi-

175 3324 289 3389 tatem,
323 3316 449 3397 primurn
477 3336 554 3379 nuno
583 3336 671 3378 arne
701 3318 780 3379 inter
807 3316 942 3377 homines
969 3314 1119 3392 vulgatur.
1167 3311 1274 3373 Placet
1298 3309 1414 3371 moles?
1450 3306 1533 3369 Nihil

175 3414 227 3467 est
263 3404 319 3465 hoc
357 3405 495 3466 universo
531 3406 641 3467 mundo
683 3405 782 3484 majus
818 3422 914 3484 neque
951 3402 1088 3481 amplius.
1143 3399 1343 3461 Desideratur
1379 3394 1534 3475 dignitas?

175 3491 261 3556 Nihil
294 3494 473 3570 pretiosius,
506 3492 579 3555 nihil
612 3493 764 3572 pulchrius
796 3493 852 3553 hoc
881 3490 1064 3553 lucidissimo
1092 3488 1150 3549 Dei
1181 3487 1303 3567 templo.
1348 3486 1451 3547 Lubet
1481 3504 1533 3546 se-

175 3581 254 3643 creti
279 3581 349 3660 quid
373 3584 577 3661 cognoscere?
613 3581 697 3644 Nihil
721 3589 845 3642 estant
869 3580 926 3641 fuit
948 3579 978 3640 in
998 3597 1097 3640 rernm
1119 3584 1228 3638 natura
1250 3573 1415 3647 occultius3
1438 3574 1534 3634 solum

175 3673 236 3732 hac
258 3670 289 3730 in
312 3688 344 3730 re
368 3689 425 3731 non
451 3671 586 3733 omnibns
615 3671 779 3741 satisfacit,
812 3668 890 3747 qnod
920 3667 1036 3728 utilitas
1061 3666 1126 3745 ejus
1149 3662 1383 3744 incogitantibus
1406 3661 1534 3722 obscuro

174 3769 236 3820 est.
274 3758 371 3838 Atqui
394 3758 441 3819 hic
465 3767 513 3820 est
535 3760 585 3821 ille
609 3758 706 3819 liber
729 3763 900 3828 naturae,
927 3764 1084 3833 tantopere
1109 3754 1204 3814 sacris
1228 3752 1397 3823 celebratus
1417 3767 1533 3811 sermo-

175 3847 266 3909 nibus
274 3864 283 3919 ;
308 3865 393 3926 quem
416 3848 528 3908 Panlns
552 3845 690 3927 gentibus
713 3844 863 3924 proponit,
888 3842 918 3902 in
938 3861 995 3922 qno
1015 3843 1112 3904 Deum
1135 3861 1189 3902 ceu
1209 3839 1312 3902 Solem
1330 3840 1359 3900 in
1385 3857 1463 3918 aqua
1485 3837 1535 3897 vel

176 3935 302 4015 speculo
326 3936 574 4015 contemplentur.
621 3935 700 3996 Nem
724 3953 776 3995 cnr
800 3930 967 3993 Christiani
996 3931 1094 3991 minus
1124 3929 1182 3989 hac
1205 3926 1456 4006 contemplatione
1480 3942 1534 3986 noa

175 4024 411 4097 oblectamus,
442 4041 566 4104 qnorum
592 4023 743 4101 proprium
772 4029 836 4095 est,
866 4020 962 4079 Deum
985 4035 1056 4077 vero
1080 4017 1162 4078 cultu
1185 4017 1355 4090 celebrare,
1386 4012 1532 4086 venerari,

176 4112 344 4173 admirari?
367 4112 396 4172 id
421 4113 498 4192 qnod
521 4120 608 4172 tauto
632 4110 780 4171 devotiori
804 4108 903 4169 animo
920 4107 964 4179 fit,
990 4112 1101 4185 quanto
1120 4104 1240 4178 rectius,
1267 4122 1343 4184 quae
1367 4111 1399 4162 et
1421 4106 1535 4182 quanta

176 4200 348 4263 condiderit
371 4209 474 4262 noster
496 4200 589 4275 Deus,
615 4198 820 4277 intelligimus.
863 4194 944 4257 Sane
969 4213 1057 4273 quarn
1080 4192 1223 4272 plurimos
1248 4191 1373 4272 hymnos
1396 4192 1427 4251 in
1449 4188 1533 4251 tlon-

176 4290 324 4364 ditorem,
352 4308 456 4350 verum
480 4289 575 4349 Deum
601 4286 709 4347 cecinit
732 4304 820 4346 verns
842 4283 900 4344 Dei
924 4283 1021 4342 cultor
1044 4280 1198 4353 Davides3
1229 4280 1335 4359 quibos
1359 4285 1536 4357 argumento

177 4377 594 4451 exadmirationecoelorum
609 4375 738 4436 deducit.
774 4372 858 4435 Coeli
873 4378 1023 4443 enarrant,
1044 4370 1150 4448 inquit,
1171 4368 1299 4445 gloriam
1313 4367 1381 4428 Dei.
1416 4364 1534 4425 Videbo

177 4466 280 4527 coelos
304 4473 387 4538 tuos,
412 4485 504 4545 opera
528 4464 688 4543 digitorum
712 4471 847 4536 tuorum,
873 4461 990 4521 Lunam
1013 4467 1045 4518 et
1068 4456 1193 4529 stellas,
1224 4474 1301 4535 quae
1324 4461 1356 4516 tu
1380 4451 1533 4516 fundasti:

177 4555 311 4634 Magnus
334 4555 480 4616 Dominus
503 4562 623 4627 noster,
652 4560 684 4613 et
707 4568 816 4631 magna
839 4549 934 4610 virtus
963 4546 1048 4625 ejus3
1080 4545 1130 4624 qui
1157 4550 1293 4604 numerat
1316 4540 1536 4604 multitudinem

179 4643 347 4718 stellarum,
373 4652 410 4704 et
432 4642 596 4703 omnibus
618 4640 763 4701 nomina
781 4646 898 4699 vocat.
932 4634 1053 4697 Alicubi
1066 4633 1173 4712 plenus
1187 4630 1304 4709 spiritu,
1328 4631 1433 4711 plenus
1448 4646 1537 4689 sacra

179 4731 299 4794 laetitia
318 4731 478 4805 exclamat,
499 4730 654 4811 ipsumque
672 4726 812 4789 mnndum
832 4725 996 4786 acclamat:
1021 4721 1160 4784 Laudato
1183 4718 1259 4780 coeli
1272 4717 1441 4790 Dominum,
1467 4716 1535 4776 lan-

179 4820 252 4882 date
284 4839 349 4881 enm
374 4819 428 4881 Sol
456 4828 489 4881 et
509 4819 611 4897 Luna,
643 4819 697 4880 doc.
744 4812 831 4884 Quae
861 4831 920 4874 vox
950 4811 1058 4872 coelo?
1091 4828 1167 4889 qnae
1192 4807 1319 4868 stellis?
1351 4824 1411 4886 qua
1439 4804 1538 4865 Deum

234 4922 323 4974 nepum
336 4924 436 4974 opens
1308 4908 1325 4967 7
