3812 5846
715 320 889 423 'cneum
1422 375 1486 443 ree

132 526 168 588 de
192 527 293 589 mnndi
318 528 544 610 hypothesibus,
569 548 645 609 quae
669 549 723 591 nos
748 549 840 611 supra
863 534 907 611 (p.
934 528 1014 605 228)
1038 532 1234 608 exhibuimus,
1270 535 1336 595 adit
1358 544 1482 599 senten·

131 614 204 675 tiam
239 615 360 695 Kepleri
401 617 438 677 de
472 619 570 696 spatio
604 618 681 680 inter
705 618 868 682 Saturnum
906 630 937 681 et
970 623 1045 681 linas
1078 622 1223 683 immenso
1257 622 1374 695 (Stella
1406 643 1485 686 nora

131 722 197 783 cap.
223 704 327 779 xvl.)
353 713 384 766 et
406 708 556 784 permulta
579 707 652 781 alia,
685 727 762 788 quae
784 708 933 789 Keplerus
964 710 991 770 in
1017 709 1092 772 libro
1116 729 1169 771 suo
1194 717 1248 772 eut
1272 710 1361 772 verbo
1386 714 1486 792 tangit

130 802 183 853 ant
206 793 339 872 pluribus
364 794 494 873 inquirit,
519 814 653 875 quaeque
678 796 706 858 in
733 797 981 876 „Responsione“
1007 817 1062 859 sua
1080 797 1160 878 jocis
1184 799 1232 861 vel
1257 799 1335 860 serio
1359 801 1482 862 refutat.

130 881 208 942 Hinc
236 883 348 943 transit
370 882 532 944 Roeslinus
563 884 600 944 ad
630 885 814 965 astrologica
842 886 1081 966 sententiamque
1111 906 1196 948 suam
1229 888 1266 948 de
1299 898 1483 951 cometarum

130 969 397 1048 significationibus
421 973 567 1051 exerrrplis
582 993 619 1033 ex
639 974 764 1034 historia
778 975 925 1037 desumtis
939 976 1099 1037 defendere
1114 987 1250 1048 conatur,
1274 995 1377 1056 eaque,
1404 996 1481 1056 quae

130 1059 279 1137 Keplerns
313 1060 378 1120 loco
407 1060 502 1121 citato
532 1063 613 1141 (cap.
639 1062 758 1136 XXX.)
790 1072 896 1125 contre
924 1063 1000 1125 hauc
1030 1064 1212 1126 sententiam
1251 1065 1353 1139 affert,
1392 1083 1482 1144 aegre

132 1148 230 1207 tereus
265 1148 344 1209 illius
372 1148 460 1225 joca,
500 1151 659 1211 refutanda
692 1153 866 1229 aggreditur
902 1153 932 1214 in
965 1153 1065 1230 eapite
1099 1153 1156 1226 V.,
1194 1153 1271 1233 quod
1305 1153 1480 1233 inscripsit:

130 1236 321 1317 Resutotiou
349 1237 411 1297 seed
444 1237 661 1319 Widcrteguup
688 1241 813 1314 desseu,
846 1261 881 1302 so
913 1241 1003 1303 Hecu·
1024 1242 1155 1303 Johnnu
1172 1240 1355 1322 Kepplerue
1376 1242 1481 1326 Kogs.

131 1324 257 1407 hlcjest.
277 1325 522 1415 Mathematicus
544 1328 644 1388 under
661 1330 743 1389 mein
759 1328 928 1391 Schreiheu
950 1350 1008 1392 core
1031 1330 1092 1391 deu
1106 1329 1252 1400 Oometeu
1268 1350 1325 1392 vor
1338 1325 1385 1391 10
1398 1330 1482 1394 Jah-

128 1416 684 1583 iioifflitm'riiiiisssmibi
703 1416 1134 1569 ttttttltttlt
1152 1438 1258 1568 ’tlt
1287 1417 1385 1586 (iiii
1404 1420 1484 1568 tt

135 1586 233 1664 1599)
263 1591 374 1670 publici
398 1591 476 1670 juris
507 1595 631 1668 lactum,
665 1594 777 1655 nullum
806 1594 1068 1672 deprehendimus,
1102 1614 1196 1676 eaque
1227 1614 1303 1674 quae
1335 1594 1483 1674 Keplerns

130 1678 346 1757 objurgaverat
373 1680 705 1761 Roesliuo‘pertinent
737 1683 776 1749 ed
809 1683 887 1744 illios
919 1683 1026 1744 librum
1060 1700 1137 1744 anno
1172 1680 1254 1746 1597
1284 1684 1482 1762 (Argentor.)

129 1768 158 1828 in
191 1767 340 1846 pubiicum
364 1770 527 1843 emissum,
555 1788 642 1850 quem
671 1770 839 1849 inscripsit:
885 1770 1095 1834 Tractentur
1122 1770 1483 1854 Meteoruslrolopi-

125 1857 326 1938 physicus,
358 1857 418 1919 dos
439 1859 499 1929 ist,
524 1878 601 1920 ause
622 1859 786 1941 richtipem
808 1860 903 1937 Laus
922 1860 979 1922 der
1004 1860 1158 1932 Oometeu,
1182 1858 1483 1923 Zusnmmeuleuch·

128 1952 203 2026 tuup
225 1945 284 2007 der
307 1944 473 2017 Plnueten,
497 1945 626 2009 etlicher
648 1948 775 2010 Herm
807 1948 1016 2021 Nantuates,
1049 1947 1227 2011 untthle'che
1255 1949 1485 2030 Vermtttuupeu

127 2034 191 2096 oud
214 2034 264 2095 ein
291 2034 492 2117 Weissoguug
519 2055 577 2097 eron
600 2036 864 2118 l⁷errtnderuugeu
886 2037 944 2099 der
965 2037 1169 2118 Regimenteu
1195 2038 1229 2099 iu
1250 2038 1484 2119 Kc'uipree'cheu

129 2122 192 2184 oud
214 2122 497 2186 Fttrsteuthumbeu
524 2125 582 2186 der
610 2123 684 2187 Welt
706 2126 769 2186 med
789 2126 912 2188 andern
933 2126 1096 2207 wichtigeu
1113 2127 1171 2203 dc.
1193 2124 1331 2200 Sueten,
1363 2145 1398 2188 so
1416 2125 1485 2188 sich

131 2256 187 2273 ...
209 2231 268 2273 uon
281 2211 360 2294 jetet
381 2231 424 2273 ou
446 2213 510 2275 hiso
533 2208 627 2274 1604
648 2215 778 2294 begehen
798 2214 936 2286 werden,
962 2215 1032 2275 item
1049 2215 1087 2274 ad
1103 2215 1175 2275 illud
1199 2215 1277 2294 quod
1292 2233 1384 2293 supra
1398 2213 1480 2275 dixi-

132 2319 198 2360 mus
221 2298 472 2377 ,Increscunt
520 2302 586 2362 Hoc
611 2300 800 2381 „Judicium“
831 2303 965 2364 defendit
992 2301 1154 2364 Rceslinus
1178 2322 1244 2383 cap.
1271 2302 1343 2364 Vh:
1376 2302 1483 2385 Refu-

129 2389 208 2451 rouo
233 2388 294 2451 und
325 2387 544 2473 We‘derleguup
567 2391 690 2459 deseces,
720 2411 756 2453 so
779 2391 869 2453 Here·
885 2390 1066 2473 Keppleeus
1087 2391 1187 2453 tuideo·
1207 2392 1291 2453 metu
1314 2389 1485 2454 Schreibeu
1556 2463 1558 2469 Ι

130 2498 199 2541 nom
235 2498 339 2539 nucea
376 2476 471 2541 Steru
510 2480 567 2540 des
603 2474 704 2540 1604.
738 2479 840 2542 Johrs
876 2501 1086 2563 cumpungere,
1125 2481 1312 2561 eingese'thm.
1366 2479 1483 2541 Deinde

133 2566 232 2646 capite
259 2566 345 2627 l'lI.:
371 2567 449 2629 Dos
472 2567 533 2629 die·
547 2567 731 2649 Astrolopio
753 2569 805 2630 eiu
826 2570 929 2631 reehte
951 2567 1129 2631 uotetrh'che
1151 2569 1212 2630 und
1235 2568 1344 2630 Gettes
1373 2567 1484 2631 Werch

127 2655 293 2737 pree'seude
314 2655 421 2718 Kuust
450 2676 518 2738 sey,
550 2657 650 2719 wider
677 2656 770 2717 Jouu
797 2656 916 2719 Picum
937 2655 1218 2729 Miroudulouum,
1251 2656 1315 2718 oud
1343 2656 1405 2717 dus
1431 2655 1485 2716 die

131 2742 355 2825 Ausstheituup
389 2744 445 2805 des
476 2743 635 2807 Himeuels
667 2746 702 2807 iu
731 2745 817 2806 seius
846 2745 970 2825 prodere
999 2745 1062 2807 oud
1090 2742 1134 2805 12
1156 2743 1293 2807 Zeicheu
1323 2741 1486 2806 uattrlich

134 2833 196 2895 eud
218 2853 277 2896 nou
301 2831 378 2895 dou
400 2831 469 2895 also
490 2834 640 2915 gecrduet
661 2854 725 2915 sep,
747 2832 848 2895 wider
870 2832 922 2894 Jo.
947 2830 1150 2914 Keppleeum.

221 2918 307 2991 Quae
332 2921 370 2982 nd
393 2921 470 2983 haec
493 2922 648 3001 respondit
662 2921 811 2999 Keplerus
834 2928 996 2999 sequentes
1019 2920 1162 2981 exhibent
1184 2918 1329 2998 paginam
1352 2919 1483 2981 eRoes-

131 3010 182 3071 lini
205 3010 306 3072 libello
331 3029 384 3071 nos
409 3029 446 3070 ea
469 3020 584 3072 tanturm
607 3009 790 3082 addidimus,
823 3028 899 3088 quae
922 3009 1072 3088 Keplerns
1091 3009 1121 3070 in
1144 3006 1337 3086 responsione
1366 3026 1422 3068 ens
1445 3026 1484 3069 ex

2 3114 3 3121 ¹
132 3099 183 3160 illo
216 3099 358 3180 addenda
389 3099 489 3160 omisit
518 3109 571 3165 aut
602 3099 693 3160 verbo
720 3105 836 3160 tentum
867 3098 1027 3177 significat.
1074 3095 1237 3165 Roeslinns
1266 3096 1387 3175 quidem
1426 3096 1483 3157 ob·

2 3189 3 3225 ἒ
132 3188 254 3257 mutuit,
286 3196 331 3261 et,
367 3187 472 3249 melius
500 3207 533 3250 se
562 3197 715 3249 versatum
743 3186 919 3250 existimans
948 3187 976 3248 in
999 3184 1239 3266 chronologicis,
1271 3185 1388 3247 biennio
1413 3194 1484 3263 post

2 3278 3 3311 ;
131 3278 335 3357 quaestionem
370 3285 487 3338 tantum
519 3290 642 3338 movens
681 3278 717 3339 de
751 3277 962 3339 observatione
997 3277 1182 3338 Batavorum
1218 3273 1248 3334 in
1278 3274 1482 3352 septentrione

2 3368 3 3401 ³
132 3366 215 3440 (vide
246 3384 337 3447 supra
371 3374 402 3427 et
434 3364 574 3445 Opticam
602 3366 755 3445 Kepleri)‚
796 3365 824 3426 in
858 3366 917 3427 nlio
946 3365 1036 3440 libro,
1074 3382 1160 3445 quem
1195 3361 1367 3441 inscripsit:
1405 3362 1481 3423 Pro·
1583 3420 1588 3429 ,

2 3460 4 3491 r
132 3457 251 3516 dromus
276 3455 524 3517 dissertationum
538 3454 850 3533 cosmographicarum
875 3455 944 3525 tec,
967 3454 1107 3515 Francof.
1133 3447 1225 3514 1612.
1271 3449 1483 3528 Keplerisen-

2 3542 4 3573 r
129 3544 256 3605 tentiam
280 3543 317 3604 de
342 3562 420 3603 anno
440 3541 554 3605 Obristi
579 3540 717 3602 natalitio
743 3560 906 3621 aggressus
930 3551 987 3603 est.
1035 3540 1121 3610 Quae
1145 3540 1173 3599 in
1198 3539 1255 3599 boc
1278 3538 1390 3617 scripto
1408 3555 1481 3617 pro-

2 3621 4 3633 *
134 3631 237 3694 tulerit
274 3630 450 3699 Roeslinus,
493 3650 530 3691 ea
562 3631 701 3708 leguntur
734 3629 812 3690 iuter
845 3629 959 3707 scripte
992 3627 1114 3707 Kepleri
1147 3624 1374 3705 chronologica3
1407 3626 1482 3687 haec

2 3690 4 3718 ι
63 3750 68 3757 ·
132 3729 250 3783 tanturn
275 3737 372 3797 pauca
400 3737 437 3779 ex
461 3718 512 3779 illo
536 3718 721 3779 desumenda
748 3717 931 3785 censuimus,
965 3716 1112 3796 equibus
1136 3720 1277 3793 apparet,
1309 3731 1367 3773 non
1392 3731 1482 3791 aegre

2 3832 4 3879 r
130 3809 237 3869 tulisse
261 3806 436 3886 Roeslinum
464 3806 588 3885 Kepleri
621 3804 917 3885 „Responsionem“:
946 3805 1023 3867 Dem
1053 3803 1200 3882 Keplero‚
1234 3800 1359 3862 meinem
1392 3810 1486 3879 guten

2 3892 4 3935 ¹
131 3894 266 3957 b'reundt
293 3894 352 3954 vud
376 3894 569 3957 Landsmaun
600 3895 650 3975 gib
678 3895 726 3956 iclr
759 3901 846 3956 sonet
872 3892 900 3954 iu
930 3893 1008 3953 allen
1037 3888 1312 3951 Mathematiscben
1342 3888 1482 3950 Kiinsten

2 3976 4 4007 '
131 4002 184 4043 vor
207 3982 287 4042 allen
308 3980 472 4044 Gelehrten
506 3985 535 4045 in
559 3984 613 4045 der
635 3984 720 4045 Welt
742 3985 874 4063 palmam
902 3981 961 4042 vnd
985 3981 1042 4055 den
1065 3979 1191 4060 Preyss,
1230 3977 1289 4038 vnd
1321 3995 1366 4038 wo
1389 3996 1421 4038 er
1453 3978 1482 4039 in

2 4052 4 4141 f
132 4069 356 4152 Physicisvud
384 4072 460 4133 auch
490 4071 517 4132 in
543 4070 770 4150 chronologicis
799 4069 995 4148 ingetrudem
1025 4068 1062 4145 ja
1089 4076 1186 4129 etwsn
1214 4065 1482 4145 uahrgenommeu,
1551 4106 1555 4114 s

132 4160 203 4221 dass
240 4158 288 4220 ioh
315 4159 481 4221 vuer-senen
519 4162 573 4222 het
602 4161 669 4234 tec,
704 4161 759 4221 dos
784 4158 897 4220 nimine
925 4157 972 4218 ich
1004 4158 1080 4218 alles
1108 4156 1162 4217 mit
1190 4156 1347 4216 senderem
1374 4153 1482 4215 Danck

2 4266 4 4298 r
130 4268 189 4310 von
208 4247 273 4328 jbrn
298 4267 346 4308 an.
390 4248 518 4322 Deinde,
543 4267 689 4328 quaereus
713 4249 750 4308 de
773 4247 962 4327 planetarum
985 4243 1116 4314 orbibus,
1140 4243 1243 4304 addit:
1268 4242 1337 4303 Kan
1361 4260 1394 4303 er
1416 4242 1481 4304 sol·

2 4338 4 4369 ³
130 4338 202 4399 ebes
231 4337 290 4398 ohn
313 4336 471 4415 gellichter
494 4336 577 4398 nicht
600 4335 755 4398 berichten
780 4338 828 4407 (er
850 4353 933 4396 muse
958 4333 1035 4395 doch
1058 4332 1122 4393 sein
1137 4331 1240 4393 Weiss
1262 4331 1301 4392 im
1317 4328 1483 4391 Schneiben

2 4506 3 4513 ἵ
128 4426 189 4487 vnd
202 4424 353 4487 Veaieren
377 4425 482 4487 immet
505 4424 633 4500 baben),
658 4424 715 4505 ligt
738 4423 821 4485 nicht
840 4442 889 4496 arr,
911 4421 960 4484 ich
974 4421 1033 4483 kan
1048 4418 1096 4481 ein
1110 4419 1188 4501 Spot
1202 4419 1257 4481 wol
1272 4422 1423 4499 ertrsgen.
