3838 5824
398 404 461 471 128
907 404 1020 470 Mystcrli
1040 405 1240 473 Cosmogruplrlci

394 562 538 626 crudaria
560 570 687 643 quatuor
708 569 762 625 aut
784 563 913 644 quinque
941 564 1040 645 planis
1068 565 1099 627 in
1130 585 1219 628 unum
1241 564 1370 628 solidum
1393 565 1576 629 adsciscunt.
1624 562 1755 640 t)1³rr-

393 652 490 715 ruaria
520 650 629 713 nemini
663 670 748 713 suum
776 652 889 714 debent
916 654 1060 734 originem
1089 663 1120 716 et
1147 654 1370 735 proprietates:
1403 655 1583 717 secundaria
1611 655 1755 735 pleraque

394 760 432 805 ex
453 739 623 821 primariis,
659 740 741 802 faeta
770 741 1022 817 commutatione,
1056 743 1170 822 adepta
1196 749 1285 816 sunt,
1317 751 1350 804 et
1378 743 1464 823 quasi
1495 744 1600 823 genite
1623 762 1661 805 ex
1684 743 1754 806 illis.

394 827 430 903 5)
458 828 605 892 Primaria
628 846 686 890 uuo
710 829 822 891 moveri
850 828 993 892 concinne
1022 840 1168 910 possunt,
1201 831 1259 894 uisi
1293 840 1364 893 ecta
1392 831 1540 894 diametro
1571 850 1627 913 per
1650 839 1757 894 centra

394 919 480 982 unius
495 926 548 979 eut
561 917 766 996 oppositomm
779 918 955 998 planorum:
980 920 1159 981 secundaria
1181 939 1253 982 vero
1278 929 1348 982 acta
1371 939 1426 1000 per
1449 919 1604 1001 oppositos
1629 920 1755 1001 angulos

392 1009 551 1071 diametro.
590 1003 625 1079 6)
649 1004 861 1069 Primariorum
884 1013 933 1069 est
954 1008 1105 1088 proprium
1129 1018 1230 1072 stare:
1255 1009 1498 1072 secundariorum
1513 1009 1652 1088 pudere.
1682 1007 1756 1071 Sive

392 1096 471 1158 enim
494 1096 569 1157 haec
592 1093 622 1155 iu
645 1094 733 1158 basin
757 1096 937 1174 provolvar,
971 1096 1035 1158 sire
1064 1097 1118 1159 illa
1140 1098 1170 1158 iu
1194 1098 1336 1177 angulum
1359 1097 1479 1178 erigas,
1511 1099 1593 1160 visus
1616 1097 1755 1178 utrinque

393 1184 618 1248 deformitatem
642 1192 784 1263 aspectus
808 1184 949 1264 refugiet.
996 1183 1031 1258 7)
1062 1186 1151 1247 Adde
1175 1186 1321 1266 denique,
1354 1187 1433 1267 quod
1455 1186 1598 1265 primaria
1620 1187 1755 1266 perfectu

393 1292 516 1337 numero
540 1272 601 1334 tria
624 1281 713 1334 sunt:
747 1273 926 1335 secundaria
957 1274 1134 1353 imperfecto
1168 1275 1244 1348 duo,
1277 1276 1415 1356 quodque
1443 1275 1498 1337 illa
1525 1293 1630 1336 omues
1653 1274 1756 1354 anguli
1859 1298 1865 1311 ·

395 1363 512 1444 species
535 1361 776 1436 habeut-cubus
800 1370 922 1437 rectum,
945 1362 1079 1444 pyramis
1098 1370 1228 1436 acutum,
1253 1363 1473 1425 dodecasdrum
1496 1363 1655 1425 obtusum:
1681 1363 1755 1425 haec
1791 1421 1795 1427 ,

395 1470 465 1514 vero
490 1450 578 1513 ambo
602 1449 631 1511 iu
656 1448 756 1512 obtusi
780 1451 873 1513 solius
896 1469 1006 1530 genere
1029 1460 1199 1514 versantur.
1245 1451 1288 1514 Et
1315 1452 1450 1514 octaedri
1479 1452 1599 1533 quidem
1627 1452 1755 1532 angulus

394 1560 449 1622 per
471 1558 573 1601 omnes
598 1546 661 1601 tres
685 1538 802 1618 species
826 1547 964 1618 vagatur,
990 1540 1018 1601 iu
1038 1541 1181 1619 junctura
1204 1540 1332 1603 laterum
1355 1540 1491 1614 obtusus,
1515 1540 1594 1604 inter
1617 1540 1757 1603 coeuntia

394 1631 452 1692 duo
476 1628 573 1690 latera
596 1646 634 1689 ex
657 1627 796 1706 opposito
820 1637 934 1702 rectus,
959 1628 1023 1707 ipse
1048 1647 1118 1690 vero
1144 1629 1259 1691 solidus
1283 1637 1399 1691 acutus.
1440 1627 1516 1691 Cum
1539 1628 1633 1709 igitur
1655 1629 1755 1692 mani-

395 1721 506 1779 festum
529 1724 613 1779 esset
635 1716 794 1778 discrimen
818 1716 897 1778 iuter
920 1736 1060 1798 corpora,
1091 1718 1316 1779 convenientius
1340 1718 1402 1781 lieri
1427 1719 1500 1780 nihil
1523 1719 1636 1797 potuit,
1666 1736 1756 1799 quam

394 1817 428 1870 ut
441 1806 545 1868 Tellus
561 1811 675 1879 nostra,
701 1805 794 1867 totius
819 1806 920 1868 muudi
944 1822 1061 1867 summa
1084 1814 1116 1867 et
1134 1807 1340 1886 compendium
1364 1816 1454 1887 atque
1479 1807 1555 1868 adeo
1579 1805 1757 1886 dignissima

395 1895 551 1957 stellarum
574 1892 735 1968 mobilium,
761 1892 833 1954 orbe
857 1911 910 1955 suo
933 1894 1012 1955 iuter
1026 1895 1125 1957 dictos
1139 1896 1259 1957 ordines
1275 1895 1482 1975 distingueret,
1509 1895 1664 1976 locumque
1688 1914 1755 1956 eum

394 1983 566 2056 sortiretur,
591 2000 679 2061 quem
702 1982 759 2062 ipsi
782 1982 918 2062 superius
943 1980 1145 2045 attribuimus.
1289 1981 1296 1989 '

968 2386 1088 2486 Caput
1115 2386 1177 2461 IV.
1290 2372 1295 2381 ’

522 2548 632 2626 Quare
654 2546 720 2611 triu
743 2565 877 2629 corporo
902 2545 1038 2609 Terram
1059 2548 1214 2620 cambiunt,
1237 2547 1301 2612 duo
1323 2546 1452 2630 reliquo
1473 2547 1633 2612 iuduunt?

485 2692 595 2753 Patere
619 2709 712 2766 nuuc,
737 2690 833 2752 lector
856 2688 1049 2770 aequanime,
1074 2695 1109 2751 ιιι
1130 2687 1232 2750 ludam
1256 2689 1474 2771 aliquantisper
1497 2690 1524 2751 in
1549 2709 1581 2751 re
1604 2689 1699 2764 seria,
1725 2697 1758 2750 et

395 2779 527 2843 nonnihil
551 2779 704 2859 allegoriis
728 2778 911 2857 indulgeam.
957 2776 1079 2839 Etenim
1107 2777 1246 2839 existimo
1277 2798 1315 2840 ex
1343 2798 1443 2841 amore
1466 2778 1524 2840 Dei
1554 2777 1757 2840 inhominem

395 2888 505 2931 causas
534 2888 630 2930 rerum
659 2869 689 2930 in
717 2869 827 2930 mundo
855 2866 1001 2946 plurimas
1031 2866 1137 2935 deduci
1165 2884 1266 2946 posse.
1315 2866 1407 2929 Certe
1430 2867 1567 2949 equidem
1590 2886 1676 2929 nemo
1699 2886 1756 2928 ue-

393 2959 492 3039 gabit,
522 2958 550 3019 in
581 2956 731 3019 domicilio
759 2955 861 3018 mundi
889 2956 1061 3018 exornando
1083 2955 1182 3017 Deum
1207 2956 1244 3017 ad
1273 2956 1401 3018 incolam
1431 2959 1561 3019 futurum
1593 2954 1755 3017 identidem

394 3047 576 3127 respexisse.
622 3047 708 3108 Finis
732 3046 810 3107 euim
834 3053 867 3106 et
894 3044 995 3107 muudi
1021 3053 1052 3105 et
1079 3044 1176 3106 omnis
1205 3044 1366 3106 creationis
1396 3047 1498 3107 homo
1526 3054 1584 3106 est.
1630 3044 1755 3107 Terram

393 3136 499 3216 igitur,
525 3154 602 3215 quae
625 3135 785 3215 genuinam
810 3132 966 3196 Creatoris
989 3133 1151 3210 imaginem
1173 3133 1283 3195 datura
1306 3142 1337 3195 et
1360 3134 1471 3196 alitura
1493 3141 1590 3209 esset,
1615 3133 1756 3195 existimo

393 3225 515 3302 dignam
539 3223 642 3285 aDeo
665 3224 821 3297 censitam,
847 3241 923 3301 quae
947 3219 1120 3282 circumiret
1141 3221 1220 3283 iuter
1242 3222 1357 3284 medios
1380 3223 1520 3302 planetas
1545 3221 1598 3299 sic,
1623 3230 1656 3283 ut
1680 3221 1756 3284 toti-

394 3312 464 3373 dem
486 3311 540 3374 ills
562 3310 688 3372 baberet
712 3311 794 3373 intra
817 3309 898 3370 orbis
922 3308 968 3370 sui
992 3309 1188 3388 complexum,
1213 3319 1286 3390 quot
1308 3319 1397 3373 extra
1419 3311 1560 3374 habitura
1584 3318 1677 3373 esset.
1714 3310 1757 3373 Ut

367 3401 450 3461 ehoe
473 3400 557 3460 Deus
581 3397 750 3471 obtineret,
782 3397 884 3459 Solem
909 3395 1032 3475 reliquis
1056 3395 1184 3477 quinque
1208 3399 1307 3462 stellis
1338 3401 1507 3474 accensuit,
1540 3398 1677 3480 quamvis
1706 3399 1756 3461 ille

394 3497 460 3550 toto
484 3505 593 3568 genere
618 3486 813 3567 discreparet.
848 3485 942 3565 quue
966 3502 1001 3545 eo
1025 3485 1122 3564 magis
1141 3504 1304 3549 consonum
1319 3489 1447 3564 videtur,
1472 3488 1642 3569 quodcum
1665 3506 1758 3568 supra

394 3575 448 3639 Sol
472 3576 530 3638 Dei
552 3575 650 3656 patris
673 3575 773 3654 imago
802 3574 910 3648 fuerit,
944 3574 1086 3635 credibile
1119 3583 1186 3649 est,
1219 3576 1277 3638 hac
1306 3577 1510 3640 associatione
1538 3594 1605 3639 oum
1633 3577 1757 3657 reliquis
1866 3656 1870 3661 ⁵

393 3664 493 3727 stellis
517 3671 695 3745 argumenta
718 3669 844 3725 venturo
868 3662 974 3723 colono
996 3663 1141 3741 praebere
1165 3663 1305 3727 debuisse
1329 3669 1555 3746 φιλανθρωπιας
1582 3673 1614 3727 et
1638 3664 1758 3745 ἀνθρω·

394 3758 575 3828 recaderus,
601 3771 690 3833 quam
711 3752 796 3813 Deus
820 3760 1016 3831 usurpaturus
1041 3761 1108 3815 erut
1132 3771 1206 3833 erga
1223 3753 1368 3830 homines,
1394 3757 1432 3817 ad
1451 3754 1647 3818 domesticam
1665 3754 1757 3816 fami·

395 3842 560 3905 liaritatem
584 3859 678 3922 usque
701 3859 770 3902 sese
794 3841 968 3903 demittens.
1013 3841 1093 3903 Nam
1124 3842 1153 3902 in
1182 3843 1280 3904 veteri
1302 3844 1498 3906 Testamento
1529 3844 1701 3924 frequenter
1728 3844 1758 3905 iu

395 3950 549 3993 numerum
574 3931 725 3994 hominurn
752 3930 850 4003 venit,
880 3938 913 3991 et
935 3930 1103 3992 Abrahami
1126 3931 1241 3993 amicus
1269 3932 1372 3994 audire
1401 3933 1511 4007 voluit,
1539 3932 1630 3994 sicuti
1653 3930 1758 3994 Solem

397 4021 533 4082 videmus
556 4019 587 4082 in
610 4038 764 4081 numerum
787 4019 940 4081 mobilium
963 4020 1076 4081 reuire.
1120 4017 1196 4081 (lum
1220 4027 1321 4081 autem
1345 4019 1399 4083 Sol
1424 4043 1444 4083 a
1466 4022 1560 4083 Terra
1583 4019 1756 4094 ambiretur,

396 4108 517 4191 positis,
542 4128 619 4189 quae
643 4108 834 4183 dictasunt,
859 4107 1031 4170 necessario
1055 4108 1107 4170 ille
1131 4108 1204 4169 ordo
1228 4127 1384 4189 corporum
1409 4110 1489 4172 intra
1512 4110 1636 4172 Terram
1657 4109 1757 4171 iuclu-

394 4198 511 4260 dendus
534 4198 605 4272 fuit,
635 4197 684 4277 qui
708 4197 767 4259 duo
791 4196 900 4259 saltem
927 4196 1157 4277 complectitur:
1192 4215 1298 4277 nempe
1322 4207 1355 4260 ut
1378 4198 1502 4261 mobilia
1524 4198 1583 4261 duo
1607 4216 1674 4259 cum
1697 4197 1757 4259 im-

282 4340 287 4349 ,
395 4286 497 4349 mobili
521 4284 594 4348 Sole
617 4285 743 4349 eundem
771 4287 922 4348 efficerent
949 4304 1102 4349 numemm
1129 4287 1312 4362 ternarium,
1347 4287 1396 4367 qui
1425 4294 1473 4350 est
1500 4286 1530 4349 iu
1558 4286 1689 4348 exclusis
1718 4285 1758 4347 ab

395 4375 465 4437 orbe
490 4375 611 4437 Terrae.
658 4372 710 4437 Sic
740 4374 851 4454 igitur,
885 4375 972 4437 Luna
1002 4373 1183 4455 praesertim
1206 4376 1331 4437 Terram
1362 4376 1540 4451 ambeuute,
1574 4374 1757 4438 domicilium

394 4472 528 4526 nostmm
551 4464 681 4544 optimus
706 4462 835 4527 Creator
857 4463 888 4525 in
915 4463 1013 4525 medio
1042 4469 1159 4541 septem
1186 4463 1378 4542 planetarum
1407 4464 1578 4527 collocavit.
1626 4465 1707 4527 Nam
1730 4462 1758 4525 si

394 4553 483 4615 trium
505 4552 684 4633 reliquorum
708 4553 780 4615 ordo
811 4552 851 4613 ad
874 4551 975 4614 Solem
1006 4550 1207 4627 accessisset,
1243 4552 1374 4615 fuissent
1405 4551 1497 4633 igitur
1526 4552 1607 4614 intra
1630 4551 1757 4615 Terram

394 4661 460 4703 cum
484 4640 556 4704 Sole
580 4651 708 4722 quatuor
736 4641 863 4714 stellae,
898 4640 977 4701 duae
1004 4656 1075 4702 vero
1104 4646 1225 4715 tontum
1254 4648 1352 4702 extre.
1399 4639 1486 4711 Quae
1510 4641 1625 4704 numeri
1648 4637 1756 4714 ἀταξια
1822 4664 1826 4673 ·

393 4749 461 4792 cum
482 4731 599 4793 ratione
628 4737 752 4805 careat,
784 4728 898 4790 omissa
925 4735 975 4789 est
997 4748 1017 4788 a
1040 4724 1197 4791 creatore.
1231 4725 1321 4791 -Ourn
1343 4728 1417 4791 item
1440 4729 1595 4792 contiuere
1618 4729 1661 4791 sit
1682 4748 1755 4810 per·
1874 4784 1879 4791 .

393 4820 538 4896 fectioris,
559 4819 698 4889 utactio,
718 4816 864 4879 contineri
883 4822 917 4877 ut
936 4815 1039 4896 passio
1063 4816 1303 4897 imperfectioris,
1326 4818 1471 4898 primarie
1484 4834 1555 4880 vero
1573 4818 1756 4899 perfectiora

392 4909 455 4972 siut
476 4907 596 4985 ceteris,
620 4905 771 4981 convenit,
794 4911 829 4967 ut
850 4904 941 4968 trium
960 4905 1032 4969 ordo
1047 4906 1216 4969 contineret
1231 4907 1365 4984 Terram,
1388 4907 1507 4990 reliqua
1529 4906 1754 4970 continerentur
