3814 5818
738 318 943 379 mnam
1455 306 1522 379 255

159 489 293 573 pinuae
321 501 396 546 uero
424 481 665 556 mentiones,
699 478 829 544 artifieio
857 472 1147 541 demonstrationum
1168 471 1352 575 destitutue3
1385 470 1464 574 quqd
1478 488 1522 569 ⁸eu

157 579 212 643 illa
234 578 327 655 lours
348 572 517 637 Ptolsmsei
539 570 736 634 exeusatione
758 569 811 633 lib.
835 568 891 632 lx„
916 565 1002 629 initio
1027 561 1117 627 taoile
1140 561 1243 643 eolligr
1265 565 1383 640 potest:
1414 561 1521 639 dispu-

156 675 255 731 tatum
277 661 477 725 edmunde
500 661 567 732 luit,
589 678 720 740 quonam
739 666 831 740 pseto
854 663 998 736 puuctum
1021 658 1138 715 eertum
1160 649 1344 732 geometrice
1365 646 1521 728 designari

158 762 260 839 queat,
284 752 315 814 iu
339 770 397 833 quo
419 751 546 831 planeta
568 756 650 812 stare
674 747 830 811 videatur:
862 762 931 806 eum
962 744 1039 804 haee
1065 758 1116 803 res
1145 758 1204 802 nou
1228 738 1318 801 aliter
1347 737 1405 800 nisi
1427 754 1521 816 prope
1638 765 1642 773 ·

155 862 260 907 rerum
290 839 436 904 mustitani
461 847 495 901 et
516 837 699 902 numerando
728 834 831 916 colligi
863 833 956 915 po‘soe
977 830 1142 893 uderetur.
1187 826 1301 890 Extitit
1326 825 1425 927 igitur·
1440 825 1521 887 inter

156 940 277 997 eeteros
299 937 333 992 et
354 929 547 1008 Pergaeus
570 934 778 1010 geometra,
803 922 960 1005 problema
981 916 1176 1000 geometricis
1200 914 1443 979 accommodavit
1465 912 1522 1014 de-

156 1017 436 1094 monstrationibus,
461 1035 557 1099 esque
580 1015 638 1080 sibi
660 1015 784 1089 sumsit,
809 1011 916 1094 quibus
941 1005 1095 1071 conoessis
1119 1004 1261 1085 expedire
1285 1004 1522 1104 demonstratio-

156 1129 225 1175 nem
257 1114 415 1192 speraret:
449 1126 525 1187 quse
561 1106 681 1188 quidem
712 1098 931 1167 demonstratio
965 1093 1134 1158 admirabili
1165 1093 1306 1173 profectu
1336 1092 1456 1195 inqeuro
1489 1094 1523 1149 et

156 1200 329 1263 inventione
351 1195 562 1269 solertissima,
586 1197 677 1275 plane
700 1192 836 1257 eonion
857 1188 924 1268 ejus
949 1184 1065 1247 autoris
1087 1182 1180 1262 sepit.
1226 1181 1282 1284 ‘De
1295 1200 1330 1244 eo
1354 1199 1399 1242 ere
1412 1178 1521 1241 Ptole-

157 1307 261 1351 maeus
284 1287 422 1366 (Almag.
444 1285 522 1360 XII,
554 1285 620 1358 l.):
654 1282 820 1363 Supposita
846 1296 906 1341 une
936 1273 1048 1337 saltem
1080 1271 1303 1351 inaequalitate
1334 1276 1451 1342 motus,
1484 1283 1522 1326 os

156 1396 281 1458 nempe,
305 1395 381 1456 quae
404 1374 444 1435 ad
467 1373 569 1438 Solem
592 1373 771 1449 restituitur,
1160 1409 1168 1425 ·
1196 1409 1205 1424 ·

155 1465 308 1547 geminam
322 1462 490 1527 instituisse
507 1465 634 1527 formam
647 1452 770 1544 proble-

156 1554 256 1619 matis.
297 1553 399 1617 Primo
423 1552 448 1614 si
465 1552 545 1615 haue
567 1552 771 1632 inaequalita-

156 1654 218 1710 tem
242 1647 309 1727 quis
332 1645 363 1707 iu
386 1644 520 1728 epioyelo
544 1654 663 1711 statuet
684 1648 769 1710 aoei-

156 1737 242 1811 dere,
273 1736 321 1799 ita
350 1741 387 1797 ut
414 1734 541 1816 epieyoli
572 1744 707 1800 centrum
739 1736 769 1798 in

156 1827 345 1889 eontentrico
374 1832 532 1887 moveatur
557 1827 587 1890 in
619 1827 771 1908 signorum

156 1914 381 1996 consequentia,
405 1913 496 1977 stella
516 1915 547 1976 iu
567 1917 701 2000 epieyolo
724 1915 770 1979 ai-

156 2005 267 2067 militer
297 2004 329 2066 in
361 2007 577 2084 consequentia
613 2026 651 2070 ex
681 2015 769 2091 parte

156 2093 323 2174 superioris
357 2092 463 2175 quibus
497 2096 624 2174 positis,
658 2116 701 2160 eo.
739 2097 785 2160 A.

155 2182 266 2257 Terra,
308 2188 341 2243 et
379 2181 490 2244 circum
534 2204 601 2248 eom
638 2205 769 2249 ooneeu-

107 2333 110 2339 ,
155 2271 232 2333 trion
255 2269 324 2345 OE,
351 2270 441 2351 inque
464 2291 500 2335 eo
525 2274 660 2357 epioyolo
683 2273 772 2338 GFH

156 2358 277 2423 cirosC
297 2366 442 2435 centrum,
467 2368 499 2423 et
513 2359 585 2424 Sole
600 2382 719 2443 semper
740 2364 771 2425 in

155 2449 237 2511 lines
249 2450 306 2512 ΓΑ
320 2457 472 2523 venante,
496 2450 578 2514 dueit
592 2451 771 2532 Apollonius

157 2537 266 2600 lineam
281 2535 401 2600 AHEG
417 2539 521 2613 talem,
545 2548 579 2603 ut
600 2541 659 2604 ΕΗ
681 2540 771 2604 dirui-

156 2625 237 2689 dium
267 2625 414 2706 portionis
445 2627 527 2691 intre
559 2629 700 2694 circulum
732 2631 773 2692 ad

156 2716 230 2790 ΑΗ,
263 2716 414 2778 residuum
447 2717 485 2779 ab
513 2718 652 2782 oculoA
681 2719 721 2780 ed
742 2718 774 2780 Η

157 2820 323 2867 eonvexam
350 2805 476 2887 epieyeli
507 2813 639 2888 partem,
673 2806 713 2869 sit
742 2807 772 2868 in

158 2914 195 2956 es
217 2894 418 2973 proportione,
442 2893 473 2958 in
496 2913 555 2975 qua
577 2904 627 2958 est
648 2895 774 2978 epieyeli

158 2983 313 3053 velocitas,
333 2980 418 3046 exO
446 2983 527 3046 inE
556 2984 595 3046 ad
622 2985 773 3047 velocite-

157 3079 220 3133 tem
252 3073 360 3134 stellae
393 3091 431 3133 ex
453 3073 480 3134 F
503 3073 533 3134 in
564 3070 613 3135 G:
647 3073 774 3135 demon·

157 3166 310 3241 suamne,
334 3160 360 3222 si
382 3163 507 3240 planeta
528 3161 559 3223 in
583 3161 612 3224 id
635 3170 779 3242 punctum
803 3163 833 3226 Η
857 3163 990 3240 incidat,
1021 3168 1105 3225 sture
1130 3159 1229 3223 risum
1252 3158 1298 3223 iri.
1346 3157 1401 3222 Sin
1425 3166 1526 3223 autem

158 3248 225 3331 quia
248 3249 334 3312 malit
355 3250 434 3311 beno
458 3249 717 3331 inaequalitatem,
741 3273 818 3334 quse
842 3250 1127 3335 respeotumhsbet
1149 3250 1187 3311 ad
1204 3247 1319 3323 Solem,
1341 3266 1396 3328 per
1419 3266 1528 3310 eoten-

159 3338 267 3400 tticum
282 3338 505 3415 administrare,
523 3339 685 3403 valituram
699 3341 778 3406 benc

156 3427 305 3490 rationem
329 3427 447 3490 nonnisi
470 3428 499 3489 in
525 3425 773 3509 Ssuperioribua

157 3517 207 3597 qui
223 3516 301 3579 omui
316 3523 490 3597 aspectuum
510 3517 687 3581 formatum
702 3516 775 3582 Sole

157 3607 393 3685 configurentur,
422 3613 454 3667 et
477 3612 616 3686 oportere
640 3614 775 3670 centrum

157 3694 248 3774 hujus
272 3692 431 3757 eeoentrioi
459 3694 540 3756 eirea
563 3701 697 3758 centrum
721 3716 775 3759 zo-

158 3783 238 3845 diaci
261 3783 429 3865 aequaliter
443 3781 507 3845 Soli
523 3784 636 3847 moveri
654 3785 684 3847 in
702 3805 776 3849 eou-

158 3873 331 3952 sequentis‚
365 3872 488 3935 stellam
516 3892 588 3936 vero
611 3872 642 3945 in
665 3895 775 3938 euoen-

157 3961 246 4036 trico,
270 3961 351 4025 eirea
374 3969 509 4025 centrum
531 3961 626 4043 ipsius
640 3964 671 4026 iu
684 3982 777 4045 pras·

158 4051 312 4128 cedentia,
334 4051 562 4132 inaequalitatis
584 4051 668 4115 i'iua
682 4051 777 4116 motui

158 4139 337 4220 aequaliter.
385 4137 503 4211 Quibus
527 4141 636 4204 iterum
659 4141 776 4222 positis,

158 4248 203 4291 se.
226 4230 253 4291 F
274 4230 383 4305 Terra,
407 4229 454 4302 N,
480 4228 508 4290 Ε
540 4238 644 4292 centro
667 4251 776 4295 eeoen-

158 4317 242 4393 triti,
275 4319 356 4380 cirea
384 4318 411 4379 F
442 4336 539 4381 annuo
573 4327 655 4381 motu
687 4321 776 4383 volu-

157 4406 286 4469 bilisia
307 4404 410 4482 ΝΕΟ,
443 4407 474 4469 A
497 4425 567 4469 vero
594 4408 720 4488 planeta
746 4408 775 4470 iu

159 4495 327 4558 eeeentrieo
345 4514 451 4561 verens
465 4495 549 4560 ΒΟΤ
562 4503 676 4559 motum
690 4517 776 4559 eom-

159 4584 336 4648 mutstionis
352 4583 535 4666 (Cepernieo
556 4585 682 4657 dietum)
705 4603 777 4666 per·
823 4609 848 4662 A

158 4673 296 4749 delente:
325 4673 408 4739 duoit
434 4693 551 4737 rursum
577 4693 632 4756 per
651 4675 678 4737 F
700 4675 778 4736 Ter-

159 4781 223 4826 ram
247 4762 359 4825 lineam
374 4759 477 4834 taleni,
500 4771 536 4827 ut
559 4763 708 4827 medietas
723 4761 780 4826 OT

157 4852 256 4917 lineae
271 4848 326 4915 ΒΤ
340 4850 450 4915 ductes
472 4852 696 4941 proportionem
710 4870 778 4918 eam
