3838 5824
251 302 258 311 ο
372 354 436 423 136
645 402 648 406 A
887 346 1001 411 Mysterli
1019 343 1220 412 Oomograpbicl

261 537 264 541 ·
369 524 536 580 ceterorum
565 515 664 575 latera
692 510 775 572 dicta
807 526 867 569 888
896 507 983 569 811881
1017 525 1147 586 congrue
1180 502 1264 605 poni·
1278 505 1416 581 possunt.
1435 496 1460 572 ι)
1514 498 1733 563 Dodecatdron

746 612 841 667 81811
1223 588 1316 669 igitur
1340 587 1443 649 decem
1473 586 1618 650 lateribus
1641 587 1734 649 talem

384 678 1188 811 Μ
1230 676 1373 739 describit
1397 675 1491 751 viam,
1522 696 1577 756 per
1604 676 1734 737 medium

1162 771 1406 828 transeunte
1425 765 1578 843 quadrato
1587 762 1732 836 8818111181,

1230 854 1260 915 18
1283 853 1405 933 planum
1428 859 1555 914 extenso
1579 854 1642 931 (lig
1668 847 1733 924 13).

460 953 644 1017 Icosaddron
667 968 739 1011 vero
763 949 958 1011 manifestam
982 950 1087 1010 zonam
1111 945 1168 1008 188
1191 952 1291 1026 pacto,
1316 947 1491 1003 transeunte
1510 960 1625 1003 rursum
1646 947 1734 1001 octa·

753 1049 801 1100 ru.
816 1046 849 1090 11.
1231 1030 1296 1092 edri
1319 1029 1498 1109 quadrato
1490 1049 1521 1091 18
1540 1047 1590 1091 888
1592 1036 1656 1090 1818
1679 1047 1735 1089 811·

1230 1120 1356 1190 18888(
1342 1118 1406 1196 (lig
1434 1114 1499 1191 14).

402 1141 680 1278 ,Δ,Δ
768 1142 1004 1280 A'A
1298 1204 1426 1277 Quod
1402 1226 1428 1268 81
1443 1207 1518 1268 haec
1532 1206 1590 1267 duo
1604 1211 1737 1283 cognata

403 1282 760 1422 Ἆγι,
801 1283 1209 1426 ’.γι
1232 1314 1358 1374 corpora
1389 1295 1435 1357 ita
1462 1294 1651 1376 applicentur
1682 1311 1738 1372 per

1233 1383 1542 1454 circumferentiam(
1528 1384 1612 1454 (nam
1636 1380 1738 1460 anguli

375 1479 434 1540 duo
457 1477 545 1539 88188
569 1483 602 1537 81
629 1484 734 1538 centra
760 1478 919 1557 planomm
950 1476 1075 1538 11888818
1103 1474 1227 1538 81188188
1256 1471 1366 1544 adbuc,
1398 1479 1432 1533 ut
1459 1489 1564 1550 snpra,
1592 1478 1737 1550 tanquam

372 1566 437 1647 poli
459 1565 620 1627 cohaerere
644 1564 868 1644 intelliguntur)
891 1572 927 1626 81
951 1562 1130 1644 apparentia
1158 1562 1230 1625 bina
1259 1559 1482 1642 quinquangulus
1509 1558 1674 1630 icosaedri,
1705 1565 1738 1618 et

752 1683 798 1733 ris
814 1680 848 1721 11,
1230 1649 1302 1710 bina
1325 1665 1399 1709 vera
1418 1647 1597 1709 dodecaedri
1618 1645 1737 1725 angulis
1795 1720 1802 1731 ·

393 1763 1199 1906 ,8181818181
1233 1735 1739 1913 eruesursellum

393 1905 1199 2040 ΝΙῊᾹῊ
1234 1911 1738 2078 811111111111·

753 2111 801 2159 ra.
816 2108 850 2150 18.
1299 2085 1352 2149 Sin
1374 2088 1501 2167 angulus
1524 2088 1610 2149 88188
1640 2087 1738 2149 medio

1005 2175 1740 2431 1111111

1304 2438 1383 2511 Quid
1406 2449 1505 2504 restat
1531 2441 1637 2521 igitur,
1670 2438 1739 2521 quin

377 2536 513 2600 dicamus
544 2534 686 2615 planetas
718 2531 801 2595 illam
835 2529 916 2592 viam
949 2535 996 2593 181
1027 2530 1200 2594 manifestis
1231 2529 1351 2609 punctis
1379 2535 1516 2592 notatam
1547 2550 1565 2590 a
1594 2528 1740 2592 Creatore

373 2627 479 2706 jussos
503 2623 556 2697 ire,
580 2621 741 2703 praecipue
766 2630 831 2683 8881
854 2620 935 2681 18181
958 2638 1049 2699 supra
1072 2626 1210 2683 assumta
1232 2618 1436 2699 colligataque
1459 2625 1565 2680 centra
1588 2626 1620 2679 et
1643 2636 1739 2695 angu-

377 2714 424 2775 los
450 2720 594 2793 tauquam
617 2711 704 2790 polos
728 2710 828 2772 media
851 2709 902 2770 sit.
918 2709 948 2780 11)

818 2945 862 3008 IN
886 2942 1027 3007 CAPUT
1049 2941 1308 3007 UNDEOIMUM

905 3066 1020 3119 118818
1040 3066 1218 3118 18888818.

306 3154 325 3251 Ι1
459 3174 488 3241 a)
510 3179 609 3232 Totum
623 3176 677 3230 hoc
690 3183 776 3246 881181
790 3182 922 3247 (18881818
944 3178 978 3229 ad
991 3190 1104 3243 scopum
1118 3174 1206 3228 8181111
1221 3176 1321 3244 potuit,
1343 3174 1445 3228 nullius
1460 3171 1532 3227 enim
1546 3171 1673 3226 momenti
1689 3178 1741 3226 est.

380 3259 476 3327 Neque
490 3258 561 3310 enim
580 3256 626 3309 hio
644 3261 689 3308 est
702 3256 838 3325 genuinus
854 3255 923 3308 situs
944 3270 992 3307 seu
1008 3254 1150 3321 coaptatio
1165 3252 1238 3307 inter
1251 3271 1281 3307 se
1303 3270 1447 3322 corporum
1462 3253 1580 3323 quinque
1594 3251 1743 3323 geometri·

381 3352 481 3398 corum,
503 3342 537 3389 ut
555 3335 628 3388 infra
646 3334 771 3402 patebit:
793 3351 882 3403 neque
904 3332 926 3385 si
947 3337 1031 3393 88881,
1047 3331 1175 3384 zodiacus
1197 3332 1260 3386 iude
1281 3338 1367 3385 esset.
1418 3354 1423 3361 ¹

460 3411 490 3479 b)
515 3414 587 3466 Eece
610 3418 643 3465 ut
665 3411 852 3466 foeneraverit
865 3411 930 3464 mibi
952 3426 1001 3480 per
1015 3410 1065 3462 hos
1081 3410 1118 3463 25
1134 3427 1220 3464 88888
1244 3411 1407 3481 principium
1429 3408 1488 3478 jam
1508 3415 1575 3464 1888
1593 3409 1745 3465 breuissime

277 3487 284 3494 ’
381 3508 557 3563 persuasum:
579 3493 640 3543 ideo
661 3492 719 3544 8811.
743 3491 941 3545 mathematica
964 3505 1063 3542 causas
1085 3490 1144 3544 deri
1167 3493 1335 3546 naturalium
1359 3490 1441 3560 (quod
1456 3492 1557 3562 dogma
1577 3491 1745 3545 Aristoteles

381 3572 505 3628 18118818
519 3565 691 3633 vellicavit),
714 3570 780 3639 quia
793 3571 910 3624 Creator
923 3570 999 3622 Deus
1020 3570 1219 3635 mathematica
1238 3579 1271 3626 ut
1284 3572 1452 3641 archetypos
1473 3586 1565 3625 secum
1580 3570 1615 3624 ab
1630 3577 1745 3624 aeterno

380 3652 481 3707 habuit
494 3651 523 3703 18
538 3648 727 3704 abstractione
741 3649 944 3718 simplicissima
957 3656 988 3703 81
1000 3649 1101 3715 divina,
1124 3652 1160 3705 ab
1175 3650 1242 3720 ipsis
1257 3649 1568 3721 81181818881118111188,
1592 3650 1745 3705 materiali-

343 3742 348 3755 ·
382 3738 426 3786 188
440 3729 628 3785 consideratis.
669 3729 837 3783 Aristoteles
852 3729 1011 3784 Creatorem
1033 3730 1156 3801 negavit,
1178 3733 1307 3787 mundum
1326 3740 1469 3787 aeternum
1490 3731 1605 3785 statuit:
1628 3747 1682 3784 non
1696 3730 1745 3785 mi-

380 3827 449 3874 rum,
465 3809 488 3865 si
503 3809 672 3878 archetypos
692 3806 803 3876 rejecit:
826 3807 917 3862 181881·
938 3808 1010 3863 88181
1032 3810 1139 3864 nullam
1152 3811 1208 3864 illis
1223 3813 1276 3867 vim
1299 3812 1422 3865 11181881
1435 3811 1529 3872 fuisse,
1553 3812 1577 3864 81
1601 3828 1656 3865 888
1669 3811 1747 3864 Deus

382 3891 440 3959 ipse
456 3890 483 3942 18
498 3888 561 3941 11188
576 3888 751 3956 respexisset
763 3888 791 3941 in
806 3890 933 3943 creando.
975 3890 1052 3961 Ergo
1072 3890 1156 3944 etiam
1170 3891 1408 3945 eccentricitatum
1422 3905 1524 3944 causae
1544 3907 1581 3943 ex
1601 3891 1653 3943 1188
1670 3889 1746 3959 prin·

382 3969 452 4038 cipio
468 3968 580 4021 tandem
595 3966 724 4020 inventae
739 3974 810 4031 suut,
832 3986 946 4038 quarum
969 3969 1197 4040 inaequalitatem
1216 3972 1396 4025 vehementer
1417 3986 1528 4022 necesse
1543 3977 1588 4023 est
1607 3970 1745 4032 admirari,

382 4049 535 4119 quicunque
557 4049 590 4099 de
612 4047 645 4101 iis
667 4047 738 4100 serio
763 4049 884 4118 cogitat:
919 4050 1071 4121 quicunque
1094 4067 1153 4105 cum
1175 4051 1328 4105 Aristotele
1352 4052 1385 4104 de
1408 4050 1492 4103 rebus
1516 4050 1683 4103 coelestibus
1707 4049 1747 4103 sic

382 4127 504 4198 quaerit:
529 4127 740 4191 Quarenon,
766 4144 831 4198 quo
856 4128 1006 4199 quilibet
1026 4130 1179 4199 planeta
1199 4131 1378 4194 humilior,
1404 4148 1443 4183 eo
1464 4130 1632 4200 pluribus
1653 4130 1746 4183 orbi·

381 4210 442 4263 bns
464 4207 627 4261 vehitur?
667 4208 739 4261 Nam
754 4209 799 4278 qui
821 4208 847 4262 in
862 4209 914 4262 1188
929 4210 1116 4279 inquirendum
1130 4210 1182 4264 sibi
1200 4212 1312 4280 putavit
1333 4212 1360 4264 18
1374 4210 1544 4264 astronomia
1558 4210 1600 4263 881
1615 4209 1746 4279 temporis

381 4289 463 4356 inque
477 4287 658 4356 persuasione
679 4287 730 4341 illa
750 4288 825 4342 18188
839 4290 987 4343 solidorum
1001 4289 1114 4351 orbium,
1141 4290 1210 4344 idem
1225 4292 1306 4345 hodie
1321 4291 1344 4343 81
1359 4290 1474 4353 viveret,
1500 4297 1530 4343 et
1547 4306 1647 4359 puram
1661 4298 1746 4360 atque

381 4367 532 4438 3881118818
552 4372 676 4422 88811818
696 4369 729 4420 de
751 4369 828 4423 coelo
848 4370 998 4424 doctrinam
1021 4378 1210 4440 cognosceret,
1234 4372 1321 4425 multo
1343 4370 1463 4424 81881188
1486 4369 1539 4423 sibi
1560 4371 1747 4462 quaerendum

381 4446 570 4503 existimaret:
602 4447 716 4509 Quare
740 4466 821 4512 888,
858 4465 922 4519 quo
946 4449 1100 4518 quilibet
1122 4452 1270 4519 planeta
1297 4450 1467 4511 interior,
1485 4451 1560 4503 boc
1580 4451 1748 4504 minorem

382 4525 492 4579 etiam
515 4527 820 4605 8888818181181818
841 4526 964 4583 babet?
1006 4530 1103 4598 ltaque
1118 4532 1243 4585 81881188
1256 4531 1419 4591 8811881188
1445 4545 1516 4599 quas
1537 4529 1590 4599 ipsi
1606 4530 1746 4599 88811818-

382 4604 456 4674 cipia
470 4613 663 4676 suggererent,
687 4608 843 4670 8888818118,
865 4609 915 4662 1118
929 4615 1067 4678 perpetua
1080 4626 1156 4673 voce
1180 4612 1292 4673 Quare
1306 4626 1386 4672 888,
1408 4609 1432 4663 81
1456 4611 1566 4663 tandem
1585 4611 1748 4664 edoceretur

383 4685 506 4738 Aristoto
509 4686 559 4750 les,
582 4702 680 4739 causas
704 4687 787 4757 hujus
802 4705 842 4741 rer
836 4688 1056 4758 'pulcherrimas
1080 4697 1111 4745 81
1133 4691 1216 4760 plane
1232 4690 1403 4744 necessarias
1427 4708 1463 4742 ex
1481 4690 1640 4752 harmoniis,
1664 4699 1697 4743 ut
1710 4707 1748 4743 ex

383 4765 537 4837 archetypo
558 4767 634 4820 reddi
654 4784 754 4834 posse:
776 4775 844 4837 puto
867 4768 944 4822 illum
963 4767 1122 4836 plenissimo
1141 4786 1257 4825 8888888
1276 4778 1307 4823 81
1325 4769 1503 4840 archetypos,
1527 4776 1557 4823 et
1571 4770 1637 4840 quia
1650 4770 1747 4824 horum

383 4862 433 4914 per
447 4860 477 4899 se
492 4846 571 4899 nulla
584 4847 709 4900 8111888111
723 4854 774 4911 881,
798 4848 888 4902 Deum
909 4847 999 4901 mundi
1021 4849 1202 4906 architectum
1222 4857 1398 4920 recepturum
1419 4848 1514 4905 181888.
1558 4850 1637 4903 Η888
1660 4849 1747 4925 igitur
