3788 5828
395 311 457 426 {gg
905 357 1021 420 reparo
1040 355 1238 421 cmopetenter

391 541 460 585 nem
482 522 548 602 ejus
571 519 772 583 humilitatem
795 517 966 592 desmndit,
995 517 1074 581 unde
1096 517 1127 579 in
1151 516 1212 583 illis
1235 534 1291 595 pro
1313 513 1571 596 eoceutrepicycln
1594 520 1753 575 eccentrus

392 610 525 674 eccentri
553 607 761 689 aCopernico
795 614 948 667 assumtus
981 614 1047 666 est:
1082 606 1111 666 in
1136 603 1284 667 Mercurio
1313 623 1384 665 vero
1412 603 1573 683 peculiaris
1605 602 1753 682 quaedam

393 700 557 771 diameter,
590 716 645 779 per
672 714 761 776 quam
785 695 903 755 accedit
926 703 957 755 et
980 694 1094 756 recedit
1117 716 1136 755 a
1159 693 1250 768 Sole,
1285 693 1423 755 similiter
1450 693 1539 771 longe
1566 691 1712 754 remotius
1735 712 1755 751 a

392 789 465 852 Sole
488 785 639 849 interdum
662 783 881 865 exporrigitur,
912 801 1001 862 qnam
1023 784 1116 845 stella
1137 802 1277 864 unquam.
1324 781 1522 843 Existimavit
1543 781 1654 860 igitur,
1685 799 1754 840 sam

392 876 514 939 orbibus
537 874 761 955 relinquendam
787 889 855 932 esse
879 870 1118 952 spissitudinem,
1143 892 1220 953 quae
1243 871 1374 934 motibus
1398 869 1641 932 demonstrandis
1665 868 1753 930 suld-

392 966 465 1029 ciat.
513 960 570 1027 Oui
593 960 754 1042 respondi:
787 960 932 1040 primum,
963 961 1160 1023 deserendum
1191 980 1258 1023 esse
1286 968 1384 1022 totum
1411 960 1582 1039 negotium,
1613 957 1639 1019 si
1662 957 1753 1037 duplo

393 1054 559 1117 crassiores
582 1053 657 1114 fiant
680 1049 788 1112 orbes:
820 1067 888 1110 nam
912 1049 1034 1111 nimium
1056 1055 1357 1129 apoodoporpsoeors
1380 1049 1532 1110 ademtam
1554 1047 1610 1111 iri:
1645 1045 1753 1108 deinde

394 1143 470 1211 nibil
492 1141 640 1207 decedere
656 1138 809 1203 nobilitati
823 1137 1021 1201 miraculosae
1036 1138 1126 1220 hujus
1139 1138 1381 1215 machinationis,
1406 1137 1432 1199 si
1455 1139 1543 1199 modo
1566 1136 1634 1197 viae
1657 1136 1752 1216 ipsae,

393 1234 584 1313 plancarum
608 1227 779 1306 descriptae
803 1227 947 1307 globulis,
977 1228 1130 1290 retineant
1155 1229 1233 1291 hauc
1256 1227 1499 1309 proportionem
1531 1226 1754 1307 quibuscunque

393 1321 439 1385 illi
460 1319 615 1399 agitentur
636 1317 777 1392 orbibus,
808 1317 925 1396 magnis
949 1336 987 1377 an
1011 1318 1124 1397 parvis.
1169 1317 1213 1379 Et
1236 1316 1353 1393 addidi,
1378 1336 1453 1397 qnae
1478 1334 1544 1398 cap.
1573 1309 1623 1378 ib.
1647 1313 1755 1391 habes,

394 1408 583 1472 damascia
605 1408 779 1487 figurarum,
805 1424 881 1485 qnae
904 1407 988 1471 nulla
1011 1407 1072 1481 sit;
1102 1414 1191 1489 atque
1216 1406 1284 1468 inde
1307 1425 1367 1468 non
1390 1405 1554 1467 absurdum
1577 1422 1659 1475 esse,
1684 1421 1755 1465 cor-

394 1517 469 1580 pora
491 1516 558 1559 cum
581 1495 704 1559 orbibus
733 1494 838 1554 eodem
867 1494 934 1556 loco
962 1495 1132 1569 includere;
1167 1495 1225 1556 imo
1259 1514 1330 1556 vero
1363 1494 1411 1556 vel
1440 1495 1504 1556 sine
1533 1492 1655 1555 orbibus
1679 1492 1757 1554 bano

394 1588 461 1649 viae
485 1584 735 1666 inaequalitatem
759 1582 879 1645 defendi
901 1601 1002 1663 posse.
1050 1585 1084 1645 ln
1109 1602 1168 1664 qua
1195 1584 1348 1646 sententia
1375 1582 1464 1645 video
1491 1582 1621 1644 nobilem
1645 1588 1678 1642 et
1700 1599 1755 1642 ex-

394 1673 641 1738 cellentissimum
669 1670 914 1734 mathematicum
938 1672 1109 1753 Tychonein
1132 1673 1252 1745 Erebe,
1280 1673 1418 1742 Danum,
1448 1672 1575 1734 versari.
1622 1668 1757 1734 &usam

394 1775 495 1831 tamen
520 1771 552 1824 et
575 1761 694 1827 modum
719 1761 794 1821 haec
818 1772 922 1823 nostra
945 1759 1088 1824 disertius
1111 1762 1253 1826 indicant.
1288 1762 1404 1844 Nempe
1428 1762 1454 1824 si
1473 1761 1578 1823 eadem
1600 1759 1641 1821 sit
1663 1778 1758 1821 causa

395 1852 552 1916 tarditatis
576 1858 609 1912 et
630 1848 802 1910 velocitatis
826 1848 854 1911 in
879 1849 1063 1929 singulorum
1079 1851 1198 1913 orbibus
1214 1855 1251 1927 ⁸),
1276 1871 1353 1932 quae
1377 1870 1468 1931 supra
1487 1869 1553 1930 cap.
1570 1846 1622 1913 20.
1647 1847 1704 1913 tuit
1727 1848 1757 1909 in

397 1942 536 2011 uniuerso
560 1939 679 2012 mundo,
706 1938 761 1998 boc
784 1938 892 2000 modo:
917 1938 968 2001 via
990 1940 1132 2020 planetae
1156 1940 1325 2003 eccentrica
1347 1940 1437 2003 tarda
1459 1939 1595 2020 superins
1620 1945 1684 2012 est,
1706 1937 1756 1999 in-

396 2032 488 2095 ferius
516 2030 613 2092 velox.
662 2027 713 2089 Ad
745 2026 801 2089 hoc
834 2028 913 2090 enim
946 2028 1212 2093 demonstrandum
1240 2037 1379 2097 assumta
1402 2026 1569 2111 Copernico
1600 2026 1756 2109 epicyclia,

396 2119 572 2183 Ptolemaeo
595 2122 771 2196 aequantes.
785 2114 814 2189 l³)
860 2117 1059 2183 Describatur
1081 2117 1173 2198 igitur
1195 2118 1403 2182 conceutricus
1431 2117 1568 2199 aequalis
1596 2117 1664 2179 riae
1687 2116 1757 2198 pla-

396 2207 532 2272 netarios
555 2203 763 2278 eecsntdcae3
792 2205 877 2285 cujus
901 2215 999 2269 motas
1022 2208 1212 2288 undiquaque
1235 2208 1372 2288 aequalis
1395 2208 1468 2283 erit,
1498 2207 1568 2289 quia
1591 2204 1759 2286 aequaliter
1794 2214 1798 2219 ’

396 2299 435 2359 ab
458 2295 573 2376 origine
594 2298 706 2355 motus·
719 2293 826 2355 distat
864 2287 948 2374 E'rgn
969 2297 1000 2357 in
1023 2296 1188 2359 medietate
1211 2297 1280 2359 viae
1301 2297 1489 2359 eccentricae
1512 2314 1606 2376 snpra
1627 2312 1758 2358 concen-

397 2386 503 2448 tricum
527 2381 669 2445 eminenti
693 2382 808 2444 tardior
831 2384 891 2445 erit
911 2385 1049 2463 planeta,
1079 2385 1151 2467 quia
1177 2386 1296 2464 lougius
1321 2407 1340 2447 a
1363 2384 1436 2447 Sole
1458 2385 1575 2448 recedit
1597 2392 1631 2447 et
1653 2404 1672 2444 a
1693 2381 1759 2444 rir-

397 2482 462 2536 tnte
486 2470 625 2535 debiliori
647 2470 801 2533 movetur':
831 2472 861 2533 in
889 2472 1006 2554 reliqua
1033 2474 1172 2549 celerior,
1202 2475 1273 2557 quia
1296 2472 1361 2537 Soli
1384 2474 1510 2536 vicinior
1533 2480 1565 2536 et
1587 2475 1617 2535 in
1642 2470 1759 2534 fortiori

397 2563 519 2627 virtute.
552 2560 655 2640 Atque
670 2559 747 2623 hanc
762 2559 963 2625 variationem
978 2570 1077 2624 motus
1101 2581 1158 2624 non
1184 2582 1271 2625 secus
1295 2583 1350 2644 per
1372 2564 1525 2626 circellum
1549 2559 1759 2634 demonstrari,

397 2672 434 2715 ac
457 2651 484 2713 si
506 2667 575 2713 vere
599 2648 629 2709 in
654 2667 689 2709 eo
714 2648 835 2711 circello
858 2648 983 2729 planeta
1005 2661 1175 2715 moveretur
1198 2652 1316 2732 aequali
1335 2660 1428 2730 motu,
1453 2651 1577 2715 cuilibet
1600 2650 1689 2713 facile
1712 2657 1761 2710 est

397 2741 551 2822 colligere.
597 2736 703 2801 Habes
732 2758 856 2802 causam
883 2739 1040 2807 tarditatis
1073 2741 1180 2823 hujus,
1213 2741 1369 2805 videamus
1402 2761 1479 2803 nunc
1510 2750 1542 2802 et
1567 2756 1759 2803 mensuram:

622 2858 667 2910 rag.
682 2859 717 2901 ar.
994 2830 1024 2893 A
1051 2830 1093 2893 sit
1121 2832 1188 2894 fons
1218 2830 1334 2893 animae
1362 2831 1525 2906 moventis,
1556 2850 1598 2895 sc.
1629 2828 1700 2905 Sol,
1733 2826 1760 2888 B

675 2955 749 3006 χ
906 2927 1041 2983 centrum
1069 2919 1137 2982 viae
1160 2919 1293 2994 EFGH,
1328 2939 1417 3000 quarn
1448 2922 1591 3000 planeta,
1624 2918 1680 2982 sed
1711 2917 1760 2981 in·

505 2961 632 3097 l
682 3084 698 3093 ἱ
749 3006 803 3087 N,
907 3008 1026 3088 aequali
1052 3028 1163 3090 passm
1193 3009 1321 3083 incedit,
1350 3008 1407 3071 BD
1430 3009 1473 3070 sit
1493 3017 1528 3071 ut
1549 3007 1621 3083 BA,
1652 3015 1684 3071 et
1707 3003 1760 3071 CB

623 3021 651 3074 ἱ

479 3025 679 3248 ζῇν
717 3122 736 3167 f
846 3132 870 3185 Κ
906 3097 974 3176 ejus
996 3098 1162 3160 dimidium.
1201 3096 1278 3160 (lum
1300 3098 1393 3178 igitur
1413 3098 1468 3160 EF
1490 3098 1532 3161 sit
1554 3095 1699 3160 remotior
1722 3094 1761 3156 ab

524 3223 525 3234 ,
578 3227 614 3277 ω
695 3216 757 3265 a,
907 3189 952 3260 A,
988 3203 1077 3264 quam
1104 3184 1164 3248 ΝΟ
1197 3187 1369 3266 quantitate
1398 3187 1472 3261 AB,
1500 3186 1699 3249 conveniebat
1729 3190 1763 3247 ut

616 3317 622 3327 .
859 3343 860 3346 Ἴ
907 3274 1033 3354 planeta
1056 3275 1085 3336 in
1108 3274 1162 3336 EF
1190 3285 1254 3336 tam
1281 3277 1386 3339 tardus
1415 3285 1517 3349 esset,
1551 3294 1586 3337 ao
1616 3275 1643 3337 ei
1671 3274 1763 3354 duplo

908 3363 1026 3442 lougius
1050 3362 1089 3424 ab
1111 3361 1141 3424 A
1164 3364 1354 3440 recessisset,
1378 3366 1549 3444 quantitate
1573 3380 1616 3427 sc.
1636 3364 1706 3435 AD,
1732 3370 1765 3425 et

910 3540 951 3602 sit
972 3540 1094 3621 propior
1115 3541 1173 3622 ipsi
1196 3545 1226 3604 A
1251 3563 1340 3623 quam
1362 3541 1428 3616 Po,
1452 3543 1558 3606 aridem
1582 3542 1639 3604 AB
1663 3560 1761 3623 quan·

909 3629 1011 3707 titate,
1036 3632 1242 3707 conveniebat,
1267 3641 1300 3694 ut
1316 3633 1441 3713 planeta
1459 3631 1488 3694 in
1505 3631 1565 3695 GH
1587 3641 1651 3693 tam
1673 3630 1764 3692 velox
1888 3722 1889 3727 γ

911 3728 1014 3794 esset,
1047 3739 1083 3785 ac
1115 3722 1142 3782 si
1170 3721 1260 3801 duplo
1291 3721 1415 3802 propius
1442 3722 1481 3783 ad
1508 3724 1539 3784 A
1569 3720 1763 3792 accessisset,

910 3807 1046 3871 nimirum
1068 3808 1175 3873 itidem
1199 3811 1370 3890 quantitate
1394 3811 1465 3875 AD.
1498 3810 1665 3890 Utrobique
1690 3826 1763 3888 ergo

895 3899 1089 3977 xtantundem
1112 3905 1173 3973 est,
1199 3919 1235 3960 ac
1258 3899 1284 3960 si
1307 3917 1397 3979 snper
1418 3900 1448 3962 D
1472 3907 1575 3962 centro
1598 3897 1762 3959 incederet

911 3982 1010 4068 Supra
1033 3987 1112 4050 enim
1135 4006 1203 4068 cap.
1228 3985 1281 4050 20.
1307 4009 1344 4049 ea
1366 3997 1500 4052 motuum
1527 3986 1567 4050 ad
1594 3983 1683 4049 orbes
1708 3985 1765 4049 suit

911 4076 1076 4157 proportio.
1093 4080 1120 4151 ο)
1166 4075 1268 4148 Quare
1291 4078 1406 4155 cogita,
1437 4097 1513 4159 quae
1540 4076 1581 4139 ibi
1605 4076 1670 4140 loci
1687 4075 1763 4137 duae

403 4178 515 4226 causes
538 4181 592 4244 per
611 4171 707 4226 totum
722 4164 864 4227 circulum
878 4176 1102 4244 concurrerunt,
1127 4185 1180 4229 eas
1204 4164 1252 4229 hic
1275 4167 1412 4230 inversas
1437 4174 1469 4229 et
1490 4166 1659 4247 penuixtas
1682 4183 1763 4228 esse.

402 4251 468 4314 lilio
492 4253 574 4316 orbis
598 4253 730 4333 ejusdem
755 4254 871 4333 integer
893 4254 1025 4319 ambitus
1053 4255 1151 4335 major
1179 4264 1211 4318 et
1238 4259 1382 4320 remotior
1407 4256 1564 4337 periodum
1593 4254 1698 4329 ausit,
1732 4261 1765 4315 et

402 4341 499 4404 minor
522 4350 613 4423 atque
636 4341 758 4423 propior
780 4342 936 4407 diminuit:
962 4344 1009 4405 bic
1034 4354 1137 4407 autem
1159 4345 1272 4407 circuli·
1287 4334 1404 4417 NOPQ
1426 4355 1459 4408 et
1480 4342 1597 4408 EFGH
1620 4343 1765 4424 aequales

403 4438 483 4504 sunt,
508 4438 541 4492 et
562 4431 648 4510 hujus
671 4450 744 4510 pars
768 4432 866 4493 altera
888 4432 1041 4506 remotior,
1067 4434 1165 4495 altera
1183 4435 1305 4515 propior
1319 4445 1368 4498 est
1382 4442 1485 4497 centro
1500 4434 1540 4508 A,
1564 4433 1641 4499 Soli.
1675 4430 1762 4504 Qua·

403 4527 527 4600 prepter
549 4519 658 4581 ruotrirr
680 4519 778 4582 virtus
801 4521 830 4581 in
854 4519 884 4582 A
908 4521 975 4607 agit
1002 4521 1034 4582 in
1056 4521 1110 4583 EF
1140 4532 1172 4584 et
1200 4524 1229 4585 in
1254 4522 1333 4598 GH,
1367 4534 1512 4603 tanquam
1543 4524 1671 4602 maneta
1703 4519 1764 4583 illic

403 4615 489 4670 assat
510 4607 540 4669 in
564 4608 623 4680 LK,
648 4607 698 4670 bic
721 4608 751 4669 in
774 4610 846 4671 LM.
892 4609 1056 4690 Utriusque
1085 4618 1199 4688 autem,
1231 4613 1389 4675 tarditatis
1420 4612 1502 4674 illius
1531 4620 1565 4674 et
1591 4607 1764 4675 velocitatis

405 4696 492 4775 bajus
525 4697 689 4759 communis
721 4714 862 4760 mensura
892 4698 1043 4761 invenitur
1074 4699 1105 4762 in
1134 4701 1173 4762 D.
1221 4704 1326 4782 ltaque
1356 4704 1481 4782 planeta
1509 4701 1539 4763 in
1567 4699 1682 4763 EFGH
1712 4699 1761 4761 vis

402 4785 599 4867 progrediens
626 4786 732 4848 tardus
759 4788 906 4866 veloxque
938 4807 993 4849 nec
1023 4807 1082 4851 nou
1110 4791 1269 4853 mediocris
1292 4792 1373 4854 circs
1395 4792 1425 4853 ll
1448 4788 1528 4853 et·S
1554 4791 1606 4859 fit,
1639 4788 1763 4873 perinde

404 4882 548 4957 tanquam
571 4874 601 4936 in
627 4875 750 4944 lKLM‚
782 4894 873 4956 snper
896 4876 924 4939 D
951 4884 1087 4941 centrum
1115 4879 1283 4962 aequaliter
1310 4881 1379 4946 iret,
1425 4880 1495 4945 Jarn
1522 4878 1593 4943 vids
1620 4878 1761 4951 artifices,
