3786 5808
129 543 225 623 ,mia
255 559 318 604 m
350 542 454 607 eume
489 542 560 623 qen
592 550 686 606 aaa
713 542 846 605 sama:
880 541 1232 623 quiesceremus,
1265 548 1300 605 uc
1321 514 1484 605 orminos

130 631 356 693 transmittendi
378 650 432 713 per
454 639 571 695 tautam
592 632 786 694 intervallum
808 653 828 692 a
849 633 995 694 mittendo
1018 651 1065 692 me
1089 638 1206 695 avocet.
1232 631 1359 694 Tuomm
1383 638 1483 693 autem

130 738 250 801 opernm
264 721 304 781 ad
319 740 375 782 uos
389 721 644 801 nihilperfertur;
669 740 803 802 quaeque
818 719 855 781 de
869 729 901 783 te
915 721 1056 794 sciebam,
1082 738 1119 781 ex
1133 720 1296 781 Maestlino
1311 720 1483 782 didiceram.
1551 776 1554 781 ,
1602 796 1606 803 .

129 809 224 871 Dahis
249 809 342 888 igitur
363 809 492 885 veniam,
516 810 541 873 si
566 810 672 891 quibus
694 810 724 872 in
748 809 822 873 locis
847 811 890 873 tui
909 810 1037 873 nominis
1060 809 1241 871 mentionem
1265 808 1378 872 iaciens
1401 808 1483 887 inju-

129 898 203 962 riam
224 899 284 961 tibi
305 908 436 979 tuaeque
459 899 618 981 hypothesi
642 899 761 962 faciam.
806 898 900 962 Plura
928 900 1073 962 dicturum
1106 898 1365 979 quaesitummque
1394 916 1482 960 reve-

128 988 224 1050 rentia
247 1007 296 1050 me
319 987 441 1050 renuet.
486 989 581 1067 Aperi
606 987 734 1051 luctanti
767 989 832 1050 voci
866 989 945 1050 viam
978 988 1100 1068 scriptis
1131 988 1170 1049 ad
1201 1005 1249 1048 me
1271 986 1482 1068 paucissimis:

128 1076 240 1139 efficies
264 1077 354 1152 enim,
378 1083 414 1138 ut
435 1075 491 1138 tihi
510 1077 723 1152 demonstrem,
748 1083 860 1159 quanto
881 1078 938 1139 sim
958 1077 1093 1138 discendi
1117 1095 1205 1156 qaam
1220 1075 1321 1137 laudis
1337 1076 1481 1155 cupidior.

129 1166 215 1240 Vale,
240 1166 300 1227 Vir
322 1165 516 1240 nobilissime,
540 1185 665 1246 meaque
688 1167 744 1229 tibi
767 1166 868 1229 studia
891 1165 1099 1229 commendata
1120 1164 1208 1227 habe.

213 1254 321 1317 Idibus
343 1254 418 1318 Dec.
445 1251 541 1318 1597.

428 1344 606 1407 Nobilitatis
630 1352 662 1406 et
684 1343 903 1457 Magnitudinis
926 1342 1009 1406 Tuae
1032 1343 1194 1406 Reveseut.

872 1432 919 1495 M.
944 1431 1084 1495 Ioannes
1104 1430 1278 1512 Keplemee,

664 1520 712 1583 Ill.
737 1519 860 1605 Styriae
884 1522 1047 1584 Procerum
1070 1522 1101 1582 in
1125 1518 1292 1603 Gymnasio
1317 1517 1482 1581 Graeeensi

957 1609 1203 1672 Mathematicus.

194 1782 357 1851 (lncrlptw
374 1783 436 1835 Viro
453 1782 611 1836 Nobilissimo
628 1791 656 1835 et
672 1783 837 1849 aqmeme,
855 1785 962 1837 Domino
980 1785 1093 1850 Tychoni
1111 1784 1194 1837 Bralre
1213 1784 1303 1843 Dauo,
1321 1784 1483 1836 mamati·

124 1871 206 1908 corum
224 1857 342 1921 Principi‚
362 1857 396 1907 ad
413 1870 511 1906 manna.
549 1855 578 1906 ln
597 1853 795 1918 Denuemsrck.)

192 1928 300 1992 Tycha,
318 1929 413 1995 yades
432 1941 529 1994 meus,
547 1929 675 1993 spimlam
693 1928 817 1985 reddidit,
834 1942 907 1994 quam
925 1934 1005 1980 tutam
1022 1930 1064 1980 hie
1081 1930 1237 1981 msareadam
1255 1944 1403 1985 censemus,
1428 1943 1484 1979 cnm

123 2016 172 2052 ann
200 2006 303 2050 mamm
329 2001 390 2049 imit
417 1998 542 2063 Tychmls
564 2001 934 2065 mlehsrdmimmtemporls
959 2002 1094 2052 amranomi
1118 2001 1484 2066 delieplerijnreniliopere

122 2073 260 2135 hamum,
279 2070 324 2121 sed
343 2073 418 2121 edam
436 2072 604 2123 astronomica
619 2072 743 2137 quaedam
762 2072 793 2123 de
809 2074 916 2123 motibus
933 2073 1108 2137 manaturum,
1131 2078 1159 2123 et
1176 2072 1208 2124 de
1224 2073 1280 2129 illa.
1308 2087 1382 2138 quam
1400 2071 1482 2123 Ptole·

123 2157 229 2201 masna,
258 2140 408 2207 coperuicus
426 2140 581 2192 etBraheua
598 2144 652 2208 lpse
669 2145 912 2194 stameraatmnndi
930 2146 1043 2203 wana,
1072 2146 1158 2211 qnibm
1182 2160 1227 2209 per
1250 2158 1277 2194 se
1297 2151 1483 2210 etpropterse

124 2214 190 2265 haud
218 2213 407 2264 contemnem
439 2213 539 2263 additae
569 2222 628 2265 saut
649 2216 825 2277 nnomtiones
851 2214 953 2280 Kepleri
982 2218 1007 2265 ia
1036 2218 1148 2282 margine
1175 2216 1294 2280 epistolae
1324 2214 1483 2279 'lychouicae

125 2300 201 2336 manu
217 2286 317 2350 propria
334 2284 474 2349 aboriptae
493 2281 567 2349 (quas
586 2288 704 2351 appositis
721 2286 798 2337 literis
817 2301 886 2337 n-n
904 2286 1042 2338 addidimm
1061 2294 1146 2353 annot.
1168 2284 1222 2345 ih).

193 2356 268 2407 Haec
278 2362 364 2406 autam
375 2363 433 2406 snat
443 2357 519 2406 mrhn
530 2355 671 2418 meionis:
690 2357 717 2409 Β.
726 2357 755 2408 P.
769 2358 939 2408 badinmime
951 2366 977 2409 et
988 2358 1270 2424 praestantissimam
1288 2358 1377 2408 literae
1390 2362 1450 2407 tuae
1469 2371 1483 2407 e

124 2428 209 2492 styria
227 2428 265 2478 lc
283 2427 346 2477 Dec.
366 2428 496 2491 superioris
521 2430 580 2477 anni
608 2429 641 2478 ad
662 2443 703 2479 me
721 2429 797 2479 datae
815 2431 883 2480 circa
900 2430 972 2480 initia
988 2429 1074 2481 Martii
1090 2444 1136 2496 per
1152 2430 1308 2481 tabellarium
1326 2428 1484 2479 Helmstadie

122 2500 264 2551 saniem
281 2499 342 2549 mihi
359 2498 471 2548 redditae
489 2506 562 2554 suut.
584 2515 648 2565 quae
671 2508 770 2563 praeter
787 2501 923 2552 docuinam
944 2508 970 2552 et
987 2504 1170 2553 humanitatem
1187 2502 1339 2568 singularem
1355 2514 1416 2565 erga
1433 2515 1482 2555 me,

121 2573 182 2622 teet
198 2572 245 2620 tihi
264 2570 294 2621 de
312 2570 377 2620 lucie
396 2571 508 2636 ignotam
525 2576 552 2619 et
568 2570 643 2637 louge
661 2572 784 2631 dissimum,
801 2578 931 2623 tentantur
946 2575 1151 2631 benevolentiam,
1169 2588 1217 2638 quo
1236 2575 1311 2623 οοίοιη
1324 2573 1423 2622 nomine
1435 2572 1480 2621 tibi

123 2643 220 2710 gratim
236 2642 326 2692 hbeo.
362 2641 463 2691 Llhmm
481 2647 559 2705 mum,
578 2656 651 2707 quem
668 2642 827 2694 Prodrorm
844 2659 919 2694 rocas
937 2645 1135 2696 &sememonten
1147 2645 1412 2710 cosmographicorum,
1428 2646 1483 2706 lam

122 2722 201 2764 antea
220 2712 339 2768 riderem,
358 2718 385 2762 et
401 2719 521 2777 quautam
540 2714 604 2765 aliae
622 2717 799 2779 occupationes
816 2716 931 2767 ferebant
948 2716 1109 2783 perlegeram.
1137 2716 1225 2766 Placet
1242 2718 1263 2764 is
1281 2730 1342 2765 enne
1359 2730 1410 2765 non
1428 2728 1481 2763 me·

121 2786 249 2838 diocsiter.
268 2792 295 2833 et
312 2784 405 2849 ingenii
423 2785 460 2833 tui
478 2797 584 2834 acumen
603 2798 729 2851 sagaxque
746 2787 856 2835 studium
873 2802 922 2837 nou
940 2787 1042 2837 obscure
1053 2788 1112 2838 hinc
1125 2787 1238 2838 elucent:
1256 2793 1286 2835 ut
1297 2786 1328 2836 de
1341 2787 1404 2847 stylo
1415 2791 1482 2835 terso

123 2870 154 2906 aa
171 2855 280 2904 mtnndo
296 2854 467 2905 militianm
504 2854 639 2921 Ingeniosa
656 2862 722 2907 cenos
741 2864 767 2907 et
785 2859 913 2908 succincta
935 2864 975 2908 est
997 2859 1149 2923 speculatio,
1172 2858 1329 2922 planetarum
1350 2857 1482 2906 dmtanhas

123 2935 148 2977 et
166 2927 287 2978 manitas
306 2927 453 2988 symmetriis
471 2928 620 2992 regularium
639 2942 783 2992 corporum,
809 2930 846 2977 nti
865 2930 940 2982 iacis.
965 2930 1133 2995 adstringere,
1157 2936 1184 2979 et
1200 2929 1305 2993 plurima
1322 2929 1348 2977 in
1365 2929 1403 2977 hin
1421 2928 1483 2976 eat'm

121 3000 263 3049 comentire
281 2997 402 3055 ridentur,
421 3013 471 3047 uon
490 2999 613 3055 obstante,
632 2998 697 3064 quod
708 3000 875 3064 proportiones
886 3000 1052 3064 Gopemiceae
1070 3015 1115 3065 per
1132 3001 1215 3050 omnia
1226 3001 1252 3049 in
1263 3000 1370 3048 minimis
1381 2998 1480 3062 quibus·

123 3084 169 3134 que
186 3069 257 3119 hand
274 3069 364 3134 ubique
383 3068 563 3134 adstipmlentus
581 3066 635 3131 (alr
666 3084 722 3121 oum
747 3084 794 3121 eae
819 3071 851 3121 ah
867 3073 927 3136 ipsis
946 3074 1022 3123 mam
1040 3073 1192 3136 appetentiis
1208 3069 1318 3120 nonnihil
1337 3069 1481 3119 deflectant

122 3140 206 3202 Quare
219 3140 295 3190 laudo
306 3140 372 3190 hanc
384 3147 453 3190 tuem
465 3143 491 3191 in
504 3141 672 3206 excogitandis
690 3141 905 3208 perquirendisque
923 3143 1014 3195 talihua
1032 3143 1194 3209 diligentiam.
1221 3143 1262 3191 Aa
1273 3156 1329 3191 vero
1339 3156 1385 3205 per
1399 3140 1483 3190 omnia

123 3214 153 3262 sis
170 3211 379 3277 acquiescendum
396 3212 443 3271 sit,
462 3227 513 3262 uon
530 3214 569 3262 ita
585 3212 659 3263 iacile
678 3213 787 3263 dixerim.
824 3214 851 3263 Si
868 3217 974 3265 raderes
993 3216 1205 3277 eccentsicitatum
1222 3219 1381 3277 utrarumque
1393 3213 1419 3260 in
1431 3211 1481 3260 aln-

122 3283 184 3349 gulis
201 3284 311 3347 planetis
330 3285 595 3342 commensurationem,
623 3283 708 3350 quales
734 3285 842 3348 plurimis
862 3288 933 3335 aunis
951 3288 1102 3352 conquisitus
1119 3286 1146 3335 iu
1163 3290 1260 3348 promtu
1281 3284 1383 3341 haheo,
1411 3281 1481 3333 adhi·

123 3356 237 3411 haeum,
254 3360 372 3419 poterunt
390 3356 568 3404 weuramrem
584 3356 611 3405 in
630 3355 668 3405 his
686 3357 806 3406 tuatim
823 3356 946 3408 exhihere.
981 3357 1075 3408 Verum
1092 3357 1152 3406 mihi
1163 3359 1189 3406 in
1203 3356 1353 3420 complendis
1366 3361 1393 3405 et
1404 3353 1481 3405 eden·

123 3426 159 3475 dis
176 3427 240 3475 me'm
258 3425 372 3489 operihos
390 3428 577 3485 natrouomicis,
605 3440 670 3492 quae
688 3429 714 3477 in
731 3427 818 3477 Danis
835 3429 1014 3492 quodammodo
1031 3428 1177 3493 imperfecta
1193 3428 1355 3493 reliqueram,
1373 3439 1480 3488 occupa·

123 3498 225 3559 tissime,
244 3512 295 3546 nou
313 3498 504 3560 suppetitmaua
523 3499 608 3552 otium
627 3512 659 3549 ea
676 3500 832 3550 accuratiore
849 3500 909 3550 lima
926 3502 991 3551 later
1002 3516 1030 3551 se
1043 3500 1200 3551 couimcndi:
1219 3500 1264 3549 fiet
1274 3499 1320 3548 hoc
1334 3498 1397 3548 iente
1409 3496 1481 3547 alite.

123 3568 150 3618 ld
167 3575 254 3618 autem
271 3574 299 3617 te
313 3569 377 3618 seire
390 3567 462 3618 velim
474 3565 524 3632 (b),
537 3571 738 3621 mceutricitaten
749 3562 817 3635 ipsas
830 3573 956 3636 utriusque
967 3573 1040 3633 ilius,
1059 3578 1088 3621 ut
1100 3573 1136 3621 sic
1146 3584 1215 3621 nunc
1226 3572 1320 3635 loquar,
1340 3569 1482 3625 ecnentnci,

123 3654 183 3705 quae
201 3637 351 3704 Gopemlcuo
369 3640 442 3704 paulo
462 3640 533 3691 aliter
550 3643 694 3699 excusarit,
723 3657 773 3691 aon
791 3641 882 3693 hahere
901 3658 945 3693 eas
965 3644 1119 3694 adinvicem
1137 3644 1318 3707 proportiones,
1336 3646 1433 3691 utana
1451 3641 1484 3688 ait

123 3711 224 3761 merlus
240 3711 318 3760 tertia
334 3725 406 3774 parat
436 3710 512 3761 reluti
530 3727 560 3762 en
577 3712 720 3763 Ptolemaeo
737 3714 760 3762 is
777 3712 886 3763 deduxit.
922 3713 1017 3765 Neumr
1034 3730 1091 3765 reno
1110 3729 1195 3765 eorum
1213 3714 1407 3763 demonstratum
1424 3711 1482 3762 reli·

122 3783 182 3846 quit
219 3780 270 3832 Sed
287 3782 350 3832 haee
369 3782 445 3831 aliam
461 3784 526 3833 iuter
543 3798 571 3834 se
588 3783 683 3834 habent
699 3786 822 3834 radonem
840 3791 866 3834 et
883 3787 909 3835 in
927 3786 1030 3851 singulis
1046 3787 1144 3836 sariam
1162 3782 1211 3847 (c).
1247 3782 1336 3848 Neque
1351 3785 1418 3833 enim
1430 3789 1481 3832 tres

122 3853 287 3917 amouyohiae
304 3854 496 3909 ommentans,
512 3861 570 3904 utut
587 3857 652 3906 iuter
669 3870 696 3905 ee
714 3856 740 3904 iu
759 3858 898 3905 accentuiao
917 3853 993 3921 (qnod
1010 3854 1134 3921 praestat)
1154 3862 1282 3911 mmotae,
1302 3854 1430 3904 sufficiunt
1448 3852 1481 3901 ad

122 3926 194 3974 mium
212 3926 363 3989 superiorum
381 3925 535 3989 planetarum
553 3942 585 3992 ap
619 3940 669 3977 aea
687 3925 763 3991 (quise
782 3927 858 3976 etiam
875 3943 926 3976 nou
943 3930 1029 3991 paucis
1047 3928 1164 3994 gradihus
1182 3934 1236 3976 tam
1258 3926 1377 3991 Alphonsi
1405 3938 1481 3989 quam

123 3995 251 4061 chcrnici
268 3996 362 4060 placita
381 3995 484 4047 coelitus
503 3997 605 4059 eludunt
636 4005 662 4048 et
679 3998 877 4049 eccentricitates
896 4000 981 4049 ambas
1000 4000 1034 4050 ad
1053 4000 1169 4048 amussim
1188 3998 1361 4055 extricandam
1380 3996 1424 4047 sed
1436 4010 1481 4060 per

121 4074 200 4119 tetum
218 4068 283 4117 orbis
302 4068 430 4119 circuitum
448 4070 475 4117 in
491 4068 600 4131 plurimis
617 4070 678 4120 locis
695 4069 759 4120 haec
777 4070 928 4133 experiunda
944 4072 1047 4120 veniunt
1065 4067 1124 4131 (d).
1153 4069 1227 4119 relati
1255 4085 1272 4120 a
1296 4069 1366 4118 nohis
1384 4081 1479 4133 quoque

122 4140 216 4190 mmm
234 4146 288 4196 este
306 4139 377 4201 adem
396 4146 426 4190 ut
442 4140 519 4189 etiam
536 4141 672 4207 tardigrndi
689 4140 755 4191 lilius
767 4139 868 4191 Saturni
886 4142 1015 4191 circuitum
1034 4141 1250 4206 expectaverimus.
1287 4140 1354 4190 Nam
1373 4139 1480 4190 eundem

122 4209 171 4261 aaa
189 4210 217 4260 in
235 4211 283 4266 ἑ
303 4211 440 4275 oppositum
458 4217 518 4261 ante
537 4226 615 4262 annos
633 4209 667 4260 29
686 4213 815 4277 Augustae
833 4211 1017 4263 vindelicorum
1036 4212 1167 4278 diligenter
1192 4213 1335 4271 observari,
1362 4209 1481 4276 quemad·

121 4282 220 4333 ndum
238 4289 265 4332 et
280 4296 363 4339 uum
391 4283 435 4351 uti¹
447 4283 524 4332 etlam
540 4284 567 4333 iu
585 4280 735 4334 intermediis
753 4283 907 4346 aarenychiia
925 4284 1137 4348 dimositionihus,
1156 4289 1277 4347 quotquot
1293 4282 1385 4333 hahere
1402 4281 1480 4340 licuit,

122 4353 148 4402 in
173 4360 226 4403 tote
252 4353 347 4403 boreali
372 4354 543 4411 semicirculo,
572 4355 644 4405 nullia
668 4355 766 4404 omuino
784 4357 969 4418 praetermissis.
1008 4354 1224 4416 Quemadmodum
1244 4356 1319 4405 etiam
1336 4354 1363 4403 iu
1380 4352 1505 4415 reliquisx

123 4425 215 4474 duom
231 4424 357 4489 planetis,
383 4439 484 4488 quorum
502 4427 618 4476 circuitus
636 4427 723 4476 minori
741 4425 999 4490 candurcensem.
1035 4426 1122 4477 Habeo
1142 4427 1208 4475 enim
1225 4427 1251 4474 in
1270 4431 1367 4489 promtu
1386 4419 1420 4471 35
1435 4437 1479 4472 au·

122 4511 207 4546 norum
224 4496 408 4546 observationes
427 4496 545 4547 coelestes
563 4494 601 4559 (ο)
620 4492 677 4548 inde
695 4498 728 4547 ab
747 4496 916 4548 adolescentia
933 4498 1031 4548 iactas:
1050 4512 1153 4560 quarum
1171 4494 1364 4561 repostoriam
1387 4508 1481 4558 mapa

123 4569 280 4619 nemmtione
298 4566 409 4631 pallente
436 4582 497 4632 quas
525 4584 609 4621 omnes
636 4583 686 4621 non
703 4567 809 4634 vulgaris
827 4569 936 4620 thesauri
954 4569 1009 4619 loco
1028 4583 1161 4625 conservo,
1192 4574 1217 4618 et
1238 4567 1296 4618 hinc
1315 4566 1480 4617 astronomiae

123 4641 328 4690 rmtuumtionem
346 4637 439 4688 molior.

190 4711 225 4763 Ut
246 4725 305 4761 reno
329 4708 360 4759 de
378 4708 460 4760 hiante
483 4709 575 4776 aliquid
599 4711 701 4776 exempli
725 4709 779 4761 loco
804 4710 914 4768 addam,
941 4724 998 4760 cum
1027 4710 1201 4760 ismnximam
1218 4710 1317 4776 inperat
1334 4709 1480 4760 muletatem

121 4788 192 4848 atque
208 4785 276 4834 inter
294 4780 392 4831 coelum
411 4787 436 4830 et
452 4782 551 4832 tabulas
570 4784 761 4847 discrepantiam
781 4784 869 4833 cetuna
888 4781 1081 4839 evidentiorem,
1109 4780 1175 4831 scias
1200 4787 1297 4830 tantum
1321 4780 1424 4837 amisa,
1451 4784 1481 4830 ut

121 4856 171 4917 elue
198 4852 376 4908 eemntn'citas
398 4853 433 4902 sit
458 4854 537 4903 minor
561 4854 659 4906 reddita
682 4853 767 4918 (prout
788 4853 869 4915 poluit
886 4852 1053 4917 capernicns,
1080 4867 1127 4917 quo
1145 4865 1206 4901 suae
1224 4851 1395 4917 imaginationi
1413 4850 1480 4900 circa

119 4927 222 4993 metam
240 4924 315 4995 Solis
328 4922 404 4975 toan
421 4921 535 4989 meret),
554 4933 583 4976 ut
599 4926 682 4991 patim
699 4939 766 4977 nnnc
784 4924 911 4998 aliquanto
929 4925 1008 4988 major
1026 4925 1067 4981 sit,
1087 4936 1161 4991 qnam
1173 4935 1213 4982 ea,
1231 4936 1295 4988 qnae
1308 4935 1325 4978 a
1336 4920 1479 4981 Ptolemaeo
