3814 5818
399 312 467 392 aas
878 297 885 304 ’
948 320 1072 388 aaron·
1089 318 1228 385 aena„

400 486 607 570 hypotheseos
630 504 651 546 a
673 489 737 545 tam
759 481 917 565 praeclaro
941 498 1034 562 opere
1056 481 1187 543 lectores
1210 479 1466 547 absterrerentur,
1489 478 1552 539 ista
1575 474 1660 558 quasi
1685 475 1762 539 leni-

400 577 518 639 menta
536 575 619 656 operi
647 571 855 652 Copemicano
886 572 1084 651 praemittere
1111 569 1255 632 voluisse.
1302 567 1487 648 liopernicns
1519 567 1639 646 quidem
1667 566 1764 628 stoica

401 664 554 743 rigiditate
578 663 751 724 obfirmatus
776 660 866 722 animi
890 679 982 721 sensa
1000 659 1132 723 'candide
1156 658 1215 721 sihi
1237 657 1409 737 profitenda
1431 656 1564 737 putavit,
1589 655 1762 717 etiamnum

387 752 558 832 dispendio
581 751 669 831 hujus
692 749 850 812 scientiae.
897 746 1062 824 Ostender,
1092 748 1180 811 utilia
1201 747 1300 826 magis
1325 745 1385 808 arti
1407 754 1547 819 secutus,
1575 743 1762 820 verissimam

403 838 562 922 Oopernici
587 847 618 901 et
642 838 752 902 seriam
776 837 958 900 sententiam
981 838 1170 918 praefatione
1194 856 1249 898 sua
1278 834 1385 898 maluit
1412 835 1574 898 occultare.
1621 832 1762 895 Valuerit

404 949 478 994 sane
513 929 670 992 consilium
696 928 753 990 hoc
778 925 921 988 Osiandri
948 945 1004 1007 per
1036 927 1091 987 hos
1116 923 1160 989 60
1183 944 1293 986 anuos:
1327 934 1445 1003 tempus
1474 923 1539 1003 jam
1566 922 1690 984 tandem
1718 930 1765 983 est

400 1021 480 1082 hanc
500 1018 741 1092 simulationem,
773 1023 807 1076 nt
821 1015 902 1077 mihi
938 1016 1059 1095 quidem
1075 1014 1215 1108 videtur,
1248 1033 1286 1075 ex
1308 1013 1438 1095 privatis
1460 1010 1603 1075 Osiandri
1628 1010 1765 1090 epistolis

402 1110 472 1172 dete
494 1118 559 1171 ere:

473 1127 570 1261 gNam
594 1215 659 1258 cum
683 1190 868 1275 Copemicus
901 1210 980 1253 anuo
1006 1187 1104 1255 1540.
1129 1188 1197 1253 Cal.
1221 1189 1283 1252 Jnl.
1312 1190 1350 1252 ad
1374 1188 1558 1251 Osiandrum
1581 1188 1764 1270 scripsisset,

401 1288 446 1349 sic
474 1285 518 1348 illi
546 1286 625 1347 inter
651 1291 755 1345 cetera
781 1281 945 1364 respondet
967 1278 1119 1343 Osiander
1147 1299 1224 1341 anno
1246 1274 1341 1342 1541.
1366 1276 1418 1342 20.
1442 1281 1535 1358 Apu:
1569 1278 1637 1351 „Dc
1667 1276 1765 1358 hypo-

403 1374 540 1437 thesibus
565 1388 622 1453 ego
645 1372 689 1433 sic
712 1371 793 1433 sensi
818 1389 947 1452 semper,
972 1389 1031 1432 nou
1055 1388 1124 1430 ease
1148 1367 1291 1431 articulos
1304 1368 1384 1442 lidei,
1409 1369 1463 1429 sed
1483 1367 1677 1429 fundamenta
1698 1365 1765 1427 cal·

402 1463 471 1536 culi,
497 1463 542 1524 ita
563 1470 611 1534 ut,
644 1460 763 1523 etiamsi
787 1460 884 1522 falsae
908 1459 982 1532 sint,
1010 1458 1098 1520 modo
1121 1465 1255 1520 motuum
1278 1452 1438 1536 manopera
1461 1464 1567 1517 exacte
1594 1455 1767 1528 exhibeant,

407 1550 480 1612 nihil
503 1551 632 1624 referat3
657 1549 723 1631 quis
747 1549 826 1611 enim
849 1568 905 1611 uos
928 1547 1071 1610 certiores
1095 1546 1210 1620 reddet,
1236 1565 1274 1606 an
1290 1545 1372 1607 Solis
1395 1544 1563 1625 inaequalis
1585 1552 1686 1607 motus
1709 1560 1766 1604 uo-

405 1641 484 1701 mine
515 1638 642 1722 epicycli
675 1658 712 1699 au
736 1638 855 1700 nomine
879 1636 1115 1698 eccentricitatis
1140 1634 1311 1714 contingat,
1341 1634 1558 1710 siPtolemaei
1581 1633 1768 1715 hypotheses

406 1746 583 1807 sequamur,
601 1746 667 1789 cum
690 1726 722 1787 id
744 1727 844 1806 possit
866 1733 1032 1804 utrumque.
1080 1722 1183 1795 Quare
1206 1723 1368 1803 plausibile
1393 1723 1456 1785 lore
1474 1722 1636 1797 videretur,
1661 1722 1688 1784 si
1711 1723 1769 1785 hac

400 1817 443 1879 ¹de
467 1837 500 1879 re
524 1818 553 1879 in
577 1815 766 1897 praefatione
790 1814 923 1876 nonnihil
939 1815 1117 1894 attingeres.
1166 1811 1218 1875 Sic
1233 1812 1312 1873 enim
1326 1811 1507 1893 placidiores
1526 1813 1670 1882 redderes
1684 1812 1768 1892 peri-

405 1905 579 1987 patheticos
612 1912 644 1966 et
672 1904 845 1980 theologos,
880 1921 954 1983 qnos
979 1902 1219 1964 contradicturos
1242 1900 1385 1963 metuis.“
1434 1901 1484 1963 Ad
1513 1900 1673 1963 Rheticum
1696 1920 1769 1963 vero

405 1994 512 2056 eodem'
526 1994 574 2055 die
590 1992 634 2054 sic
648 1990 754 2053 scribit
768 1990 935 2054 Osiander:
960 1990 1199 2070 „Peripathetici
1231 1999 1263 2052 et
1287 1988 1420 2070 theologi
1445 1990 1534 2052 facile
1557 1992 1768 2072 placabantur,

406 2083 432 2144 si
456 2081 623 2156 audierint,
658 2081 792 2159 ejusdem
822 2079 997 2160 apparentis
1020 2087 1119 2141 motus
1142 2079 1244 2142 varias
1270 2098 1339 2140 esse
1368 2098 1458 2160 posse
1481 2080 1681 2160 hypotheses,
1714 2099 1769 2142 nec

408 2191 462 2232 eas
492 2170 593 2233 afferri
618 2170 696 2250 quod
720 2177 802 2230 oerto
826 2169 870 2230 ita
894 2171 970 2242 sint,
995 2169 1050 2229 sed
1078 2170 1156 2250 quod
1180 2168 1327 2245 calculum
1351 2168 1526 2248 apparentis
1555 2176 1587 2230 et
1610 2168 1769 2248 compositi

407 2267 507 2322 motus
531 2277 619 2340 quam
644 2258 884 2320 commodissime
908 2258 1064 2339 guhemet,
1089 2267 1122 2320 et
1144 2259 1206 2320 lieri
1229 2276 1328 2337 posse,
1354 2265 1388 2319 ut
1402 2257 1479 2319 alins
1495 2258 1559 2338 quis
1574 2258 1651 2319 alias
1670 2258 1767 2340 hypo-

407 2350 510 2411 theses
535 2347 704 2427 excogitem
728 2354 760 2409 et
782 2347 929 2426 imagines
953 2347 1002 2408 hic
1026 2354 1124 2426 aptas,
1148 2347 1199 2409 ille
1224 2347 1372 2426 aptiores,
1398 2347 1524 2408 eandem
1547 2354 1648 2408 tamen
1668 2355 1768 2409 motus

407 2436 619 2519 apparentiam
648 2442 825 2510 causantes,
858 2455 893 2497 ac
917 2454 984 2497 esse
1013 2436 1169 2514 uuicuique
1201 2435 1340 2512 liberum,
1374 2435 1432 2498 imo
1456 2435 1708 2516 gratificaturum,
1742 2436 1767 2496 si

407 2525 626 2588 commodiores
655 2524 823 2605 excogitet3
854 2525 898 2585 ita
922 2544 941 2585 a
962 2524 1134 2587 vindicandi
1159 2524 1323 2586 severitate
1352 2526 1392 2586 ad
1415 2525 1587 2604 exquirendi
1610 2524 1769 2588 illecebras

406 2614 527 2677 avocati
561 2634 596 2675 ac
619 2613 775 2693 provocati
798 2613 925 2694 primum
948 2613 1121 2694 aequiores,
1162 2621 1226 2675 tum
1250 2614 1365 2676 frustra
1388 2621 1566 2695 quaerentes
1589 2614 1716 2693 pedibus
1739 2615 1768 2675 iu

358 2728 363 2731 ⁷
406 2705 538 2766 auctoris
562 2702 744 2765 'sententiam
768 2702 887 2765 ibunt“
931 2701 989 2764 His
1018 2702 1150 2765 auctoris
1173 2701 1284 2777 verbis,
1308 2711 1518 2781 praeteream
1542 2721 1630 2783 quam
1654 2703 1715 2765 dixi
1738 2702 1768 2763 in

404 2792 594 2874 praefatione
618 2799 792 2871 usurpatam
816 2792 1037 2854 simulationem
1064 2792 1229 2853 manifesta
1258 2809 1375 2872 quoqne
1406 2800 1535 2887 apparot
1561 2792 1768 2871 aequivocatio

405 2882 489 2943 vocis
521 2881 709 2963 hypothesis.
758 2878 857 2960 Supra
880 2898 1008 2961 namque
1032 2881 1161 2954 dictum,
1187 2880 1334 2960 quasdam
1360 2898 1429 2941 esse
1453 2881 1539 2959 quasi
1561 2880 1667 2942 minuti
1691 2880 1769 2941 aeris

403 2969 604 3051 hypotheses,
629 2969 680 3030 vix
709 2969 817 3049 dignas
841 2969 897 3030 hoc
930 2970 1063 3043 nomine,
1099 2968 1246 3050 quasdam
1275 2970 1378 3048 justas
1402 2975 1433 3029 et
1454 2987 1525 3030 vere
1549 2969 1768 3031 astronomicas

403 3058 600 3141 hypotheses.
645 3058 690 3120 Ut
714 3076 780 3119 cnm
803 3059 833 3118 in
858 3058 995 3137 exemplo
1018 3055 1162 3120 Osiaudri
1187 3058 1419 3119 determinamus
1443 3065 1475 3119 et
1489 3057 1680 3119 enunciamus
1694 3075 1767 3137 por-

402 3149 515 3209 tionem
540 3146 642 3208 circuli
665 3145 836 3224 planetarii,
863 3166 939 3225 quae
963 3147 1057 3207 sitin
1086 3166 1144 3208 nno
1168 3146 1284 3208 zodiaci
1308 3146 1509 3219 semicirculo,
1534 3146 1625 3225 digna
1648 3147 1766 3208 nomine

403 3232 581 3317 hypothesis
605 3243 668 3303 est,
697 3252 751 3294 nec
775 3233 887 3294 variari
920 3242 974 3295 aut
997 3236 1116 3296 omniuo
1145 3235 1225 3297 falsa
1247 3254 1316 3296 esse
1343 3242 1456 3314 potest.
1504 3236 1548 3296 At
1572 3253 1638 3296 cum
1662 3235 1767 3297 calcu·

403 3321 467 3384 lum
500 3340 645 3384 ascensus
678 3328 709 3382 et
732 3320 896 3383 descensus
927 3321 1071 3400 planetae
1104 3323 1134 3384 iu
1165 3323 1226 3385 illis
1255 3324 1464 3402 inaequalibus
1492 3322 1681 3404 portionibus
1712 3341 1767 3385 ex-

403 3411 562 3484 struimus,
593 3427 684 3487 saepe
712 3408 743 3469 id
765 3410 853 3470 varia
882 3410 977 3472 forma
998 3419 1102 3493 potest
1132 3412 1247 3491 perfici,
1278 3421 1309 3474 et
1335 3412 1520 3495 hypotheses
1544 3413 1663 3493 quidem
1693 3413 1770 3475 alias

405 3497 443 3560 ad
468 3498 655 3560 efficiendam
678 3496 808 3575 priorem
835 3498 919 3559 illam
943 3507 975 3560 et
997 3500 1232 3566 astronomicam
1247 3502 1427 3584 hypothesin
1445 3519 1651 3581 comparamus
1675 3501 1768 3573 (alins

403 3585 503 3667 posito
527 3593 631 3648 centro
656 3585 757 3647 circuli
781 3586 944 3665 planetarii
972 3606 1064 3668 supra
1087 3597 1222 3652 centrum
1245 3590 1356 3666 mundi,
1382 3590 1457 3651 alius
1483 3590 1615 3673 epicyolo
1640 3589 1668 3651 in
1693 3609 1768 3652 eon·

404 3672 568 3736 centricum
591 3674 738 3749 inserto),
763 3676 817 3736 sed
836 3694 913 3756 quae
937 3696 995 3738 nou
1020 3677 1103 3757 ipsae
1126 3697 1181 3758 per
1203 3699 1272 3740 sese
1297 3680 1530 3753 astronomicae,
1563 3697 1666 3740 vemm
1689 3694 1764 3755 geo-

404 3762 548 3824 metricae
572 3762 673 3842 potius
698 3763 882 3844 hypotheses
906 3772 986 3828 sunt.
1033 3768 1083 3828 lta
1106 3768 1133 3828 si
1157 3767 1223 3848 qnia
1244 3776 1433 3830 astronomus
1448 3767 1539 3841 dicat,
1565 3766 1645 3828 viam
1660 3768 1765 3829 Lunae

404 3852 522 3914 ovalem
546 3852 713 3930 exprimere
738 3853 875 3928 sormam,
899 3854 1077 3934 hypothesis
1101 3864 1150 3917 cst
1164 3857 1366 3918 astronomica
1374 3875 1383 3930 ;
1407 3856 1633 3929 sumostendit,
1658 3855 1765 3937 quibus

404 3940 523 4002 circulis
551 3940 720 4020 hujusmodi
752 3942 849 4003 ovalis
879 3942 976 4022 ligura
999 3944 1103 4005 coutici
1129 3944 1241 4026 possit,
1275 3945 1493 4026 hypothesibus
1523 3944 1617 4007 utitur
1640 3963 1764 4023 geome-

403 4028 498 4090 tricis.
544 4024 803 4105 EtPto'lemaeus,
828 4049 895 4092 cum
919 4031 1034 4094 diceret
1056 4033 1246 4112 planetarum
1260 4042 1359 4095 motus
1381 4035 1412 4095 in
1428 4053 1563 4114 apogaeo
1587 4033 1764 4108 lentescere,

404 4117 434 4178 in
457 4117 599 4197 perigaeo
628 4118 808 4191 accelerari,
841 4120 1024 4200 hypothesin
1055 4121 1128 4183 iecit
1151 4123 1399 4193 astronomicam,
1433 4142 1500 4184 cnm
1522 4140 1595 4184 vero
1623 4132 1767 4201 puuctum

404 4205 599 4286 aequalitatis
628 4205 806 4282 introducit,
839 4208 869 4268 id
892 4216 927 4270 ut
949 4217 1105 4289 geometra
1133 4211 1222 4283 iacit,
1256 4211 1364 4273 calculi
1388 4230 1501 4286 causa,
1536 4219 1569 4272 ut
1597 4211 1676 4272 ratio
1700 4212 1768 4274 iniri

401 4295 515 4377 possit,
549 4300 692 4374 quantum
726 4295 877 4357 lentescat
908 4297 958 4359 ille
988 4300 1130 4378 planetae
1163 4308 1263 4361 motus
1292 4300 1398 4379 quovis
1430 4306 1581 4361 momentu
1610 4301 1766 4379 temporis.

325 4418 327 4421 -
401 4382 489 4444 Hanc
520 4383 733 4465 hypothesium
762 4384 970 4447 diversitatem
1004 4406 1090 4448 nemo
1120 4389 1330 4450 consideratus
1364 4396 1413 4450 est
1445 4388 1494 4470 qui
1527 4408 1585 4450 nou
1620 4398 1768 4469 agnoscat

403 4471 599 4550 manibusque
622 4470 737 4551 palpet.
784 4472 830 4534 At
852 4492 924 4534 vero
949 4473 1101 4537 Osiander
1125 4474 1324 4557 Coperuicum
1348 4468 1396 4538 vei
1420 4477 1522 4557 potius
1546 4476 1612 4557 ejus
1637 4477 1768 4540 lectores

404 4557 651 4638 aequivocatione
682 4560 852 4623 luditicatus
876 4569 938 4638 est,
973 4584 1026 4638 ea,
1060 4584 1136 4645 quae
1169 4566 1199 4627 in
1230 4565 1423 4646 geometricis
1451 4566 1672 4646 hypothesibus
1696 4586 1767 4628 vera

403 4655 482 4720 snut,
508 4647 546 4707 ad
571 4649 789 4709 astronomicas
813 4648 1009 4724 transferens,
1035 4670 1101 4739 eum
1126 4654 1334 4717 diversissima
1357 4654 1399 4717 sit
1420 4664 1614 4734 utrarumque
1639 4655 1728 4717 ratio.

493 4730 630 4808 Summa,
667 4736 725 4796 tria
749 4745 820 4798 sunt
841 4738 870 4798 iu
892 4740 1094 4802 astronomia:
1128 4743 1312 4825 hypotheses
1336 4744 1550 4823 geometricae,
1581 4743 1766 4822 hypotheses

405 4822 623 4887 astronomicae
650 4833 680 4885 et
704 4824 761 4907 ipsi
786 4836 968 4906 apparentes
992 4830 1148 4893 stellarum
1171 4841 1286 4906 motus;
1309 4841 1472 4913 propterea
1495 4840 1526 4895 et
1540 4832 1598 4893 duo
1621 4831 1765 4895 distincta
