3788 5828
401 385 465 456 168
758 428 763 431 -
911 388 1025 455 Mysterll
1043 385 1243 452 0⁰de

400 557 542 625 motuum,
567 565 657 630 quam
680 547 737 611 sibi
760 547 820 629 ipsi
843 568 920 613 unns
943 549 1068 632 quisque
1085 549 1280 631 peculiariter
1298 548 1518 613 constituisset.
1554 548 1661 630 ltaque
1682 564 1760 628 opus

400 659 469 703 esse
492 638 660 701 attentione
684 645 716 699 et
738 638 888 701 industria
910 639 1074 720 singulari,
1105 647 1140 701 ut
1167 639 1274 719 quibos
1297 646 1351 702 aut
1378 638 1452 701 nibil
1480 645 1669 718 subparum
1701 638 1758 699 ad·

399 730 519 791 modum
542 726 641 806 opinio
665 726 869 790 observatoris
893 728 1063 790 addidisset
1090 728 1326 801 detraxissetve,
1358 737 1412 789 eae
1441 748 1460 789 s
1483 727 1632 807 corruptis
1656 745 1760 788 secer·

280 871 284 874 Α
401 823 551 880 serentur.
591 814 763 878 Secundam
786 836 909 879 causam
929 835 996 891 esse
1021 817 1142 879 dicebat
1165 817 1297 879 siderum
1319 817 1515 879 inerrantium
1540 816 1607 878 loca
1629 837 1648 877 a
1670 822 1761 876 vete·

399 906 482 969 ribus
506 924 565 967 non
588 905 714 967 ulterius
739 924 827 986 quarn
851 907 890 967 ad
913 890 1071 967 restantes
1094 906 1224 987 partium
1248 905 1416 987 exquisita,
1444 912 1477 968 et
1499 894 1663 967 secundum
1685 903 1761 967 haec

401 1004 501 1058 tamen
525 993 685 1075 praecipue
700 994 863 1058 errantium
877 995 994 1076 positus
1010 996 1077 1076 capi
1096 1005 1253 1076 oportere3
1276 1015 1374 1076 pauca
1397 994 1576 1076 excipiebat,
1599 993 1628 1056 in
1654 992 1761 1075 quibus
1805 1014 1808 1018 “

401 1084 562 1148 declinatio
587 1083 696 1145 sideris
720 1084 758 1145 ab
778 1085 989 1165 aequinoctiali
1004 1093 1151 1149 annotata
1169 1104 1232 1147 rem
1251 1085 1420 1165 adjuvaret,
1444 1084 1525 1165 quod
1540 1084 1577 1146 de
1596 1083 1653 1145 hac
1676 1083 1762 1145 locus

401 1173 468 1255 ipse
492 1172 602 1247 sideris
626 1172 737 1234 certius
761 1174 903 1236 constitui
923 1174 988 1254 jam
1012 1182 1126 1258 posset
1164 1174 1300 1237 Tertiam
1323 1193 1446 1236 causam
1465 1173 1542 1235 hauc
1556 1172 1760 1235 memorabat:

400 1264 470 1328 Non
494 1262 606 1324 habere
629 1281 684 1323 noa
707 1263 787 1324 tales
811 1269 961 1336 auctores,
986 1264 1090 1344 quales
1105 1263 1297 1326 Ptolemaeus
1312 1263 1471 1326 habuisset
1488 1270 1560 1343 poet
1573 1261 1763 1343 Babylonios

401 1360 433 1414 et
457 1350 646 1426 Chaldaeos,
675 1350 736 1412 illa·
752 1351 865 1414 lumina
887 1353 981 1428 artis,
1010 1351 1233 1433 Hipparchum,
1268 1352 1495 1427 Timocharem,
1528 1352 1700 1414 Menelaum
1730 1356 1763 1413 et

401 1449 528 1515 ceteros,
554 1458 679 1518 quorum
701 1448 734 1502 et
756 1460 811 1502 nos
835 1441 1097 1504 observationibus
1121 1461 1157 1503 ac
1180 1442 1352 1522 praeceptis
1375 1441 1431 1504 niti
1455 1461 1491 1504 ac
1514 1440 1665 1503 confidere
1686 1458 1762 1519 poa-

401 1530 505 1592 simus.
557 1528 598 1591 Se
632 1527 750 1608 quidem
777 1530 867 1592 malle
900 1530 930 1592 in
962 1530 1000 1593 iis
1032 1531 1242 1612 acquiescere,
1279 1549 1402 1613 qnorum
1434 1531 1596 1592 veritatem
1627 1527 1763 1609 profiteri

401 1627 515 1699 posset,
541 1637 629 1698 qnam
653 1617 682 1679 in
707 1619 913 1699 ambiguomm
937 1619 1028 1681 dubia
1051 1620 1219 1683 subtilitate
1241 1628 1395 1682 ostentare
1420 1619 1533 1700 ingenii
1557 1618 1760 1682 acrimoniam.

400 1708 490 1770 Haud
514 1707 633 1789 quidem
657 1707 776 1788 longius
800 1715 896 1783 certe,
926 1709 975 1770 vel
999 1708 1091 1771 etiarn
1114 1709 1236 1791 propius
1261 1709 1379 1771 omnino
1403 1709 1561 1770 abluturus
1586 1727 1656 1770 suae
1680 1705 1762 1768 indi·

401 1796 539 1859 cationes
563 1803 703 1857 sextante
724 1803 777 1858 aut
798 1797 973 1877 quadrante
988 1799 1086 1878 partis
1109 1799 1196 1862 unius
1221 1819 1240 1860 a
1261 1816 1353 1873 vero;
1378 1798 1462 1877 cujus
1485 1798 1621 1859 delectus
1646 1803 1764 1858 tantum

403 1885 511 1948 abesse
535 1893 569 1946 ut
591 1904 625 1946 se
648 1886 821 1966 poeniteat,
850 1894 884 1948 ut
910 1906 1090 1968 magnopere
1119 1887 1269 1963 laetetur,
1303 1888 1360 1949 huc
1383 1906 1477 1967 usqne
1500 1887 1590 1966 longo
1614 1894 1762 1965 ternpore,

400 1973 517 2055 ingenti
541 1972 666 2043 labore,
690 1974 822 2036 maxima
845 1977 1051 2052 contentione,
1077 1977 1177 2039 studio
1202 1984 1234 2040 et
1255 1975 1404 2039 industria
1426 1973 1572 2057 singulari
1600 1976 1764 2056 procedere

401 2063 548 2145 potuisse.
586 2061 767 2125 Mercurium
791 2064 919 2146 quidem,
945 2066 1032 2146 quasi
1055 2066 1221 2128 secundum
1243 2065 1433 2148 proverbium
1448 2063 1644 2134 Graecorum,
1668 2066 1762 2141 relin-

402 2152 515 2234 quebat
531 2152 562 2214 in
578 2150 676 2213 medio
692 2171 893 2228 communem3
918 2155 997 2236 quod
1016 2154 1053 2217 de
1076 2155 1128 2217 illo
1152 2174 1249 2236 neque
1274 2175 1328 2218 suo
1353 2154 1453 2217 studio
1478 2155 1671 2219 observatum
1695 2174 1763 2218 ease

401 2242 524 2316 diceret,
549 2259 645 2321 neque
670 2240 708 2303 ab
732 2242 800 2304 aliis
824 2262 857 2304 se
881 2244 1045 2323 accepisse,
1071 2263 1129 2325 quo
1152 2262 1335 2325 magnopere
1354 2243 1491 2325 adjuvari
1515 2253 1569 2306 aut
1592 2244 1671 2324 quod
1696 2264 1762 2307 orn·

402 2330 472 2391 nino
494 2330 622 2410 probare
645 2338 761 2409 posset.
800 2332 850 2394 Me
874 2331 995 2413 quidem
1017 2334 1113 2395 multa
1132 2352 1267 2410 monens,
1292 2333 1466 2413 subjiciens,
1490 2332 1690 2413 praecipiens,
1714 2333 1762 2395 in·

401 2419 505 2505 primis
529 2419 717 2503 hortabatur,
742 2427 777 2481 ut
799 2421 956 2483 stellarum
978 2421 1173 2485 inerrantium
1192 2422 1397 2484 observationi
1417 2440 1539 2502 operam
1554 2423 1668 2496 darem,
1691 2423 1762 2486 illa-

402 2528 465 2570 rum
488 2509 692 2588 potissimum,
718 2509 847 2590 quaein
872 2510 1016 2591 signifero
1041 2519 1204 2592 apparent,
1236 2512 1313 2593 quod
1338 2529 1404 2573 cnm
1429 2511 1477 2572 his
1500 2511 1665 2574 errantium
1688 2531 1763 2575 cou-

402 2616 525 2676 greaaus
549 2597 648 2660 notari
675 2606 817 2678 possent,
849 2599 929 2661 etc.“
976 2600 1133 2663 Hactenus
1162 2620 1200 2663 ex
1229 2601 1359 2681 epistola
1381 2599 1503 2663 Rhetici
1531 2621 1586 2676 ea,
1621 2620 1697 2683 quae
1726 2601 1764 2664 ad

401 2705 464 2750 rem
488 2686 580 2750 sudre.
628 2684 709 2757 Quid
731 2696 765 2751 tn
784 2690 870 2768 jam,
902 2687 998 2752 amice
1027 2690 1140 2766 lector,
1173 2691 1210 2752 de
1235 2687 1403 2770 Gopemico
1432 2689 1550 2751 sentis?
1587 2689 1622 2752 Si
1646 2691 1684 2752 de
1708 2692 1764 2752 hoc

401 2776 523 2855 negotio
547 2776 656 2838 luisset
677 2777 809 2841 monitus
832 2784 924 2859 atque
949 2778 1214 2859 deprehendisset,
1241 2798 1330 2859 quam
1351 2797 1446 2860 prope
1470 2777 1552 2841 absit
1575 2780 1613 2842 ab
1638 2799 1673 2841 eo
1697 2799 1765 2842 cum

403 2863 466 2927 suis
490 2864 667 2945 rationibus,
693 2867 763 2947 qnid
787 2874 876 2949 putas
899 2886 957 2930 uon
983 2876 1156 2931 tentaturus
1179 2868 1302 2943 fuisset,
1329 2886 1414 2948 quem
1439 2868 1573 2931 laborem
1596 2874 1663 2931 nori
1680 2889 1765 2932 aum-

402 2954 504 3029 sisset,
530 2963 563 3016 ut
587 2972 713 3034 corpora
737 2976 803 3018 cunr
828 2956 890 3019 suis
914 2955 1036 3019 orbibus
1060 2957 1260 3021 conciliaret?
1301 2957 1403 3038 Atque
1426 2957 1483 3019 hoc
1506 2957 1533 3018 si
1557 2958 1689 3032 daretur,
1715 2958 1766 3040 qui

402 3061 583 3116 consensus,
613 3062 689 3124 quae
717 3045 865 3124 perfectio
888 3064 945 3107 non
971 3047 1121 3126 speranda
1143 3047 1251 3109 esset?
1297 3044 1367 3117 Qua
1390 3045 1419 3107 in
1443 3064 1475 3108 re
1499 3046 1570 3126 quid
1598 3047 1664 3123 alii,
1695 3047 1765 3128 quid

402 3133 467 3212 ipse
490 3132 671 3195 Maestlinus
700 3133 876 3215 aliqnando,
909 3135 1031 3197 favente
1054 3136 1135 3205 Deo,
1165 3135 1368 3215 praestiturus
1397 3134 1453 3211 sit,
1481 3128 1602 3215 ternpus
1632 3136 1763 3199 docebit

402 3222 526 3284 Interea
548 3221 651 3290 nolim,
676 3222 742 3301 quis
765 3231 878 3285 temere
901 3231 1009 3286 contra
1027 3241 1074 3285 me
1089 3224 1276 3303 pronunciet,
1301 3231 1333 3284 et
1356 3242 1451 3305 aequo
1476 3222 1576 3285 anirno
1600 3225 1678 3287 hunc
1701 3226 1765 3288 litis

404 3310 580 3373 dilationem
604 3312 692 3373 ierat.

753 3496 797 3559 ro
822 3494 963 3561 caron
985 3481 1184 3562 nrtcrnnn
1208 3496 1419 3563 ocrsvunr

927 3619 1042 3674 NOTAE
1061 3621 1239 3676 aucroms.

483 3725 515 3799 a)
535 3727 597 3791 Etsi
617 3743 713 3784 verum
733 3734 785 3792 est,
807 3727 968 3786 Proteuioas
989 3748 1114 3802 peccare,
1136 3750 1197 3789 cum
1217 3731 1302 3808 elida,
1325 3740 1384 3789 tum
1404 3733 1490 3788 etiam
1509 3733 1538 3788 in
1558 3732 1764 3804 proatlraphae-

403 3810 509 3869 renibus
531 3807 605 3863 orbis
627 3808 724 3872 muni,
752 3808 896 3879 potissima
915 3817 1009 3867 tamem
1029 3829 1115 3869 cansa
1139 3831 1194 3868 non
1215 3814 1298 3884 hrqjus
1320 3819 1429 3869 tantum
1449 3813 1498 3877 rei,
1523 3816 1594 3884 quod
1615 3814 1765 3871 intervalla

404 3891 510 3947 orbium
529 3906 584 3944 uon
604 3895 705 3943 exacte
726 3890 864 3961 quadrent
892 3894 926 3945 ad
955 3894 1146 3964 proportiones
1167 3896 1287 3966 quinque
1310 3911 1454 3964 corporum
1482 3894 1683 3966 geometricas,
1716 3896 1764 3949 aed

404 3973 488 4026 etiam
509 3968 580 4022 alius
601 3970 712 4040 majoris
734 3970 787 4033 rei,
819 3972 890 4041 quod
911 3973 1016 4029 seilicet
1045 3974 1195 4045 planetarii
1216 3977 1296 4030 orbes
1323 3976 1431 4030 habent
1451 3981 1547 4029 tantas
1569 3974 1672 4046 singuli
1694 3982 1764 4030 tam·

404 4070 457 4123 que
478 4049 634 4104 differentes
656 4050 892 4117 ecoeutrioitatcs,
923 4054 1067 4125 utriusque
1088 4056 1199 4126 inquam
1223 4055 1265 4110 rei
1286 4071 1373 4110 eausa
1393 4062 1437 4109 est
1457 4054 1486 4109 in
1507 4055 1662 4125 archetypo
1684 4073 1781 4125 error·¹

404 4130 523 4186 nationis
543 4137 665 4185 motuum
685 4133 831 4185 secundum
851 4133 974 4189 rationes
994 4135 1183 4191 harmonicas:
1205 4136 1253 4192 ubi
1275 4153 1334 4191 cum
1351 4153 1405 4191 non
1425 4142 1542 4206 possent
1560 4141 1681 4190 exactae
1702 4152 1766 4206 pro·

404 4212 545 4282 portiones
565 4211 699 4281 figurales
722 4218 798 4266 stare
814 4212 902 4282 juxta
922 4216 1115 4286 proportiones
1136 4216 1318 4281 harmonicas,
1341 4232 1454 4271 necesse
1475 4216 1529 4270 fuit
1542 4215 1608 4279 illis,
1629 4223 1662 4270 ut
1675 4215 1765 4288 magis

405 4292 584 4348 adnationes
605 4292 740 4347 materiae
760 4293 979 4361 declinantibus,
1010 4296 1140 4369 derogari
1160 4313 1258 4367 parurn
1279 4297 1394 4369 aliquid,
1426 4303 1459 4350 ut
1485 4296 1678 4368 proportiones
1702 4298 1766 4352 har·

404 4372 528 4428 monicae
554 4371 642 4440 juxto
669 4374 757 4428 locum
786 4373 936 4440 haberent,
966 4377 1033 4433 illae
1055 4378 1163 4449 quidem
1191 4379 1219 4432 in
1240 4378 1338 4449 spatiis
1368 4376 1473 4441 mundi,
1504 4377 1577 4432 istae
1598 4394 1664 4432 reru
1695 4378 1768 4433 inter

406 4460 495 4508 motus
526 4469 577 4523 per
604 4453 705 4523 spatia.
748 4453 818 4508 Vide
844 4454 917 4510 hunc
946 4464 1073 4513 ornatum
1103 4457 1318 4523 ornatissimum.
1349 4458 1397 4513 lib.
1419 4458 1453 4511 V.
1486 4459 1617 4513 Hermon.
1649 4459 1712 4528 cap.
1740 4457 1766 4512 9.

406 4550 484 4604 prop.
507 4550 526 4587 a
546 4533 594 4587 46.
615 4532 643 4587 in
665 4533 713 4589 49.
736 4536 771 4590 ad
792 4536 913 4606 longum.
1273 4600 1278 4613 Ι

486 4608 517 4679 b)
538 4615 595 4668 Iuro
616 4613 644 4667 in
657 4614 749 4669 Marte
772 4620 838 4678 tres,
860 4615 889 4671 in
912 4617 1019 4671 Venere
1043 4617 1162 4689 quinque
1185 4622 1290 4690 gradus
1313 4619 1341 4672 in
1365 4626 1562 4681 transversum,
1585 4619 1612 4673 in
1631 4615 1767 4683 Mercurio

410 4695 445 4749 10
470 4695 513 4746 rel
544 4695 575 4747 ll
592 4696 697 4764 gradm
720 4692 755 4761 (si
778 4695 860 4749 ctiam
875 4696 909 4750 de
925 4696 956 4750 iis
972 4696 1047 4761 locis,
1068 4698 1116 4751 ubi
1139 4700 1257 4769 planeta
1276 4698 1320 4752 hio
1333 4698 1418 4752 rideri
1439 4699 1542 4769 nequit,
1566 4717 1603 4753 ex
1617 4696 1767 4768 hypothesi

408 4774 532 4828 theoriae
545 4773 674 4828 Mercurii
690 4790 708 4828 a
722 4792 764 4829 me
778 4776 931 4831 constituta
945 4775 1011 4830 licet
1025 4777 1129 4848 aliquid
1143 4774 1295 4845 affirmare)
1317 4778 1399 4832 certis
1414 4779 1520 4833 orbium
1535 4778 1602 4833 locis
1627 4778 1654 4832 in
1675 4795 1768 4833 errore

407 4859 472 4909 sunt
492 4856 565 4925 apud
585 4854 756 4910 Prutenicas.

487 4930 517 5004 o)
538 4928 641 4991 deutra
658 4935 803 5005 planorum
826 4936 934 5008 figurae
948 4938 1170 5011 circumscriptae
1194 4945 1224 4992 et
1247 4938 1344 5013 anguli
1364 4940 1473 5015 figurae
1487 4938 1637 5013 inscriptae
1651 4955 1705 4994 non
1719 4955 1767 5010 po·
