3786 5808
723 371 885 427 m
1435 373 1478 443 85

127 541 171 594 est
200 551 282 594 anuo
319 529 404 598 1569
431 532 549 595 biennio
572 541 645 595 aute
665 552 714 595 me
737 544 849 596 natum.
892 536 997 597 Autor.
1014 533 1130 597 Remus
1154 544 1203 597 cst
1224 537 1255 598 in
1280 535 1392 599 scholis
1415 538 1477 601 suis

124 625 196 695 (non
215 618 410 695 Geometria)
434 621 634 685 Geometricis
657 623 729 685 folio
750 619 794 687 49
814 632 845 685 et
859 619 913 686 50.
960 620 1027 694 Quo
1052 625 1118 686 loco
1140 622 1255 687 Remus
1271 626 1477 704 ,praemium

124 710 377 773 conformatae
413 712 552 792 absque
593 711 862 794 hypothesibus
903 712 1143 791 astrologiae
1186 711 1347 792 spondet
1391 733 1477 777 suae

122 799 376 879 professionis
397 802 616 863 cessionem.
662 799 698 863 Si
719 800 835 863 Remus
859 800 929 864 illas
952 801 1170 864 exterminatas
1188 803 1475 884 cnplthypothesea,

123 907 196 968 quse
219 895 254 950 ut
276 889 441 952 credantur
460 890 662 971 postulantur,
685 909 744 951 oon
767 891 939 970 probantur,
965 898 997 951 et
1020 891 1045 952 si
1069 890 1146 951 hanc
1169 891 1283 973 absque
1297 890 1474 973 hypothesi·

121 976 175 1039 bos
205 978 425 1041 astronomiam
456 979 577 1055 laudat,
607 998 684 1060 quae
715 979 810 1042 solius
841 990 967 1041 naturae
991 988 1140 1059 apparatu
1163 980 1278 1043 orbium
1301 981 1475 1043 coelestium

122 1074 262 1128 contenta
286 1076 346 1140 est,
370 1067 448 1148 quod
470 1066 589 1148 quidem
611 1078 682 1131 aute
705 1077 737 1130 et
759 1076 830 1148 post
851 1068 971 1131 omniuo
993 1069 1114 1130 innuere
1129 1068 1262 1133 videtur:
1287 1069 1411 1131 vicimus
1426 1071 1474 1133 vel

121 1154 184 1235 Ego
204 1156 256 1217 vel
280 1154 487 1237 Goperuicos,
513 1158 561 1220 vel
583 1167 709 1238 uterquc
733 1157 835 1228 sbnul,
859 1156 1003 1238 nobisque
1026 1157 1176 1237 professio
1199 1158 1325 1221 debetur·
1347 1158 1473 1223 Barnea.

121 1242 172 1306 Sin
195 1254 300 1307 autem
322 1245 438 1309 Romus
462 1264 566 1310 ornnes
589 1248 709 1309 omnino
733 1246 917 1328 hypotheses
939 1246 1040 1325 rejicit
1057 1264 1114 1308 seo
1137 1265 1225 1309 veras
1253 1256 1284 1310 et
1310 1249 1474 1324 naturales,

121 1352 171 1394 seu
192 1334 304 1407 falsas,
328 1343 392 1397 tum
414 1335 444 1397 id
468 1345 524 1411 est,
541 1336 627 1416 ¹quod
650 1335 841 1416 supradixi:
866 1336 977 1398 stultus
1000 1354 1115 1414 nempe,
1140 1335 1229 1417 idque
1252 1345 1286 1398 ut
1305 1337 1473 1418 opinoruel

122 1434 150 1483 ts
163 1423 274 1502 judice.
325 1423 441 1487 Verum
462 1431 498 1485 ut
519 1426 673 1506 utriusque
696 1424 800 1487 honori
822 1426 1005 1500 consulatur,
1029 1425 1108 1486 malo
1132 1443 1179 1488 ms
1201 1427 1404 1505 professorem
1421 1446 1472 1488 re·

123 1513 194 1591 gurm
218 1532 313 1593 quam
337 1498 465 1576 Remum
489 1515 614 1576 stultum
637 1515 800 1594 appellare.
846 1514 913 1575 Hoc
935 1533 1026 1576 onum
1048 1522 1108 1576 est
1152 1512 1158 1521 “

200 1601 274 1664 Jam
298 1620 398 1682 porro,
422 1613 457 1664 ut
478 1601 592 1684 Regius
605 1603 763 1665 Professor
787 1602 899 1684 aliquid
922 1602 1016 1664 etiam
1039 1621 1092 1664 suo
1116 1602 1204 1665 titulo
1228 1604 1350 1684 dignum
1372 1613 1470 1684 gerat,

127 1692 254 1771 proponit
279 1691 338 1753 tibi
362 1689 537 1754 Clarissima
559 1692 597 1754 D.
620 1700 799 1772 praeceptor
818 1692 973 1772 problema
996 1689 1227 1754 Geometricum.
1253 1724 1294 1736 -
1318 1693 1469 1772 ‘fr-laugu-

127 1779 180 1841 lum
199 1781 411 1860 rectangulum
433 1781 629 1856 constituere,
657 1782 741 1861 cujus
768 1781 870 1842 omnis
898 1780 958 1842 tria
980 1781 1078 1843 latera
1100 1781 1162 1843 sint
1184 1781 1309 1845 invicem
1333 1782 1472 1844 continue
1497 1850 1502 1869 Ι
1527 1788 1529 1795 ⁴

123 1869 363 1949 proportionalia,
387 1877 422 1931 ut
439 1870 518 1932 sicut
540 1870 637 1932 minus
661 1870 741 1932 latus
764 1871 804 1931 ad
825 1870 923 1949 majus
946 1871 1027 1932 circa
1049 1879 1172 1944 rectum,
1197 1871 1241 1933 sic
1265 1873 1321 1933 hoc
1343 1871 1381 1933 ad
1396 1871 1470 1933 sub-

123 1966 232 2020 teosaru
254 1968 353 2021 recto.
390 1958 564 2022 Utilitatem
577 1959 760 2021 inventionis
774 1959 921 2039 insignem
935 1960 1047 2032 nasum,
1071 1959 1128 2021 uisi
1143 1960 1222 2039 quod
1236 1961 1332 2040 magis
1347 1966 1473 2023 exornat

120 2049 326 2125 geometriam.
367 2047 488 2111 Namsi
506 2048 652 2129 pensitas,
677 2048 802 2122 videbis,
826 2067 916 2110 onam
934 2048 1143 2111 tautummodo
1162 2049 1289 2113 formem
1313 2050 1388 2127 ejus,
1412 2068 1471 2112 nou

119 2137 212 2215 plures
235 2144 310 2199 esse
333 2155 433 2217 posse.
479 2138 617 2199 Ioventio
641 2138 760 2217 Magire
783 2136 925 2213 debetur,
958 2157 1017 2219 qna
1040 2138 1116 2199 adeo
1140 2138 1236 2217 ipsum
1260 2138 1392 2201 officiose
1417 2157 1471 2201 ss·

120 2224 190 2301 luto,
219 2236 402 2308 grstumne
425 2245 473 2288 me
500 2227 545 2289 illi
576 2226 717 2300 exhibeo,
747 2237 908 2307 propterea
936 2227 1014 2309 quod
1038 2246 1091 2288 suo
1111 2227 1327 2306 jucundissimo
1350 2227 1472 2290 theore-

119 2324 193 2377 mate
223 2335 310 2379 uovs
338 2314 494 2397 voluptate
517 2315 702 2397 geometrica
724 2335 772 2378 me
795 2333 911 2396 qnoque
934 2316 1014 2378 inter
1035 2326 1154 2378 ceteros
1178 2317 1289 2380 beavit.
1336 2317 1470 2380 Demon-

119 2405 220 2467 stratio
253 2405 358 2468 facilis
391 2414 440 2467 est
471 2424 509 2466 cx
538 2404 633 2485 ipsius
666 2407 807 2467 invento:
841 2405 920 2486 quod
951 2405 1070 2486 quidem
1102 2405 1148 2466 its
1174 2407 1207 2467 in
1231 2407 1321 2468 aliam
1345 2406 1471 2469 formam

119 2495 243 2571 mutavi,
279 2504 315 2556 nt
338 2494 521 2570 existimem,
545 2514 592 2557 mc
616 2494 705 2556 focile
728 2495 777 2556 vel
800 2495 897 2575 ipsum
920 2493 1073 2574 Magirnor
1095 2494 1125 2557 in
1144 2494 1221 2557 lrsuc
1243 2495 1471 2577 persuasionem

119 2583 322 2660 inducturum,
352 2592 387 2646 nt
417 2591 505 2664 putet
536 2603 615 2646 mere
643 2602 740 2645 meurrr
763 2602 843 2645 esse.
889 2584 1059 2663 Propositio
1082 2583 1127 2645 ita
1150 2592 1258 2646 sonet:
1297 2584 1335 2649 Si
1363 2603 1472 2665 super

119 2671 253 2736 lineam
289 2681 454 2739 extrema
483 2681 519 2736 et
549 2673 667 2735 media
690 2672 834 2735 ratione
858 2683 998 2735 sectam
1016 2673 1280 2753 rectanguluru
1302 2673 1468 2754 triangu-

120 2759 182 2824 lum
214 2764 477 2826 constituatur
503 2762 557 2824 sic
585 2769 623 2823 ut
650 2771 774 2824 rectus
797 2762 957 2842 angulus
979 2769 1118 2841 puncto
1142 2763 1326 2825 sectionis
1350 2762 1403 2824 sit
1426 2761 1471 2825 ad

118 2852 438 2931 perpendiculum,
474 2853 575 2914 latus
606 2850 724 2912 minus
747 2852 846 2913 eirca
876 2858 1019 2912 rectum
1047 2851 1276 2929 aequabitur
1307 2850 1471 2932 portioni

119 2942 246 3021 majori
271 2948 407 3002 sectae
431 2940 572 3002 lineae.
620 2939 914 3001 Demonstrationem
937 2938 1065 3017 Magiri,
1090 2956 1178 3018 quanr
1201 2939 1231 3001 in
1254 2941 1335 3002 valle
1357 2940 1470 3001 Luste-

119 3031 205 3092 naula
225 3030 302 3093 mihi
324 3029 559 3099 demonstrasti,
593 3030 712 3091 omuino
735 3028 822 3091 amisi
845 3046 901 3090 uec
924 3027 1095 3089 meminisse
1118 3046 1259 3108 possum:
1288 3030 1355 3091 ideo
1379 3028 1470 3090 aliam

119 3119 242 3182 institui.
282 3120 359 3182 Esto
381 3119 460 3180 linea
474 3118 542 3195 ΑΕ,
566 3125 653 3180 secta
665 3119 857 3198 proportione
1119 3174 1121 3177 .

120 3208 197 3271 dicta
218 3212 250 3271 irr
275 3210 302 3271 F
322 3226 378 3288 per
392 3204 435 3272 30
457 3209 536 3270 sexti
561 3207 745 3283 (Euclidis);
769 3225 858 3288 super
1136 3188 1181 3237 Μ·
1196 3185 1217 3230 ⁸’

120 3317 173 3377 qua
201 3298 391 3362 describatur
418 3298 638 3371 semicirculus,
674 3296 703 3359 io
732 3316 790 3377 qno
819 3315 856 3358 ex

119 3387 241 3451 Frecta
263 3388 319 3450 FD
338 3388 471 3468 erigatur
492 3386 779 3467 perpendiculariter
801 3405 855 3447 us-

119 3493 171 3555 que
193 3479 232 3540 ad
258 3477 445 3559 superficiem
467 3476 655 3551 semicirculi,
679 3484 711 3537 et
724 3494 852 3538 eonnec-

120 3574 216 3630 tantnr
229 3565 299 3641 DE,
323 3566 395 3643 DA,
418 3574 452 3628 ut
472 3566 526 3628 fiat
539 3565 666 3646 angulus
680 3564 767 3626 ΕΒΑ
786 3583 854 3626 rec-

119 3662 165 3716 tus
193 3674 251 3736 per
283 3652 337 3719 31.
371 3656 427 3718 Ill.
486 3655 562 3717 Dico
599 3653 677 3734 quod
709 3652 765 3715 DE
802 3654 856 3715 fiat

120 3747 252 3825 aequalis
271 3746 369 3808 lineae
383 3744 450 3815 Fe,
470 3743 599 3826 portioni
614 3743 719 3822 majori
735 3743 772 3803 de
785 3741 854 3804 ΕΑ.

119 3832 192 3895 Naru
214 3854 272 3916 per
285 3833 317 3898 8.
342 3834 397 3896 VI.
421 3833 574 3912 triangula
587 3832 678 3907 EFD,
702 3830 855 3893 DFAtoti

121 3922 202 3985 ΑΒΕ
224 3932 260 3986 et
280 3925 359 3986 iuter
380 3941 414 3985 se
437 3932 508 3985 sunt
531 3922 652 3984 similia.
686 3919 788 3990 Quare
801 3938 857 4002 per

120 4014 279 4075 secundnm
299 4011 487 4075 corollarium
506 4011 642 4091 ejusdem
655 4008 711 4071 ΕΙ)
726 4016 775 4070 est
788 4027 855 4069 me·

121 4100 167 4162 dia
192 4101 426 4183 proportionalis
453 4102 533 4164 inter
555 4099 612 4162 Ar:
636 4107 668 4161 et
688 4097 751 4161 EF.
796 4095 857 4158 Est

122 4198 217 4254 sotem
240 4193 332 4255 etiam
352 4192 408 4253 AF
421 4190 520 4251 media
532 4187 764 4269 proportionalis
778 4187 857 4249 iuter

121 4277 174 4340 ΔΕ
195 4290 228 4343 et
250 4281 304 4344 Er*
324 4299 379 4360 per
398 4277 597 4342 definitionem
618 4278 713 4338 lineae
727 4293 855 4356 propor-

122 4367 271 4433 tionaliter
298 4379 411 4433 sectae.
458 4366 535 4431 Cum
564 4374 664 4429 autem
689 4366 771 4427 iuter
798 4364 856 4424 duo

123 4468 252 4523 extrema
274 4476 363 4521 unum
385 4467 503 4519 tantum
526 4456 655 4517 medium
684 4453 855 4535 proportio·

122 4548 186 4609 rrale
216 4568 285 4611 esse
315 4548 430 4628 possit,
463 4564 517 4626 per
540 4541 570 4607 9.
595 4545 636 4606 V.
669 4560 854 4615 conversum,

123 4635 174 4696 AF
194 4646 225 4700 st
248 4637 305 4700 ΕΙ)
329 4635 471 4716 aequales
495 4641 591 4709 erunt,
616 4634 695 4713 quod
718 4639 785 4695 erat
807 4631 1000 4711 probandum.
1040 4627 1238 4693 corollarium
1260 4630 1286 4692 Ι.
1313 4630 1470 4693 ¹Latera

122 4724 295 4808 trianguli
317 4733 404 4787 sunt
424 4723 733 4806 proportionalia.
778 4721 858 4782 Nam
880 4720 944 4793 AF,
968 4719 1032 4794 FD,
1056 4718 1109 4781 Fr:
1133 4726 1204 4780 suot
1227 4719 1468 4800 proportionales

123 4813 302 4890 ou8.v1.
339 4815 384 4877 At
406 4814 463 4875 ΕΙ)
486 4821 535 4874 cst
558 4810 693 4894 aequalis
716 4810 812 4871 lineae
826 4809 892 4873 Ar.
928 4808 1011 4889 Ergo
1033 4807 1101 4882 ΕΙ),
1124 4806 1188 4880 DF,
1212 4808 1266 4871 FE
1289 4808 1350 4870 tria
1372 4808 1470 4871 latera

124 4900 283 4988 mangot
303 4910 379 4966 surrt
399 4901 646 4984 proportionalia
694 4900 738 4962 At
758 4897 842 4960 ΕΠ)
863 4899 1048 4978 triangulum
1070 4896 1200 4978 partiale
1218 4905 1268 4959 est
1290 4896 1387 4959 simile
1402 4896 1468 4970 toti,

810 5005 814 5011 .
1212 4997 1256 5049 3„
