3786 5808
411 384 433 450 4
1012 389 1172 438 raanan.

412 547 589 610 distantiam
602 546 689 610 Jovis
704 556 736 609 et
749 548 870 623 Martis,
894 550 1075 630 quadratum
1089 550 1143 611 tac.
1164 548 1307 610 adbibere
1326 553 1462 619 conatus,
1481 564 1548 608 curn
1567 565 1626 608 non
1644 544 1761 608 meliore

411 638 553 717 successu
576 655 737 734 gauderet,
761 656 800 717 ad
824 656 1013 736 regularia
1035 655 1259 735 geometrica
1282 673 1451 734 corpora,
1480 660 1514 714 ut
1535 652 1632 730 globis
1656 653 1761 732 (neque

360 759 366 778 ¹
409 778 499 836 vero,
533 761 610 842 quod
639 760 703 839 ipse
727 779 869 842 expresse
892 762 1040 834 cavebat,
1074 760 1206 824 realibus
1234 780 1287 823 sen
1317 759 1537 834 materialibus,
1570 758 1674 840 quales
1701 767 1762 819 tnui

409 866 552 947 temporis
580 867 666 929 multi
698 867 886 948 lingebant),
920 868 1026 952 quibus
1054 867 1295 947 circumscriptos
1322 866 1463 946 planetas
1491 865 1603 927 moveri
1625 864 1760 945 putabat,

407 974 506 1054 magis
528 992 669 1054 congrua,
694 993 783 1055 quani
805 974 917 1055 figurae
936 977 1045 1056 planae
1064 982 1144 1050 sunt,
1169 992 1341 1049 conversus,
1365 993 1439 1036 vera
1462 972 1519 1034 sibi
1540 971 1654 1034 vidisse
1676 970 1761 1034 vide·

406 1079 509 1155 batur,
533 1081 714 1162 inventaque
736 1081 900 1145 Prodromo
923 1083 1056 1163 pluribus
1080 1100 1220 1154 enarrare
1244 1088 1276 1141 et
1298 1080 1504 1142 demonstrare
1527 1085 1662 1140 conatur.

494 1188 602 1269 Itaque
624 1188 750 1267 primum
775 1190 855 1271 (oap.
873 1189 906 1264 l)
930 1191 1036 1271 qulbus
1059 1189 1159 1253 causis
1183 1189 1330 1250 adductus
1354 1184 1593 1267 Oopemicanam
1616 1184 1761 1249 rationem

407 1294 563 1372 amplexus
581 1293 633 1366 sit,
653 1302 774 1356 enarrat
781 1313 791 1369 3
814 1295 922 1357 deinde
942 1297 1023 1376 (oap.
1040 1292 1077 1370 2)
1096 1294 1144 1369 iis,
1162 1313 1239 1375 quae
1259 1294 1323 1373 ipse
1342 1292 1499 1369 invenerit,
1523 1301 1665 1373 tanquam
1686 1308 1762 1352 novo

405 1399 585 1462 adminiculo
608 1401 757 1463 rationem
780 1401 863 1464 illam
887 1401 986 1464 fnlciri
1004 1402 1120 1476 credit3
1144 1408 1206 1463 tum
1226 1401 1309 1479 (cap.
1325 1395 1451 1474 3-17)
1475 1417 1601 1478 corpora
1618 1418 1675 1460 sua
1692 1398 1760 1477 pla-

404 1512 540 1568 netarum
564 1506 685 1570 orbibus
708 1508 933 1571 accommodare
954 1510 1073 1583 studet,
1096 1526 1151 1570 uec
1174 1526 1250 1579 non,
1274 1526 1350 1587 quae
1373 1507 1411 1568 de
1434 1493 1565 1567 n'umeris
1590 1523 1648 1566 uon
1672 1505 1761 1584 plane

315 1656 317 1667 .
403 1631 457 1675 uec
480 1612 509 1675 in
534 1614 671 1677 omnibus
694 1615 824 1696 planetis
845 1634 968 1695 prorsus
986 1615 1218 1696 congruentibus
1233 1612 1423 1692 objiciuntur,
1448 1611 1610 1691 explanare
1633 1618 1689 1672 aut
1710 1629 1760 1673 re-

300 1744 303 1756 ·
400 1716 522 1794 fellere;
552 1738 661 1782 novam
690 1720 811 1801 insuper
834 1729 866 1783 et
887 1720 945 1783 hnc
968 1740 1061 1803 usqne
1084 1720 1231 1783 intactam
1255 1721 1407 1799 ingressus
1433 1718 1533 1790 viam,
1562 1717 1630 1781 loca
1651 1717 1761 1797 plane-

399 1831 498 1887 tamm
521 1822 631 1905 Capite
654 1825 731 1900 XV,
755 1846 813 1889 nou
837 1828 876 1889 ad
898 1827 1044 1903 medium,
1069 1828 1124 1890 sed
1148 1827 1186 1889 ad
1211 1835 1405 1909 apparentem
1429 1824 1510 1887 Solis
1536 1825 1633 1886 locum
1654 1824 1760 1887 refert.

398 1931 557 2004 Postremo
581 1934 663 2013 (cap.
691 1930 834 2010 18—21)
858 1954 975 1998 errores
1003 1935 1041 1997 ab
1070 1934 1250 1999 astronomis
1274 1935 1303 1996 in
1327 1931 1524 1995 observandis
1546 1931 1680 2012 planetis
1704 1930 1761 1993 ad-

293 2083 296 2087 .
398 2037 508 2101 missos
530 2057 691 2104 recensens
715 2048 747 2104 et
770 2040 953 2124 dijudicans,
986 2061 1079 2122 opera
1101 2050 1134 2105 et
1156 2042 1281 2105 consilio
1303 2038 1495 2104 Maestlini
1518 2056 1703 2118 magnopere
1726 2055 1760 2099 se

399 2143 536 2225 adjutum
559 2165 628 2208 esse
651 2156 739 2227 grato
763 2148 860 2211 auimo
879 2148 1052 2231 protitetnr3
1076 2169 1244 2231 quanquam
1258 2148 1386 2229 posthac
1405 2146 1484 2221 illas,
1510 2164 1586 2226 qnae
1609 2144 1759 2207 videban-

398 2258 462 2324 tur,
492 2252 718 2317 emendationes
745 2255 876 2318 numeiis
903 2275 920 2317 e
949 2256 1136 2338 regularibus
1158 2255 1332 2337 corporibus
1355 2253 1501 2316 desumtis
1524 2253 1568 2315 ita
1590 2259 1759 2315 retractat:

275 2344 278 2351 ’
398 2365 542 2435 ,ceterae
565 2360 729 2424 errantium
753 2381 940 2426 numerorum
964 2364 1003 2425 ad
1026 2363 1184 2427 veritatem
1210 2361 1383 2437 allusiones,
1409 2379 1484 2441 quas
1506 2357 1623 2441 passim
1645 2359 1758 2439 allego,

399 2464 543 2528 fortuitae
556 2475 641 2543 snut,
665 2485 721 2529 nec
736 2468 854 2549 dignae,
879 2488 955 2550 qnae
970 2470 1177 2545 excutiantur3
1197 2467 1347 2550 jucundae
1369 2474 1472 2528 tamen
1495 2465 1567 2528 mihi
1588 2465 1758 2546 recognito,

398 2570 470 2651 qnia
490 2580 626 2649 monent,
656 2574 762 2655 quibus
785 2575 971 2652 maeandris,
1002 2595 1125 2657 quornm
1147 2576 1295 2658 parietum
1317 2573 1504 2655 palpatione,
1533 2590 1587 2651 per
1614 2572 1759 2635 tenebras

370 2676 599 2758 ignorantiae,
625 2679 663 2741 ad
685 2681 866 2761 pellucidum
889 2681 999 2746 ostium
1023 2683 1163 2746 veritatis
1187 2681 1389 2745 devenerim.“
1436 2679 1534 2757 (Nota
1556 2679 1596 2741 ad
1619 2698 1689 2760 cap.
1715 2676 1753 2741 21
1779 2714 1782 2724 ·

396 2785 573 2864 posterioris
597 2787 764 2863 editionis.)
809 2789 935 2853 Duobus
957 2791 1106 2873 supremis
1129 2789 1278 2871 capitibus
1302 2784 1371 2863 (22.
1396 2783 1466 2860 23.)
1495 2786 1533 2847 de
1563 2786 1756 2866 planetarum

396 2899 529 2956 motuum
552 2893 661 2971 causis,
687 2895 724 2957 de
747 2896 833 2959 initio
857 2905 889 2959 et
911 2898 969 2961 line
992 2898 1095 2962 mnndi
1116 2899 1284 2979 disputans,
1308 2913 1383 2975 opus
1408 2912 1493 2956 snum
1516 2893 1592 2956 tinit.

484 2998 548 3063 Sed
570 3020 660 3082 quum
681 3003 841 3066 maximam
863 3011 981 3084 partem
1000 3005 1048 3068 bic
1071 2978 1191 3069 libellus
1218 3010 1350 3086 exponat
1368 3002 1495 3083 quinque
1513 3000 1665 3081 regularia
1684 3018 1756 3064 cor-

395 3125 484 3188 pora,
507 3106 583 3170 baec
606 3108 738 3171 habeto:
1506 3192 1509 3195 Ι

484 3213 616 3277 Veteres
635 3214 696 3278 illis
715 3217 888 3297 corporibus
905 3215 1063 3297 plurimum
1081 3214 1265 3279 tribuebant.
1301 3212 1506 3301 Pythagoraei
1521 3212 1641 3295 quidem
1654 3233 1760 3280 rernm

396 3319 527 3382 omnium
548 3321 701 3384 elementa
722 3321 783 3383 illis
811 3322 958 3386 contineri
986 3322 1177 3397 statuebant,
1206 3321 1394 3384 dodecaedro
1422 3338 1521 3384 rerum
1543 3320 1759 3386 universitatis

394 3424 556 3507 imaginem
568 3416 701 3502 reform,
726 3428 880 3491 tetrabdro
903 3429 1020 3509 ignem,
1043 3428 1120 3491 cubo
1138 3438 1264 3504 terram,
1289 3427 1431 3491 octaedro
1455 3433 1571 3503 aerem,
1594 3427 1759 3493 ioosabdro

395 3550 504 3613 aquarn
528 3531 690 3612 significari
713 3534 859 3597 dicentes.
892 3536 968 3598 Illos
985 3536 1187 3618 sequebantur
1205 3535 1316 3599 similia
1333 3534 1517 3599 somniantes
1539 3535 1658 3619 mystici
1681 3536 1758 3619 phi·
1883 3584 1884 3605 i

394 3638 512 3719 losophi
535 3641 637 3703 seculo
655 3640 719 3703 XV
739 3648 772 3703 et
790 3641 887 3704 XVI:
910 3642 1017 3724 quibus
1040 3642 1146 3706 iisdem
1169 3644 1206 3707 de
1229 3645 1318 3707 rebus
1340 3643 1433 3707 etiam
1455 3642 1624 3725 posteriore
1647 3652 1758 3708 aetate

392 3745 512 3826 Anglus
534 3745 586 3808 ille
606 3746 759 3811 Robertus
782 3748 819 3810 de
838 3748 994 3812 Fluctibus
1017 3768 1084 3813 cum
1103 3749 1235 3831 Keplero
1258 3748 1287 3811 in
1311 3749 1407 3811 rixam
1429 3747 1522 3811 venit.
1559 3749 1595 3810 In
1613 3747 1758 3813 Euclidis
1883 3760 1884 3787 l

392 3853 550 3916 elementis
568 3853 637 3918 libri
651 3851 737 3930 XHl,
760 3855 847 3932 XIV,
867 3855 940 3933 XV,
963 3874 1022 3943 non
1041 3857 1099 3920 nisi
1117 3856 1268 3936 regularia
1285 3875 1412 3936 corpora
1433 3862 1595 3934 exponunt,
1618 3854 1656 3916 de
1680 3857 1756 3938 qni-

392 3961 447 4023 bus
467 3980 543 4042 qnae
562 3961 655 4024 affert
668 3961 826 4043 Keplerus,
850 3963 912 4025 illis
935 3958 1019 4026 libris
1038 3963 1142 4026 innixa
1159 3962 1343 4043 geometrica
1365 3960 1481 4025 ratione
1505 3960 1543 4024 ab
1566 3960 1627 4023 illis
1649 3962 1756 4026 deda·
1883 3950 1884 4023 ζ

391 4074 507 4130 cuntur.
536 4099 579 4110 -
608 4065 751 4131 Calculus
778 4070 1039 4151 trigonometricns
1066 4070 1148 4133 baud
1174 4070 1275 4155 inepte
1303 4070 1360 4132 boc
1389 4070 1455 4131 loco
1484 4068 1682 4144 adhibeatur,
1719 4079 1757 4137 uo
1883 4062 1884 4141 i

389 4172 491 4254 posita
513 4193 533 4236 a
554 4174 687 4256 Keplero
711 4176 863 4239 sententia
890 4178 1076 4240 examinetur
1103 4184 1135 4240 et
1161 4175 1269 4239 calculi
1296 4177 1375 4241 ratio
1403 4175 1520 4238 facilins
1548 4187 1758 4257 cognoscatur
1883 4202 1884 4205 ¹

391 4280 429 4342 ab
452 4279 504 4356 iis,
529 4280 636 4361 quibus
658 4281 814 4346 Euclidica
837 4283 914 4346 ratio
937 4284 1048 4359 miuus,
1073 4301 1161 4364 qnam
1182 4283 1237 4346 illa
1258 4282 1288 4345 iu
1311 4302 1367 4346 usn
1389 4290 1447 4345 est.

477 4387 530 4450 Ad
552 4387 746 4453 inveniendos
769 4390 870 4453 radios
894 4392 937 4466 (r,
964 4390 1008 4465 R)
1032 4389 1188 4472 globomm
1209 4390 1288 4454 iutra
1311 4398 1343 4452 et
1365 4389 1475 4453 circum
1498 4407 1624 4470 corpora
1646 4390 1755 4472 scrip-

389 4500 486 4556 torum
510 4512 585 4574 opus
607 4504 657 4557 est
678 4497 807 4577 cognitis
831 4497 949 4577 angulis
972 4497 1197 4560 inclinationum
1219 4500 1386 4580 planorum.
1431 4497 1481 4560 Illi
1504 4504 1605 4560 antem
1627 4496 1673 4561 ita
1695 4497 1765 4561 in:

389 4598 556 4664 veniuntur.
603 4599 638 4665 Si
661 4621 700 4665 ex
721 4605 843 4687 vertice,
859 4604 959 4686 anguli
982 4604 1070 4667 solidi
1099 4605 1281 4686 descriptum
1308 4604 1490 4685 cogitaveris
1518 4623 1636 4686 quoquo
1659 4606 1753 4670 radio

389 4707 520 4786 globum,
540 4707 588 4771 hic
601 4710 701 4790 planis
716 4712 817 4791 anguli
831 4711 919 4774 solidi
934 4720 1063 4787 secatur,
1084 4712 1191 4775 deiude
1211 4711 1398 4777 describatur
1411 4711 1599 4794 sphaericum
1611 4712 1752 4794 polygo-

388 4833 458 4877 num
473 4817 657 4896 respondens
672 4819 781 4899 angulo
801 4817 908 4893 solido,
928 4819 1010 4900 cujus
1030 4819 1128 4882 latera
1147 4819 1204 4883 sibi
1219 4828 1290 4882 sunt
1309 4818 1457 4898 aequalia,
1476 4818 1644 4901 angulique‚
1669 4817 1751 4883 item
