3838 5824
392 280 455 429 104·
929 349 1214 414 spalatinensem

391 525 521 591 demae,
543 519 612 581 hino
625 513 855 595 'provinciarum
878 504 1152 589 aneumjaoendum
1174 513 1342 586 respectus.
1380 505 1468 569 illinc
1485 522 1613 586 namque
1637 505 1749 569 inultos

391 630 408 673 e
429 607 590 671 nobilitate
604 603 752 676 videbam,
769 601 818 679 qui
836 619 883 663 me
906 598 955 658 vei
979 596 1120 659 audivere
1144 597 1309 668 docentem,
1334 596 1383 655 vel
1406 595 1554 657 communi
1573 613 1678 656 mensa
1697 604 1749 655 ant

387 678 584 760 ¹coutubernio
602 678 674 752 'meo
697 691 744 751 usi
765 698 813 753 rn‘e
836 686 957 766 propius
980 691 1201 762 cognoverunt,
1232 700 1326 763 exque
1350 702 1385 743 eo
1405 690 1540 761 ternpore
1564 681 1746 743 benevolen-

390 785 466 848 tiam
498 803 517 842 a
546 780 684 862 patribus
715 779 748 839 in
779 794 813 836 se
846 774 1015 835 derivatam
1046 789 1119 851 erga
1145 789 1192 831 me
1222 777 1421 841 conservant,
1446 769 1751 849 quibusque'pollent

392 870 497 953 copiis,
520 848 737 938 demonstrant,
762 864 919 944 diguitatis
942 868 975 922 et
989 859 1107 939 gratiae
1122 856 1291 920 Caesareae
1308 858 1436 919 fructum
1450 876 1504 936 per
1522 857 1748 919 beneficentiam

392 959 566 1039 exigentes:
599 975 655 1017 nec
686 955 796 1015 desunt
828 969 867 1011 ex
898 947 1171 1011 ecclesiasticorum
1203 946 1494 1024 numerantium
1520 946 1632 1021 minus,
1661 963 1748 1024 quem

392 1055 602 1109 antecessores
627 1042 688 1116 sui,
713 1049 745 1102 et
767 1047 850 1100 artes
873 1034 1104 1098 mathematicas
1128 1042 1161 1094 et
1183 1053 1229 1097 me
1253 1036 1397 1095 cultorem
1421 1042 1542 1106 amant,
1576 1051 1682 1111 meque
1711 1033 1749 1093 ad

392 1130 426 1197 r‘e
449 1132 634 1205 invisendos,
659 1130 686 1190 si
708 1128 814 1190 turbae
838 1123 1094 1204 conquievissent,
1119 1123 1156 1182 de
1178 1122 1344 1201 propinquo
1367 1142 1400 1182 se
1424 1128 1602 1184 evocaturos
1626 1122 1747 1183 nuntia-

392 1226 472 1287 runt.
519 1218 650 1296 Dignum
681 1217 773 1296 igitur
803 1221 871 1276 erat
898 1231 966 1273 mea
987 1212 1018 1271 in
1042 1217 1184 1289 utrosque
1208 1210 1409 1287 gratitudine,
1442 1208 1605 1287 atquibus
1629 1228 1748 1289 possem

393 1307 505 1372 mutuis
528 1305 635 1367 officiis
657 1310 761 1366 tantos
784 1302 918 1363 fautores
941 1300 1134 1379 percolerem,
1158 1298 1344 1377 ampliusque
1368 1296 1514 1358 demereri
1537 1297 1698 1360 studerem.

400 1436 407 1441 -
430 1449 432 1453 ,
482 1396 561 1456 Hinc
583 1411 655 1453 vero
679 1410 717 1452 ex
737 1398 823 1467 parte
837 1387 982 1451 Austriae
1000 1386 1142 1466 pavidam
1162 1385 1370 1463 imbellemque
1385 1385 1600 1446 astronomiam
1619 1386 1747 1447 circum-

394 1482 514 1546 stantia
533 1480 683 1560 pericula,
708 1484 854 1550 terrores,
880 1475 1080 1544 calamitates,
1107 1491 1268 1534 aerumnae
1293 1472 1417 1534 subinde
1442 1474 1604 1535 admonent
1627 1473 1664 1533 de
1687 1474 1748 1535 cil-

395 1567 627 1649 cumspiciendis'
649 1565 779 1627 auxiliis.
826 1563 981 1625 Transivit
1011 1562 1065 1622 illa
1088 1582 1117 1621 a.
1140 1556 1225 1622 1600
1258 1580 1274 1620 e
1303 1555 1408 1641 Styria
1435 1562 1465 1621 iu
1489 1560 1684 1636 Bohemiam,
1720 1569 1753 1622 ut

396 1677 473 1738 quae
497 1656 552 1719 sub
575 1654 758 1717 Austriacae
781 1652 887 1712 domus
920 1650 1026 1712 umbra
1048 1651 1162 1729 primas
1184 1650 1312 1710 radicesv
1326 1657 1449 1727 egerat,
1481 1650 1587 1710 eadem
1617 1650 1672 1711 sub
1700 1649 1753 1710 illa

396 1754 429 1809 ot
451 1749 678 1807 maturesceret.
727 1740 773 1800 lbi
807 1740 888 1800 varie
916 1740 1037 1818 jactata
1060 1759 1079 1798 a
1102 1737 1335 1817 tempestatibus
1358 1737 1517 1810 bellomm,
1544 1746 1605 1800 tam
1629 1739 1751 1801 intesti-

395 1850 500 1895 norum
524 1850 614 1911 quam
641 1837 849 1899 externorum,
880 1827 1002 1887 tandem
1028 1835 1101 1906 post
1132 1845 1289 1889 excessum
1318 1827 1470 1907 Rudolphi
1500 1826 1690 1907 imperatoris
1724 1848 1751 1888 a.

399 1916 483 1985 1612
507 1917 660 1985 constanti
682 1917 787 1977 domus
811 1916 992 1977 Austriacae
1021 1916 1120 1975 studio
1148 1916 1276 1977 recurrit
1308 1916 1538 1978 industriam:
1564 1916 1614 1977 ubi
1639 1917 1753 1978 utinam

397 2026 486 2089 quam
509 2006 637 2084 henigne
660 2012 789 2083 excepta
812 2012 844 2065 et
867 2005 945 2077 fota,
970 2010 1034 2065 tam
1056 2004 1192 2082 impensa
1215 2023 1427 2083 generosarum
1455 2004 1597 2079 mentium
1620 2023 1751 2083 occupe—
1783 2010 1784 2013 ’

396 2098 479 2158 tione
502 2096 575 2165 (non
598 2093 696 2154 minus
720 2100 810 2170 atque
834 2113 853 2153 a
875 2111 923 2152 me
946 2093 1010 2171 ejus
1032 2091 1251 2164 instauratore)
1279 2092 1390 2174 percoli
1417 2093 1577 2171 potuisset.
1629 2093 1752 2165 Verum,

397 2184 490 2256 eheu,
525 2181 646 2261 quantis
670 2199 737 2241 sese
760 2188 863 2241 mutuo
887 2179 972 2241 bonis
997 2189 1109 2241 exuunt
1131 2182 1276 2243 mortales
1299 2181 1400 2242 miseri
1432 2199 1487 2259 per
1516 2180 1648 2241 scabiem
1678 2200 1752 2241 cnu-

397 2269 563 2333 tentionum
586 2267 816 2347 turpissimam?
875 2266 973 2337 Quam
999 2268 1166 2346 profunda,
1196 2270 1240 2330 sic
1273 2268 1414 2341 meritos,
1448 2268 1547 2330 obmit
1583 2268 1754 2345 ignorantia

398 2357 477 2418 tati?
524 2353 622 2424 Quam
645 2355 832 2416 lamentabili
864 2355 988 2435 consilio
1018 2357 1139 2434 „ignem
1171 2357 1242 2417 dum
1270 2356 1418 2433 sugimus,
1442 2355 1557 2418 medios
1574 2356 1753 2418 incurrimus

396 2443 522 2524 ignes?“
547 2442 672 2505 Utinam
694 2462 765 2504 vero
789 2443 970 2513 etiamnunc,
992 2446 1065 2521 post
1087 2453 1277 2505 consecutam
1306 2463 1404 2505 rerum
1426 2443 1655 2513 Austriacarum
1678 2464 1753 2506 con·

396 2531 574 2605 versionem,
598 2530 681 2591 lo'cus
705 2531 837 2610 supersit
859 2530 903 2592 illi
919 2531 1054 2612 Platonis
1078 2532 1209 2604 oraculo,
1235 2531 1293 2610 qui,
1318 2551 1385 2593 cum
1408 2530 1522 2593 Gracia
1546 2532 1633 2609 longo
1658 2540 1689 2593 et
1707 2531 1752 2593 ci-

336 2680 342 2695 ,
396 2619 450 2680 vili
473 2617 699 2680 belloarderet
720 2620 867 2697 undique,
892 2619 1038 2698 malisque
1063 2626 1223 2706 vexaretur
1246 2619 1400 2693 omnibus,
1431 2639 1507 2700 quae
1531 2620 1620 2681 civile
1643 2621 1753 2682 bellum

397 2705 536 2768 comitari
559 2707 671 2775 solent,
697 2708 852 2768 consultus
876 2726 966 2786 super
986 2708 1175 2785 problemate
1204 2706 1344 2775 Deliaco,
1369 2707 1506 2784 quaesito
1529 2716 1690 2788 praetextu
1713 2707 1752 2769 ad

396 2792 586 2873 suggerenda
607 2794 726 2871 populis
749 2795 875 2856 consilia
898 2795 1062 2871 salutaria,
1096 2795 1141 2856 ita
1172 2795 1289 2856 demum
1317 2794 1510 2873 tranquillam
1540 2815 1577 2856 ex
1599 2796 1752 2874 Apollinis

396 2879 549 2942 sententia
573 2879 734 2942 Graeciam
758 2883 886 2944 suturam
911 2883 1076 2962 respondit,
1101 2882 1127 2943 si
1149 2902 1184 2943 se
1211 2883 1250 2967 ad
1274 2884 1471 2961 geometriam
1500 2892 1659 2963 ceteraque
1682 2884 1753 2963 phi-,

395 2967 552 3047 iosophica
574 2968 676 3030 studia
699 2967 811 3031 Graeci
834 2972 1073 3033 convertissent:
1098 2971 1169 3051 quia
1191 2971 1265 3032 haec
1285 2971 1386 3031 studia
1401 2970 1517 3032 animos
1536 2971 1573 3032 ab
1589 2971 1752 3048 ambitione

396 3061 429 3116 et
449 3054 573 3135 reliquis
595 3057 824 3136 cupiditatibus,
854 3078 892 3118 ex
915 3059 1021 3138 quibus
1044 3058 1126 3120 bella
1149 3067 1182 3119 et
1203 3065 1306 3119 cetera
1329 3058 1410 3119 mala
1432 3058 1580 3134 existunt,
1601 3060 1639 3120 ad
1665 3078 1750 3120 amo-

395 3161 459 3204 rem
480 3134 565 3221 pecii
588 3151 621 3204 et
643 3146 877 3206 moderationem
897 3145 928 3206 in
951 3146 1087 3209 omnibus
1110 3146 1200 3209 rebus
1225 3145 1418 3207 adducerent.

485 3230 610 3292 Utinam
633 3231 759 3310 denique
779 3233 846 3309 jam
869 3234 1039 3311 suppressis
1071 3234 1163 3294 armis
1191 3241 1309 3295 tantum
1333 3235 1420 3295 detur
1442 3228 1627 3297 induciarum
1651 3254 1670 3294 a
1693 3233 1751 3295 mi·

398 3314 505 3390 seriis,
539 3323 574 3377 ut
604 3318 679 3378 viris
707 3318 797 3379 honis
819 3326 935 3391 vacet,
970 3319 1066 3380 simile
1092 3321 1244 3400 quippiam
1268 3319 1504 3384 ciceroniani
1533 3321 1612 3383 illius
1636 3322 1753 3383 consilii

397 3402 600 3477 comminisci,
626 3405 694 3483 qui,
718 3423 825 3466 eversa
842 3405 998 3484 republica
1015 3406 1168 3480 Romana,
1193 3427 1260 3469 cum
1284 3416 1367 3470 esset
1381 3409 1433 3470 vix
1450 3409 1641 3471 consolabilis
1657 3410 1752 3483 dolor,

397 3489 427 3551 in
456 3496 546 3549 tanta
577 3491 706 3552 omnium
737 3511 836 3552 rerum
863 3490 1024 3555 amissione
1053 3503 1083 3556 et
1117 3495 1326 3574 desperatione
1354 3498 1567 3575 recuperandi,
1586 3505 1754 3576 'postquam

396 3574 442 3641 illi
465 3575 534 3644 arti,
559 3577 606 3638 oui
628 3579 796 3653 studuerat,
821 3579 895 3642 nihil
919 3599 987 3641 esse
1011 3582 1079 3656 loci,
1104 3602 1201 3663 neque
1225 3584 1254 3645 in
1278 3584 1360 3645 curia
1383 3603 1479 3671 neque
1503 3585 1532 3647 in
1557 3586 1631 3658 loro,
1655 3585 1752 3647 vidit:

398 3681 515 3724 omnem
538 3681 623 3724 suam
647 3684 748 3726 euram
772 3674 868 3746 atque
885 3686 1008 3746 operam
1039 3671 1079 3732 ad
1105 3671 1325 3750 philosophiam
1352 3672 1498 3746 contulit,
1532 3691 1656 3733 monens
1679 3671 1753 3734 Sul-

396 3750 505 3830 pitium
527 3769 621 3826 suum,
646 3751 675 3814 iu
699 3752 807 3815 iisdem
829 3755 944 3817 versari
968 3758 1066 3832 rebus,
1092 3778 1182 3839 quae,
1208 3760 1327 3821 etiamsi
1350 3761 1447 3822 minus
1470 3760 1660 3839 prodessent,
1683 3760 1752 3822 aui-

395 3856 475 3900 mum
498 3845 600 3900 tamen
624 3861 643 3901 s
665 3841 867 3904 sollicitudine
890 3843 1076 3907 abducerent
1098 3866 1174 3926 aque
1198 3848 1345 3908 molestiis
1371 3849 1515 3908 levarent.

485 3924 602 3997 Quibus
624 3928 704 3990 votis
727 3929 754 3990 si
777 3929 860 3993 Deus
885 3941 1007 4007 annuat,
1031 3954 1098 3995 non·
1113 3934 1249 4013 equidem
1274 3935 1412 4013 indiguas
1436 3935 1555 3997 bomine
1580 3932 1753 3997 Christiano

395 4013 580 4092 voluptates,
606 4034 811 4079 aerumnarum
835 4020 956 4091 solatia,
980 4022 1191 4084 mathematice
1215 4041 1283 4083 mea
1306 4024 1353 4083 vel
1378 4043 1415 4084 ex
1439 4022 1648 4085 astronomicis
1662 4041 1775 4085 exer··

396 4100 487 4177 uitiis,
511 4101 561 4162 vel
579 4120 618 4163 ex
632 4106 883 4184 contemplatione
898 4107 1063 4171 divinorum
1078 4127 1210 4189 operum,
1226 4129 1321 4189 exque
1336 4111 1515 4173 Harmonice
1529 4110 1635 4173 Mundi
1650 4110 1753 4184 (fatali

395 4188 450 4250 illa
473 4190 684 4269 occupatione,
710 4192 741 4252 in
765 4194 932 4257 durissimis
956 4196 1055 4258 exacti
1078 4196 1191 4258 biennii
1214 4198 1426 4272 dissonantiis)
1454 4216 1621 4278 proponere
1644 4205 1753 4277 parata

396 4293 516 4355 semper
539 4278 607 4338 erit,
653 4281 699 4340 At
721 4280 792 4359 quia
813 4283 843 4343 in
866 4283 896 4343 id
921 4291 969 4345 est
991 4284 1112 4364 incepta
1135 4284 1210 4346 haec
1231 4287 1388 4365 occupatio
1408 4287 1619 4360 astronomica,
1633 4293 1753 4364 utper-

394 4362 527 4425 finiatur:
552 4363 631 4443 quid·
645 4366 737 4445 igitur
759 4369 815 4429 hoc
829 4371 973 4432 Austriae
997 4380 1081 4434 statu
1104 4372 1368 4435 calamitosissimo
1391 4374 1492 4453 potius
1512 4382 1595 4453 agat,
1616 4392 1705 4452 quam
1719 4381 1753 4436 ut

394 4448 558 4527 praesidia,
583 4450 689 4529 quibus
712 4455 780 4533 ipsa
802 4455 927 4537 indiget,
943 4458 982 4518 ad
997 4478 1090 4537 opera
1102 4459 1181 4521 inter
1195 4460 1328 4522 homines
1343 4462 1508 4541 vulganda,
1533 4462 1630 4540 adque
1644 4480 1752 4523 nomen

394 4535 557 4614 Rudolphi,
583 4539 708 4602 Tabulis
730 4544 886 4623 perpetuis
910 4546 1113 4618 asserendum,
1138 4548 1251 4627 pudore
1275 4550 1418 4622 cohibita,
1438 4568 1475 4611 ne
1500 4551 1538 4612 ab
1562 4549 1685 4610 afflictis
1703 4548 1753 4611 vel

396 4622 567 4726 lugentibus
590 4629 689 4688 omnia
710 4639 808 4707 petat,
831 4631 933 4710 potius
957 4633 1024 4695 inde
1047 4642 1197 4714 corrogat,
1223 4654 1363 4715 quorsum
1386 4638 1490 4699 clades
1503 4637 1591 4710 istae,
1612 4654 1752 4715 quorsum

396 4709 599 4791 pmdigrorum
623 4716 798 4779 coelestium
821 4720 1010 4798 expiationes
1033 4721 1280 4784 horribilissimae
1313 4743 1372 4786 non
1400 4724 1600 4803 pertigerunt,
1626 4724 1751 4804 denique

397 4798 438 4859 ad
460 4797 604 4879 pristinos
626 4809 781 4881 patronos,
806 4806 844 4867 ad
867 4812 946 4887 quo's
955 4805 1078 4870 dimidio
1091 4809 1159 4871 viae
1169 4811 1233 4902 jam
1248 4830 1326 4873 anuo
1342 4808 1429 4874 '1612
1447 4812 1751 4894 appropinquaverat,
