3786 5808
306 424 313 437 ι
403 400 442 467 ro
860 406 863 411 ·
991 356 1153 461 emm.

398 563 602 628 Stadleromm
624 573 851 647 praeceptorem
869 568 1163 638 commendaveram:
1183 568 1236 628 sed
1254 587 1320 630 cum
1336 569 1386 631 ille
1400 567 1651 648 imparatissimus
1663 576 1741 628 esset

400 657 437 715 ad
451 654 518 729 iter,
543 662 575 716 et
596 656 680 736 proin
704 656 795 716 etiam
819 658 1105 735 perturbatissimus,
1130 665 1247 719 mutato
1271 657 1395 720 consilio
1420 657 1530 719 tradidi
1546 657 1664 719 famulo.
1687 654 1742 717 Est

399 752 497 805 antem
527 743 577 805 ille
607 764 690 806 meus
719 745 838 827 collega
865 746 1030 808 eruditione
1059 766 1152 828 aeque
1182 754 1272 829 atque
1301 766 1414 809 morum
1440 746 1629 826 praestantia
1656 764 1741 826 snpra

397 842 562 894 ceterorum
585 834 736 917 hominurn
759 842 883 896 sortem.
930 835 1077 897 Memoria
1098 836 1280 915 prodigiosa,
1304 856 1396 898 aurea
1418 835 1520 909 dictio,
1545 835 1634 899 varia
1645 832 1739 897 scieu-

377 984 381 993 ,
397 921 449 996 tia,
469 921 612 1001 judicium
630 923 741 998 loeli13
757 924 819 985 sed
836 923 951 985 animus
965 926 1119 1005 perpetuis
1135 925 1212 987 curis
1229 943 1327 1003 aeger,
1350 925 1459 1000 tristis,
1475 924 1612 1005 simplex,
1626 923 1741 985 nimium

397 1019 527 1091 apertus.
575 1009 692 1082 Quibus
716 1006 753 1072 de
777 1012 876 1074 causis
900 1031 956 1092 ego
979 1032 1108 1087 moveor,
1134 1022 1168 1076 ut
1190 1014 1245 1076 tibi
1267 1013 1410 1093 privatim
1429 1013 1568 1089 scribam,
1588 1012 1666 1094 quod
1681 1012 1739 1075 lor·

397 1111 480 1161 tasse
497 1100 614 1179 publice
638 1101 774 1163 interest.
825 1103 935 1163 Vester
963 1102 1014 1167 ille
1041 1102 1186 1164 Hetlerns
1214 1102 1261 1164 hic
1289 1103 1318 1165 in
1347 1121 1463 1164 summo
1490 1102 1602 1165 honore
1625 1100 1741 1164 habitus

398 1196 461 1250 ost:
482 1196 571 1267 utque
589 1190 619 1250 id
643 1208 734 1271 opera
752 1190 941 1269 potissimum
956 1189 1099 1271 Speidelii
1122 1191 1301 1254 secretarii:
1325 1193 1409 1273 cujus
1431 1192 1486 1253 viri
1511 1191 1572 1264 (sui
1595 1190 1668 1253 olim
1687 1208 1740 1269 po·

395 1278 523 1357 pulcris)
551 1279 718 1341 authoritas
748 1279 792 1342 illi
824 1279 938 1341 aditum
964 1280 1111 1359 patefecit
1139 1281 1177 1345 ad
1201 1281 1380 1361 praecipuae
1404 1279 1573 1343 nobilitatis
1601 1279 1740 1343 homiues.

398 1367 600 1429 Veruntamen
622 1377 781 1448 postquam
805 1369 854 1430 ille
873 1368 950 1431 abiit
973 1369 1059 1442 hino,
1083 1370 1255 1449 paedagori
1275 1369 1395 1450 pristini
1419 1362 1529 1433 remoti
1549 1369 1741 1433 commisera-

396 1456 475 1517 tione
505 1456 616 1519 lactum
644 1466 704 1532 est,
739 1466 772 1519 ut
799 1458 873 1520 haec
901 1459 966 1538 ejus
994 1459 1165 1537 negociatio
1194 1459 1231 1520 ds
1260 1458 1416 1538 discipulis
1439 1458 1644 1521 adsciscendis
1666 1457 1740 1521 male

396 1545 496 1607 andire
520 1544 675 1625 inceperit.
720 1546 799 1609 Nam
814 1547 843 1608 in
857 1547 992 1621 Austris,
1017 1548 1122 1628 Styria
1137 1542 1342 1610 et'Cariothia
1364 1549 1497 1627 suscepit
1518 1547 1645 1628 aliquos.
1678 1548 1741 1618 Ita,-

395 1653 450 1713 que
474 1634 518 1695 ito
541 1635 731 1714 interpretari
755 1643 919 1714 coeperunt
936 1637 1174 1718 ⁴calumniatores
1198 1637 1335 1718 quidam:
1360 1637 1446 1717 quasi
1470 1636 1550 1717 ipae,
1573 1646 1608 1699 ut
1625 1637 1741 1716 proles-

394 1723 469 1785 soris
489 1723 575 1798 filins,
601 1724 640 1785 ad
663 1724 902 1805 amplificandam
921 1745 1006 1787 suam
1027 1725 1211 1788 academiam
1224 1726 1426 1801 descenderit,
1442 1726 1606 1793 ,auditores
1620 1723 1743 1806 conqui-⁴

393 1812 498 1885 sitnm,
532 1831 655 1894 qnorum
677 1814 780 1893 inopia
802 1814 891 1876 isthic
914 1815 1098 1894 premamini.
1145 1816 1211 1877 Huc
1243 1815 1373 1877 accessit
1401 1815 1497 1891 aliud,
1527 1816 1606 1895 quod
1629 1822 1740 1895 partem

394 1901 549 1974 nobilium,
582 1910 742 1981 perspecta
772 1903 960 1966 absurditate
983 1923 1096 1965 morum
1119 1904 1150 1965 in
1173 1904 1296 1967 obtruso
1318 1911 1514 1985 praeceptore
1538 1905 1625 1977 (nam
1646 1903 1740 1966 Bida·

394 1991 464 2053 lium
485 1990 627 2072 Hetlerus
652 1992 717 2071 ipse
741 1993 884 2073 suscepit,
904 2012 982 2057 novo
997 1993 1043 2055 hic
1059 1992 1221 2072 exemplo),
1245 1994 1399 2073 poenitere
1422 1992 1496 2057 facti
1519 1994 1643 2072 incepit.
1679 1992 1740 2055 Nec

393 2079 506 2152 dubito,
529 2078 586 2141 nisi
611 2080 723 2161 aliquid
745 2082 922 2143 authoritati
942 2081 1085 2161 Spsidelii
1110 2081 1254 2156 dedisset,
1279 2091 1488 2144 revocaturum
1510 2082 1615 2145 luisse·
1628 2099 1740 2144 omnem

393 2175 589 2231 contractum.
635 2168 722 2231 Nunc
745 2178 896 2249 parentes,
921 2171 971 2251 qui
994 2178 1086 2232 antea
1108 2170 1155 2232 usi
1170 2180 1257 2232 eraut
1280 2172 1397 2233 homine
1421 2168 1663 2249 elegantissimo,
1685 2189 1740 2233 no-

393 2256 469 2319 mine
501 2265 533 2319 et
560 2276 591 2319 re
624 2258 737 2320 urbano
770 2258 951 2336 (cujusmodi
978 2259 1099 2321 minime
1123 2268 1171 2321 est
1193 2259 1348 2329 Ridelius)
1379 2260 1409 2322 in
1438 2261 1569 2322 maxima
1597 2259 1647 2323 hic
1674 2266 1741 2323 suut

394 2345 610 2413 sollicitudine.
635 2347 704 2427 quid
729 2348 765 2409 de
789 2349 845 2409 hac
869 2346 983 2411 lubrica
1004 2348 1193 2411 institutione
1216 2350 1347 2412 iuturum
1364 2349 1414 2411 sit.
1461 2348 1599 2420 Quodsi
1625 2348 1741 2431 grarim

393 2434 494 2515 aliqua
517 2435 640 2517 querela
662 2443 715 2499 aut
737 2436 774 2498 de
797 2447 992 2517 praeceptore
1023 2437 1086 2518 (qni
1110 2436 1229 2500 minime
1258 2438 1329 2499 mihi
1357 2446 1447 2519 aptus
1469 2439 1587 2501 videtur
1619 2439 1658 2501 ad
1687 2438 1741 2500 hoe

393 2524 535 2599 officium)
559 2533 612 2586 aut
635 2525 672 2586 de
695 2524 824 2607 hospitis
841 2526 960 2588 Hetleri
982 2526 1148 2589 tenacitate
1168 2526 1261 2607 (quod
1284 2530 1399 2599 metuo)
1423 2527 1554 2590 existat:
1579 2536 1681 2590 actum
1696 2534 1741 2587 est
1766 2582 1772 2602 ,

392 2613 439 2675 hic
460 2612 500 2675 de
523 2613 605 2675 fama
626 2614 808 2676 academiae.
856 2612 987 2684 Quidam
1010 2615 1087 2677 enim
1110 2632 1265 2695 procerum
1283 2617 1351 2678 odio
1371 2613 1537 2679 Suevorum
1557 2617 1740 2697 quorundam

362 2778 366 2789 Ι
392 2702 429 2763 de
452 2700 519 2781 ipsa
541 2702 634 2764 suam
658 2704 814 2766 academia
837 2722 896 2766 non
918 2704 994 2767 bene
1018 2704 1161 2768 sentiunt.
1213 2701 1302 2777 Quod
1329 2704 1355 2766 si
1384 2714 1418 2767 tu
1447 2724 1623 2786 quacunque
1653 2705 1682 2768 in
1710 2724 1742 2769 re

391 2791 439 2853 vel
460 2800 685 2871 praeceptorem
711 2792 907 2867 admonendo,
931 2794 979 2856 vel
1003 2793 1091 2856 aliter
1113 2803 1269 2873 praestare
1292 2793 1362 2874 quid
1381 2802 1484 2883 pqtes:
1510 2794 1541 2856 id
1555 2812 1643 2857 omne
1657 2794 1742 2857 cedet

394 2880 423 2941 in
446 2880 587 2942 honorem
611 2881 792 2944 academiae.
838 2882 940 2944 Velim
959 2902 996 2945 ex
1011 2883 1148 2963 Zieglero
1168 2883 1270 2963 capiat
1292 2883 1391 2944 ideam
1409 2883 1616 2963 praeceptoris
1638 2884 1741 2965 hujus-

394 2968 483 3031 modi.
530 2969 628 3031 Venio
660 2970 751 3050 igitur
777 2971 816 3032 ad
838 2981 1031 3050 praesentem
1053 2972 1238 3037 studiosum:
1263 2973 1312 3052 qni
1335 2973 1382 3034 hic
1402 2972 1528 3034 honeste
1550 2972 1639 3048 visit,
1663 2980 1695 3035 et
1712 2972 1744 3037 iu.

395 3057 546 3121 exercitiis
570 3059 775 3134 scholasticis,
799 3062 977 3140 praesertim
1000 3061 1267 3124 declamationibus
1289 3061 1416 3142 poeticis
1440 3061 1554 3143 aliquot
1577 3062 1742 3140 speciosae

395 3147 498 3209 edidit.
545 3145 621 3210 Cum
643 3147 734 3229 igitur
757 3149 797 3210 ad
819 3168 874 3211 vos
898 3151 1033 3225 accedat,
1058 3159 1200 3230 capturus
1224 3150 1389 3213 uberiorem
1407 3149 1535 3231 aliquem
1549 3150 1662 3230 ingenii
1676 3150 1740 3212 cul·

394 3244 472 3311 tum3
503 3238 642 3305 existimo
669 3258 726 3299 non
753 3238 906 3317 indignum
934 3257 1020 3305 esse.
1055 3241 1103 3317 qui
1132 3247 1194 3299 tuo.
1214 3240 1314 3301 lavore
1339 3240 1367 3300 in
1390 3239 1629 3318 promotionibus
1652 3249 1740 3319 atque

395 3325 560 3405 ubicunque
574 3325 647 3387 alibi
660 3326 842 3388 sublevetur.
889 3326 950 3388 Sed
974 3327 1013 3388 ad
1036 3345 1109 3387 rem.
1157 3325 1303 3389 Secundis
1317 3327 1415 3389 literis
1429 3328 1560 3407 promisi,
1584 3346 1632 3389 me
1647 3328 1741 3408 prima

395 3413 552 3475 occasione
585 3414 742 3476 missurum
765 3414 947 3491 integrum
971 3414 1188 3494 opusculum
1228 3415 1481 3493 acquiescerem
1509 3417 1581 3480 illud
1606 3417 1740 3490 absolve

394 3502 510 3564 videbis
535 3504 613 3565 euim
634 3503 685 3577 pbi
707 3503 862 3565 haeream:
892 3512 923 3564 et
953 3503 1124 3582 insperatus
1150 3504 1245 3583 ipsius
1266 3504 1380 3567 Wurzii
1411 3506 1509 3569 abitas
1537 3514 1673 3585 tempore
1696 3524 1740 3568 me

394 3590 540 3666 excludit,
575 3592 745 3673 quominus,
776 3610 852 3671 quae
882 3593 1002 3672 scripsi,
1033 3593 1185 3672 descripta
1207 3595 1246 3654 ad
1269 3603 1299 3656 te
1324 3595 1444 3657 mittere
1463 3595 1584 3674 possim.
1633 3595 1740 3660 Some

394 3678 484 3759 igitur
506 3699 617 3752 eorum,
641 3699 717 3761 quae
740 3679 946 3760 ἀγεωμεερητα
968 3690 1048 3752 εεει,
1071 3681 1193 3743 brevem
1215 3700 1369 3745 summarm
1416 3684 1506 3747 Initio
1531 3685 1648 3767 aliquot
1671 3685 1738 3746 the·

393 3769 475 3830 sibus
499 3769 535 3831 de
560 3768 662 3832 Sacris
686 3769 781 3832 literis
804 3788 879 3849 ago:
904 3778 936 3832 et
959 3771 1140 3843 demonstro,
1164 3772 1310 3851 quomodo
1335 3773 1422 3834 simul
1441 3773 1546 3835 stillis
1561 3774 1737 3836 suaautho·

393 3857 469 3920 ritas
492 3867 619 3933 constet,
645 3866 798 3920 ettamen
823 3855 1014 3939 Cepernicns,
1040 3860 1066 3922 si
1091 3860 1180 3921 aliter
1202 3870 1404 3922 consentanea
1428 3863 1518 3936 dicat,
1544 3883 1582 3924 ex
1605 3863 1666 3926 illis
1690 3880 1737 3924 re-

393 3946 483 4009 futari
506 3967 563 4009 non
586 3947 694 4027 possit.
739 3947 856 4010 Deinde
881 3957 943 4011 tres
967 3950 1058 4011 affero
1083 3949 1226 4023 rationes,
1251 3949 1356 4030 qnibns
1376 3960 1473 4012 motus
1489 3970 1607 4033 semper
1621 3951 1737 4033 Goper-

392 4035 458 4098 nico
482 4037 677 4101 adhaeserim.
723 4037 825 4100 Prima
852 4046 901 4101 est
928 4037 1147 4103 astronomica:
1179 4038 1229 4101 ubi
1252 4038 1312 4100 illis
1336 4038 1520 4125 respondeo,
1554 4042 1602 4123 qui
1626 4041 1737 4115 dicunt,

392 4144 431 4187 ex
454 4126 531 4189 falso
554 4126 700 4190 interdum
724 4127 809 4207 sequi
832 4146 947 4191 verum:
972 4127 1064 4207 igitur
1085 4127 1149 4190 ficri
1173 4147 1272 4207 posse,
1297 4136 1331 4190 nt
1354 4127 1537 4208 Cuperuious
1561 4130 1670 4193 laisum
1682 4149 1737 4212 po·

392 4222 459 4290 nat,
488 4216 546 4277 etsi
571 4235 608 4278 ex
630 4215 682 4278 illo
704 4235 807 4278 verum
828 4217 1025 4296 pulcherrime
1049 4217 1246 4279 demonstret.
1293 4218 1358 4297 Ego
1383 4218 1505 4296 negavi,
1530 4219 1586 4281 hoo
1610 4219 1654 4282 ita
1677 4215 1739 4281 lieri

393 4322 492 4384 posse.
538 4305 646 4368 Altera
668 4313 716 4367 est
737 4303 870 4387 physica,
895 4305 944 4391 nbi
967 4306 1119 4385 promitto,
1143 4323 1189 4367 me
1212 4312 1309 4367 totam
1327 4307 1435 4368 molem
1450 4307 1660 4388 hypothesium
1675 4307 1736 4371 Oo-

391 4393 617 4473 peruicanarum
640 4412 678 4456 ex
700 4402 824 4457 naturae
848 4395 979 4457 fontibus
1003 4395 1090 4473 louge
1114 4395 1225 4457 rectius
1250 4404 1339 4475 atque
1364 4399 1564 4470 contrarium,
1593 4396 1738 4463 defensu-

392 4501 466 4547 rum.
512 4482 616 4564 Tertia
637 4491 686 4545 est
706 4491 777 4545 tnns
799 4484 849 4545 ille
873 4492 993 4545 cometa
1008 4484 1163 4546 Venerens
1177 4479 1212 4557 ³).
1258 4484 1315 4545 His
1338 4484 1512 4565 praemissis
1533 4486 1572 4547 ad
1587 4487 1736 4566 ipsocor-

392 4589 465 4651 pora
488 4572 607 4635 accedo.
655 4570 827 4654 Syllogismi
851 4572 1000 4653 generalis
1024 4572 1103 4634 idem
1133 4571 1251 4652 quidem
1278 4575 1439 4649 intentum,
1473 4576 1528 4637 red
1557 4576 1647 4655 panio
1676 4573 1738 4636 alia

396 4660 498 4736 rerba,
522 4680 611 4742 qnam
628 4661 693 4742 jam
717 4660 808 4741 leges.
855 4662 1009 4736 Videmus,
1033 4662 1129 4723 Deum
1153 4681 1273 4725 creasse
1296 4681 1421 4742 corpora
1444 4665 1592 4727 mundana
1614 4664 1653 4725 ad
1667 4682 1735 4727 cer-

276 4800 282 4809 ,
392 4759 455 4811 tnm
477 4768 639 4812 numemm.
684 4750 832 4813 Numerus
860 4758 959 4813 antem
989 4758 1037 4811 est
1064 4751 1244 4830 quantitatis
1266 4751 1422 4827 accidens,
1455 4772 1593 4816 numerus
1616 4753 1735 4833 inquam

393 4839 423 4901 in
445 4839 566 4901 mundo.
610 4838 691 4901 Nam
713 4846 784 4900 ante
806 4840 945 4903 mundum
969 4839 1066 4901 nullus
1089 4849 1155 4901 erat
1168 4859 1307 4903 numeros
1322 4850 1443 4920 praeter
1457 4841 1633 4916 trinitatem,
1659 4861 1734 4923 quae
1855 4840 1856 4881 l

393 4934 442 4991 est
462 4928 527 5011 ipse
550 4927 644 4991 Deus.
690 4925 791 5002 Quare
823 4927 850 4991 si
881 4929 920 4991 ad
948 4946 1134 4993 numerorum
1162 4947 1330 4994 mensuram
1357 4940 1406 4993 est
1432 4931 1570 4997 conditus
1600 4931 1735 5003 mundus,
1855 4946 1856 4949 ¹
