3872 5836
719 379 753 430 ⁴⁰
769 379 844 431 Μ
863 378 1027 447 W
1072 439 1074 442 ,
1487 378 1549 448 sot

195 554 267 596 nm
281 534 411 614 ιείςειιο.
456 533 549 607 Quod
562 536 626 599 fieri
648 538 733 601 nulla
745 538 863 600 ratione
876 540 999 618 poterit,
1024 540 1051 602 si
1063 538 1096 602 in
1109 540 1233 604 zodiaco
1253 542 1308 603 hos
1323 548 1466 621 aspectus
1481 560 1555 604 con-

193 623 325 697 cideres,
350 642 411 684 nen
432 625 463 685 iu
487 635 666 705 aequatura,
696 627 857 708 praecipue
881 627 907 689 si
930 628 974 690 Μ.
999 627 1035 692 C.
1059 631 1089 691 in
1113 630 1223 691 circulo
1251 630 1416 692 meridiano
1440 631 1554 693 musti-

193 712 296 774 tuas.“
343 712 489 775 Producit
509 733 585 776 sane
609 715 659 776 hic
682 716 779 778 locum
802 714 943 790 Stadios,
978 719 1027 797 qni
1050 719 1088 779 de
1111 738 1215 789 acacia
1241 738 1295 780 seu
1319 718 1455 781 domibus
1478 720 1552 798 agit,

195 802 253 863 aad
276 808 397 863 tantum
419 802 523 876 abest,
557 812 591 865 ut
618 804 791 867 institutum
819 804 971 881 obtineat,
1005 806 1214 870 Ptolemaeum
1242 807 1416 887 inaequales
1449 808 1554 869 domos

193 891 305 963 laone,
328 897 363 951 ct
385 907 442 968 ego
465 891 567 971 potius
590 892 659 954 hinc
681 894 803 955 inverso
827 903 1004 972 argumento
1029 895 1246 975 aequalitatem
1269 896 1433 970 obtineam,
1458 906 1489 958 et
1503 915 1556 957 sc-

193 979 269 1041 riern
293 987 538 1056 tegumentorum
562 999 654 1060 snpra
676 975 817 1061 coeptam
840 981 887 1043 hic
912 984 1094 1046 continuem.
1140 984 1219 1047 Illud
1242 985 1504 1065 praemittendum,
1530 985 1557 1045 si

192 1069 238 1129 lt
262 1066 310 1140 c.‚
335 1075 368 1129 ut
392 1067 446 1140 ait,
469 1068 500 1130 iu
523 1068 634 1131 circulo
655 1070 822 1132 meridiano
845 1072 1026 1146 constituae,
1049 1091 1108 1134 ucn
1132 1073 1304 1135 habituram
1327 1075 1424 1135 locum
1439 1092 1556 1153 aequa-

196 1157 318 1219 litatem
340 1155 488 1232 domums,
513 1166 548 1219 at
570 1158 597 1220 si
622 1158 804 1221 conharium
829 1160 893 1239 ejus
917 1160 1023 1234 facias,
1048 1162 1128 1240 quod
1143 1171 1249 1224 auctor
1263 1162 1457 1224 Ptolemaeus
1473 1162 1555 1235 fecit,

192 1246 298 1325 ntique
322 1252 419 1306 totam
442 1246 510 1325 ejus
532 1247 682 1310 rationem
705 1248 761 1310 tibi
782 1248 926 1328 perverti,
951 1250 1025 1311 nihil
1048 1249 1154 1311 mirum
1177 1258 1235 1312 est.
1282 1250 1476 1312 Ptolemaeus
1500 1251 1558 1311 hoc
1631 1247 1636 1251 ’

195 1335 263 1396 loeo
286 1333 331 1394 M.
358 1331 394 1395 Ο.
424 1352 484 1395 nou
515 1335 546 1396 in
568 1337 736 1398 meridiano
766 1337 942 1410 coustituit,
980 1339 1034 1399 sed
1062 1338 1092 1398 in
1119 1346 1231 1418 puncto
1258 1339 1375 1401 zodiaci
1408 1339 1558 1400 altissimo

196 1440 288 1502 super
311 1422 452 1495 Terram,
485 1424 623 1504 quodque
654 1427 828 1504 plerumque
860 1426 952 1488 altius
984 1435 1034 1489 cst
1060 1445 1097 1488 eo
1127 1428 1243 1490 zodiaci
1267 1436 1393 1507 puncto,
1422 1427 1554 1509 quadra

196 1511 365 1573 meddiano
388 1511 509 1586 haeret,
538 1513 652 1576 circulo,
673 1514 812 1575 rerhcali
836 1532 890 1592 per
911 1515 1013 1594 polum
1035 1515 1153 1578 zodiaci
1175 1517 1328 1578 traducto.
1375 1516 1476 1578 Probo
1499 1515 1556 1577 hoc

193 1619 234 1662 ex
261 1598 337 1680 ipsis
361 1599 476 1661 verbis.
523 1599 573 1663 Sit
604 1602 698 1682 igitur
721 1603 917 1682 aequalitatis
941 1604 1079 1667 domuum
1103 1613 1312 1684 argumentum
1345 1605 1556 1678 secuudum,

194 1689 274 1769 qnod
295 1688 490 1751 Ptolemaeus
512 1689 578 1763 hic,
605 1690 656 1753 ubi
685 1691 750 1771 agit
778 1690 815 1753 de
838 1692 992 1767 domibus,
1021 1712 1096 1755 voce
1129 1693 1427 1756 dodecatemorii
1455 1700 1558 1754 utatur

192 1796 248 1858 pcc
271 1796 346 1839 voce
370 1777 510 1840 domus.
557 1779 671 1842 Notum
696 1788 797 1841 autem
822 1789 883 1854 eat,
914 1800 973 1842 nou
998 1783 1096 1848 solere
1118 1791 1315 1862 aequaturum
1338 1781 1433 1844 dividi
1457 1781 1556 1855 aliter,

193 1867 251 1929 nisi
274 1866 304 1927 in
327 1874 465 1945 tempora
488 1862 567 1942 360,
600 1868 697 1930 solnm
719 1886 792 1930 vero
815 1868 973 1931 zodiacum
995 1869 1025 1933 in
1048 1870 1311 1946 dodecatemoria,
1336 1878 1368 1931 et
1391 1869 1558 1933 dodecate·

194 1955 322 2018 morinm
344 1954 374 2015 in
398 1976 507 2035 μοιρας
531 1952 584 2031 30,
608 1975 667 2018 uon
690 1978 825 2038 xpcsoca
851 1966 883 2021 et
906 1958 953 2021 hic
969 1977 1085 2040 quoquc
1108 1978 1168 2021 vox
1191 1981 1284 2039 μοιρα
1303 1958 1442 2021 occurrit.
1481 1956 1559 2021 Cum

196 2063 269 2124 ergo
291 2044 485 2106 Ptolemaeus
509 2066 721 2125 nanctumque
745 2046 794 2107 hic
818 2047 953 2126 appellet
976 2048 1267 2122 dodecatemcrium‚
1297 2048 1434 2128 appellat
1463 2046 1555 2127 igitur

194 2141 313 2214 partem
335 2132 452 2195 zodiaci
474 2155 698 2214 μεσουραεημα,
723 2141 756 2195 et
778 2134 819 2210 id,
844 2136 898 2206 ait,
922 2137 1059 2217 aspicere
1083 2139 1230 2218 quadrato
1255 2137 1385 2209 nnciam,
1410 2141 1560 2217 quaeest

194 2222 278 2284 circa
300 2222 508 2300 horoscopum.
545 2223 641 2303 Atqui
666 2225 766 2295 uncia,
789 2244 866 2305 quae
890 2226 971 2287 circa
993 2226 1190 2289 meridianum
1210 2234 1267 2300 est,
1294 2223 1466 2306 Spartibus
1486 2231 1557 2286 ante

196 2319 229 2374 et
250 2308 293 2373 25
317 2317 400 2391 poet,
434 2329 492 2372 uou
516 2313 689 2392 frequenter
717 2312 827 2392 aspicit
854 2314 1105 2394 horoscopantem
1128 2316 1288 2395 quadrato.
1334 2313 1417 2394 Ergo
1440 2312 1557 2375 zodiaci

196 2418 279 2480 pars,
305 2418 382 2481 quae
405 2397 453 2461 hic
466 2399 643 2462 Ptolemaeo
667 2401 778 2462 dicitur
791 2423 994 2481 preceperas,
1017 2404 1139 2483 saepius
1163 2405 1221 2466 erit
1245 2412 1334 2465 extra
1349 2401 1555 2464 meridianum.

195 2488 362 2551 Tertium
385 2498 612 2569 argumentum:
646 2490 783 2570 aspicere
807 2510 840 2550 ae
864 2492 1004 2554 dicuutur
1026 2494 1098 2555 illae
1122 2492 1224 2555 circuli
1247 2499 1369 2572 partes,
1399 2509 1476 2571 quae
1500 2490 1559 2551 ha-

83 2651 88 2655 ,
197 2579 272 2640 hant
294 2576 350 2638 sub
374 2596 407 2638 se
431 2585 588 2640 eumentes
611 2578 753 2659 planetas
776 2579 976 2658 aspicientes:
1011 2589 1153 2661 aspectus
1177 2582 1255 2643 enim
1278 2600 1338 2642 nou
1362 2588 1411 2641 est
1433 2587 1559 2659 propter

196 2668 294 2730 locum
314 2666 368 2727 sed
382 2674 507 2746 propter
521 2667 684 2746 planetam.
723 2668 770 2729 At
788 2667 818 2728 iu
838 2676 1002 2748 aequatore
1020 2670 1095 2733 nulli
1108 2669 1259 2748 planetae,
1283 2669 1314 2730 in
1329 2668 1452 2729 zodiaco
1467 2667 1558 2746 igitur

195 2755 397 2837 quaerendum
420 2756 477 2817 hoc
499 2777 722 2834 necccpoerqpc,
746 2756 895 2835 quadrato
919 2758 1070 2837 aspiciens
1093 2758 1300 2836 horoscopum,
1325 2763 1357 2816 et
1373 2756 1416 2816 sic
1435 2763 1469 2816 ut
1486 2756 1556 2834 plu-

194 2846 300 2907 rimum
330 2851 420 2905 extra
448 2843 653 2905 memdiannm.
702 2842 882 2913 Quartum
915 2845 1076 2907 coincidit:
1115 2844 1180 2925 agit
1207 2844 1249 2906 ibi
1277 2843 1334 2906 loci
1360 2843 1556 2905 Ptolemaeus

196 2935 234 2995 de
258 2932 332 2995 locis
355 2932 514 3011 apheticis.
561 2932 703 3012 Aphetae
727 2951 799 2994 vero
823 2950 882 2994 non
905 2939 976 2995 sunt
1006 2933 1036 2995 in
1061 2941 1239 3012 aequatura,
1269 2950 1341 3011 ergo
1367 2932 1396 2992 in
1419 2930 1557 2992 zodiaco.

195 3022 277 3094 Quid
300 3022 379 3084 euim
398 3022 489 3101 Juvat
511 3021 653 3100 aphetam
678 3028 708 3082 et
733 3020 934 3100 horoscopum
956 3022 986 3084 iu
1010 3021 1135 3084 zodiaco
1158 3021 1357 3094 constitutos,
1390 3019 1417 3079 si
1441 3038 1558 3100 aequa·
1612 3048 1622 3056 ·

195 3112 272 3175 wris
294 3110 394 3190 portic
418 3108 656 3188 correspondens
684 3109 933 3189 correspondenti
956 3110 1081 3173 orientis
1104 3110 1234 3190 portioni
1264 3107 1459 3189 aequaturiae
1483 3125 1558 3169 con-

195 3199 361 3281 figuratur?
406 3198 475 3262 Non
500 3217 575 3260 aene
598 3200 710 3278 magis,
745 3218 836 3278 quam
859 3199 886 3261 si
909 3199 1038 3280 alicujus
1062 3200 1244 3278 tropicarum
1268 3205 1322 3261 aut
1342 3196 1558 3275 parallelorum

196 3288 468 3370 correspondentes
490 3288 645 3367 portiones
670 3288 874 3368 configuratae
897 3288 1066 3351 exhiberes.
1114 3287 1270 3359 Quinto:
1304 3285 1397 3348 verba
1420 3286 1475 3348 illa
1494 3286 1561 3359 x(‚‚a

198 3379 326 3459 quinque
349 3376 488 3458 partibus
510 3378 876 3458 praeascendentibus“),
910 3397 986 3459 quae
1010 3379 1106 3459 rigide
1130 3376 1258 3441 Stadios
1282 3385 1315 3439 et
1338 3373 1498 3438 Cardenus·
1522 3371 1562 3433 ad

198 3474 392 3547 aequatcrem
414 3466 552 3541 omont,
587 3468 655 3530 sola
677 3487 737 3528 vox
759 3466 992 3546 drcqcpcpazca
1013 3468 1137 3530 zodiaco
1161 3467 1306 3529 vindicat.
1352 3463 1435 3527 Nam
1457 3470 1560 3525 astro-

198 3556 279 3619 nomi
303 3553 415 3617 Graeci
447 3555 485 3616 de
508 3555 625 3616 zodiaci
647 3555 785 3635 partibus
817 3565 965 3635 usurpant
994 3556 1202 3619 ascensionem
1236 3555 1360 3634 ejusque
1392 3569 1563 3617 mensuram

196 3644 228 3708 in
252 3650 415 3723 aequatore
439 3642 645 3717 constituunt,
670 3643 702 3705 id
724 3642 818 3704 multo
841 3645 953 3723 magis,
979 3645 1020 3718 si,
1045 3652 1079 3705 nt
1100 3644 1160 3716 hic,
1180 3644 1349 3722 jungantur
1372 3663 1463 3719 μοιρα
1486 3638 1561 3702 cisa·

199 3751 366 3812 φερομεεη;
390 3738 462 3791 tunc
485 3729 569 3790 nulla
591 3730 710 3792 ratione
733 3737 869 3808 tempora
893 3731 1213 3810 aequatoriapossuut
1235 3728 1374 3805 intelligi.
1421 3727 1556 3790 Sexto:

199 3818 427 3882 distinctissime
460 3816 594 3896 loquitur
624 3819 662 3879 de
697 3814 971 3896 antispastus
995 3819 1160 3897 (μοιραες),
1196 3815 1390 3895 configeretis
1414 3814 1561 3894 quadrato

201 3911 291 3988 (puta
313 3904 417 3966 itidem
441 3901 484 3968 ³0
506 3908 655 3984 papam),
687 3925 764 3987 qaae
788 3914 859 3968 suut
882 3906 963 3968 illius
987 3908 1106 3980 domus,
1142 3924 1219 3985 quae
1243 3904 1377 3965 Medium
1402 3901 1489 3966 Coeli
1512 3902 1562 3963 di-

103 4059 110 4069 ·
201 3995 288 4058 citur.
334 3992 406 4054 Jam
423 4011 494 4055 vero
517 3994 656 4073 partibus
680 3993 799 4058 zodiaci
822 3995 987 4058 orientibus
1010 4002 1150 4073 tempora
1172 3992 1346 4075 sequuturis
1365 3990 1564 4054 culminautia

201 4102 259 4145 non
283 4083 449 4162 figuranter
471 4082 639 4162 quadratis.
687 4082 767 4147 Sunt
789 4084 881 4164 igitur
911 4084 1004 4146 etiam
1033 4085 1114 4146 circa
1145 4105 1182 4145 cc
1208 4102 1423 4160 peccocmqpc
1446 4080 1563 4142 intelli·

200 4172 319 4253 gendoe
343 4180 448 4251 parles
471 4170 605 4246 zodiaci,
637 4179 669 4234 et
692 4173 738 4235 sio
761 4181 850 4234 extra
872 4173 1081 4236 meridianum.
1129 4172 1322 4252 Septimo:
1356 4177 1563 4232 cumlcertnm

152 4328 158 4332 ,
201 4262 251 4337 sit,
278 4261 346 4323 loca
368 4259 510 4340 aphetica
533 4278 601 4321 esse
625 4260 654 4322 in
678 4262 820 4335 zodiaco,
851 4262 921 4324 vide
944 4281 1022 4324 nunc
1045 4262 1107 4324 ista
1129 4263 1239 4324 verba:
1277 4259 1393 4330 ὄντας
1414 4256 1564 4321 enerach-

198 4373 265 4414 scca
286 4373 339 4412 acc
362 4370 627 4429 uaoocpazqreceoc
648 4370 762 4422 sozom.
810 4351 885 4413 Tale
909 4360 958 4414 est
979 4351 1112 4414 medium
1134 4351 1220 4425 coeli,
1245 4367 1341 4429 aquo
1356 4348 1472 4410 zodiaci
1488 4365 1561 4427 pcr-

199 4441 299 4504 tioues
320 4439 459 4520 utrinque
483 4436 646 4512 declinant,
672 4446 706 4501 at
721 4459 748 4500 a
770 4447 883 4519 puncto
906 4441 1032 4515 zodiaci,
1058 4441 1137 4520 qnod
1161 4441 1190 4501 in
1214 4437 1383 4501 meridiano
1408 4436 1561 4509 culminat,

199 4549 258 4591 aon
281 4548 355 4609 pure
386 4528 521 4591 declinat
549 4527 697 4590 alteruter
724 4547 866 4604 arcuum,
902 4530 955 4603 sed
990 4548 1028 4590 er
1051 4537 1138 4609 parte
1166 4546 1279 4606 magna
1302 4526 1395 4587 etiam
1419 4523 1561 4597 acclinat

199 4626 343 4699 qnantum
366 4636 410 4679 sc.
445 4625 494 4679 est
524 4636 544 4678 a
575 4623 687 4696 puncto
718 4617 829 4695 gradus
859 4617 1049 4699 nonagesimi
1078 4617 1115 4680 ad
1139 4615 1347 4679 meridianum.
1396 4613 1562 4676 Octavo:

199 4706 321 4787 trigoni,
344 4705 495 4785 hexagoni
519 4712 552 4767 et
573 4706 726 4785 tetragoni
758 4705 807 4767 hic
829 4724 888 4768 nou
912 4714 1042 4787 possunt
1063 4705 1193 4786 intelligi
1216 4705 1254 4767 de
1277 4709 1458 4784 aequatura,
1493 4700 1565 4779 qnia

200 4814 301 4857 eornm
328 4796 382 4858 alii
411 4794 552 4857 dicuutur
579 4812 648 4856 esse
672 4795 847 4875 longarum,
881 4796 934 4858 alii
958 4795 1093 4857 brevium
1124 4794 1344 4856 ascensionum.
1391 4791 1437 4854 At
1459 4806 1563 4849 omnes

200 4884 374 4966 aequatcris
395 4882 507 4966 trigoni
530 4890 602 4966 suut
624 4886 796 4968 aequalium
819 4885 1040 4948 ascensionum.
1086 4884 1209 4951 Nouoi
1235 4882 1310 4944 alibi
1328 4877 1483 4943 consentit
1505 4873 1564 4936 sibi
