3814 5818
738 358 822 411 seu·
840 359 955 411 sum.
1460 352 1526 425 ιιι

165 519 426 594 legecoperm
450 520 610 584 etritlehls,
633 528 766 592 quntum
785 521 862 579 enuit
876 519 1055 599 Ceperuious
1065 519 1102 574 ab
1118 518 1180 574 Ursi
1198 519 1348 577 manua
1390 522 1472 576 Alter
1493 522 1526 577 tls

164 602 259 672 osepis
273 600 405 671 loquitur,
420 601 494 655 alter
508 604 541 654 ds
557 600 628 655 eliis.

243 681 305 735 Lib.
324 682 358 734 V.
379 696 442 750 sap
467 680 515 736 35.
566 680 733 750 Copernious
755 698 789 733 eo
812 681 873 734 loeo
896 634 1019 732 meminit
1037 678 1179 747 Apollonii
1204 686 1234 731 et
1255 681 1351 733 eadem
1374 680 1407 730 de
1431 680 1527 732 eodem
1634 682 1643 691 “

163 762 243 822 dixit.
259 777 330 831 quae
344 761 521 815 Ptolemaeus
534 760 595 815 Lib.
610 761 673 816 Xll.
687 776 749 830 oap.
769 760 799 823 1,
822 761 855 813 de
869 776 923 830 quo
938 758 999 812 looo
1013 758 1053 813 sio
1070 758 1136 815 mihi
1155 758 1280 812 videtur:
1310 757 1441 813 monitum
1463 774 1526 813 esse

163 843 263 899 Ursum
285 842 436 911 aquodam
458 840 678 911 intelligentiae,
699 857 781 912 quam
800 846 845 895 est
868 840 927 907 ipse
943 838 1037 901 Ursus,
1061 846 1176 893 exstare
1199 837 1303 908 aliquid
1319 837 1527 907 Tyehouiauum

163 923 192 977 iu
205 921 367 977 Ptolemaeo
381 921 434 974 suh
447 920 556 975 nomine
569 922 720 989 Apollonii
744 936 750 948 ’
763 921 861 974 Ursum
874 934 948 978 vero,
973 917 1053 973 nimis
1066 918 1094 972 iu
1108 918 1152 971 his
1167 918 1250 970 rebus
1272 917 1390 979 fenilem,
1414 924 1526 972 eonten-

163 1009 222 1057 turn
235 1000 278 1064 iis.
302 1016 375 1071 quae
388 1018 429 1056 ex
435 1002 531 1055 eodem
545 1001 705 1057 Ptolemaeo
719 1000 887 1068 Gopernieus
901 998 997 1059 habet,
1021 994 1054 1050 eo
1068 1000 1141 1067 quod
1161 997 1214 1066 ipsi
1237 997 1357 1051 merisne
1373 998 1407 1049 ml
1422 996 1525 1051 calum·

162 1081 237 1137 uisu
252 1082 401 1135 texentem
424 1088 608 1150 opportunum
622 1089 684 1134 erut
706 1079 868 1149 praeterito.
891 1076 956 1146 quis
971 1077 1162 1131 Ptolemaeum
1178 1075 1254 1129 adire
1270 1093 1325 1129 nou
1338 1076 1451 1130 vaoeru't
1464 1074 1525 1144 ipsi,

163 1160 313 1227 arripuisse
328 1160 362 1222 id.
386 1162 458 1230 quocl
471 1162 555 1229 plane
569 1161 693 1215 alienum
706 1167 750 1214 est
764 1160 801 1213 ah
815 1160 868 1212 hoe
881 1158 951 1210 loeo.
997 1158 1077 1211 Duae
1091 1165 1156 1212 suut
1174 1156 1278 1209 formae
1295 1156 1425 1209 lemmatii
1439 1156 1525 1224 Apol·

162 1240 278 1301 Iuniani,
300 1240 427 1302 alterum,
452 1242 485 1293 de
508 1258 560 1310 quo
576 1241 741 1310 Copemious
756 1246 786 1293 et
798 1257 836 1292 ex
849 1255 884 1290 eo
899 1236 985 1289 Ursus
1008 1236 1170 1306 loquuntur.
1196 1235 1283 1289 nihilo
1297 1236 1387 1306 magis
1410 1236 1478 1288 fucit
1491 1235 1526 1288 od

161 1328 282 1375 nentem
296 1319 358 1373 Ursi
380 1326 432 1373 aut
444 1320 614 1389 hypothesin
629 1320 776 1390 Tyohunia
802 1333 884 1388 quam
906 1331 992 1385 supra
1010 1315 1070 1384 ipse
1086 1314 1266 1385 Copernieus.
1307 1312 1410 1370 Sensus
1433 1315 1461 1367 iu
1476 1315 1528 1367 hoo

163 1400 303 1455 schemate
339 1399 512 1468 exprimitur.
549 1404 575 1453 A
604 1401 691 1457 Terre
726 1400 774 1452 im·

163 1478 284 1542 mobilis,
325 1479 377 1532 BD
412 1480 599 1533 ooneeutrieun
632 1481 773 1549 planetae,

162 1559 209 1630 qui
224 1559 250 1611 iu
264 1561 280 1617 t
295 1557 333 1612 30
354 1558 433 1611 anuis
452 1559 609 1613 restituitur
622 1558 670 1612 tc.
703 1559 774 1612 Nem

159 1638 325 1707 Apollonius
344 1638 463 1706 putavit,
484 1640 589 1693 nullam
611 1640 695 1693 uliam
709 1640 774 1692 sub·

159 1734 222 1771 esse
255 1717 484 1787 inaequalitatem
520 1719 655 1788 planetis,
693 1735 775 1788 quam

159 1798 245 1859 illam,
270 1814 340 1866 quae
363 1814 392 1850 se
414 1800 449 1851 ad
471 1798 563 1853 Solem
587 1800 774 1853 eoeommodat

160 1883 190 1931 et
206 1877 463 1947 retrogradationes
478 1879 572 1943 efficit,
593 1880 709 1948 ideoque
723 1880 774 1932 BD

158 1964 314 2011 eooentrurn
344 1957 436 2011 faeere
461 1960 598 2030 neglexit.
642 1960 690 2013 FG
718 1957 775 2027 epi-

159 2037 253 2107 cyclus
289 2038 377 2091 hahet
416 2046 517 2093 motum
545 2039 774 2095 commutationis.

159 2120 368 2175 Demonstravit
382 2121 443 2191 jam
455 2125 629 2193 Apollonius,
654 2124 677 2177 ei
691 2126 773 2178 duon-

159 2207 205 2255 tur
226 2217 264 2254 ex
282 2202 385 2255 Terrae
404 2212 499 2258 oeutro
513 2209 538 2258 Δ
559 2206 634 2259 linea
647 2205 708 2266 AG,
731 2222 774 2257 se·

159 2294 226 2333 otuu
240 2281 397 2351 epiryolurn
414 2283 444 2337 iu
457 2285 492 2346 Η,
513 2285 546 2347 G,
571 2286 611 2338 sio
627 2291 659 2339 ut
672 2285 723 2338 EG
737 2284 776 2338 sit

161 2360 197 2413 ad
210 2360 265 2413 ΑΗ
283 2364 319 2414 ut
331 2370 422 2416 motus
437 2364 483 2417 GE
497 2364 661 2418 oenoeutriei
678 2366 713 2417 ud
726 2363 776 2417 FG

160 2438 326 2509 epinyelum,
349 2448 414 2496 tune
437 2444 465 2496 in
482 2444 641 2514 ponetile
666 2445 691 2498 G
714 2445 775 2513 pla·
873 2448 881 2461 ¹

161 2526 255 2573 netem
281 2521 449 2578 existentem
475 2524 669 2578 stationarium
707 2524 775 2577 heri.

160 2601 240 2653 Haeo
257 2601 349 2669 prima
363 2602 451 2657 forma
471 2604 615 2666 lemmatii,
631 2604 709 2675 eujus
725 2604 776 2658 Co·

82 2713 109 2737 ,ι
158 2679 300 2749 persicus.
324 2682 500 2737 Ptolemaeus
524 2690 554 2738 et
575 2685 662 2738 Ursus
685 2684 777 2739 memi-

159 2776 234 2822 nere,
256 2761 341 2829 plane
360 2762 430 2816 nihil
448 2781 588 2818 commuue
609 2765 697 2819 hehet
716 2783 776 2820 oum

159 2840 309 2910 hypothesi
330 2842 467 2912 Tyehonis
486 2851 517 2897 et
535 2845 643 2914 quidem
660 2861 775 2897 versans

159 2920 186 2973 iu
206 2919 329 2973 terminis
352 2922 436 2991 louge
451 2923 522 2976 aliis.
559 2925 660 2977 Altera
677 2924 773 2986 forms,

160 3014 243 3070 quam
257 2999 341 3053 Ursus
363 3001 386 3054 si
409 3002 532 3064 vidisset.
554 3004 660 3057 eoelum
680 3009 774 3057 terrae

160 3077 374 3134 oomruisenisset
387 3098 455 3149 prae
469 3083 565 3136 insano
576 3083 687 3152 gaudio,
702 3084 774 3136 haee

159 3166 217 3211 est:
232 3162 258 3211 Δ
274 3157 332 3230 (hg.
350 3157 396 3223 10)
412 3168 534 3215 nentrum
549 3163 661 3225 Terrae,
681 3163 772 3216 mundi

159 3246 190 3290 et
204 3237 309 3292 orbium
322 3240 547 3309 planetariorum,
569 3242 592 3295 Β
607 3242 655 3295 Sol
674 3244 701 3297 iu
720 3260 769 3297 suo

160 3319 236 3379 orbe,
261 3318 308 3372 CD
322 3321 510 3374 eontentrious
520 3323 663 3392 *planetae
678 3322 770 3391 eujus·

160 3414 272 3467 cunque.
290 3399 348 3453 uuis
371 3402 469 3455 eumB
491 3404 557 3456 orbe
578 3402 669 3458 Soluri
690 3410 720 3457 et
743 3403 771 3457 in

159 3479 275 3532 eandem
284 3488 391 3548 partem
399 3481 567 3536 circumiens.
591 3484 642 3536 ED
653 3500 770 3554 magnus

159 3557 293 3627 planetae
303 3559 452 3630 epinyclus,
460 3562 658 3617 sieutTerram
666 3562 772 3616 ambiat

160 3639 221 3709 ejus
244 3646 369 3694 neutrum
384 3641 417 3703 ὓς
441 3650 532 3697 ιιιοιιιι
554 3642 672 3713 epicyoli
696 3642 770 3696 illius

121 3787 125 3793 ¹
160 3726 258 3775 eontra
279 3720 421 3789 signorum
443 3723 541 3777 seriem
560 3728 636 3776 motu
654 3738 771 3776 eommu-

161 3805 285 3861 tationis.
314 3804 377 3866 Qua
389 3804 418 3857 in
430 3804 601 3859 assumtione
606 3801 771 3871 Apollonius

160 3885 261 3939 iterum
283 3886 395 3955 quaerit
422 3885 522 3938 lineam
544 3882 771 3937 determinantem

161 3966 305 4027 stationes,
320 3972 353 4018 ιιι
375 3970 449 4019 ante.
478 3965 556 4017 Haeo
569 3963 657 4016 forma
674 3963 714 4015 sic
728 3968 773 4016 ert

161 4052 331 4114 comparata,
360 4053 392 4100 ut
410 4044 570 4117 ingeniosus
594 4042 693 4113 aliquis
716 4044 770 4113 ry-

160 4126 325 4181 ohoniauam
338 4126 507 4197 hypothesin
529 4143 566 4177 ex
587 4140 622 4176 en
636 4126 770 4178 deducere

160 4206 258 4276 possit,
281 4208 330 4259 sed
344 4223 398 4259 uon
412 4205 482 4260 eitra
495 4222 624 4275 magnum
638 4205 770 4265 laborem.

160 4284 313 4356 etquidem
326 4285 454 4341 infinities
468 4284 615 4347 diffieiliua
639 4300 720 4355 quam
734 4302 771 4336 ex

160 4366 352 4435 Goperuieaua
364 4365 482 4419 ratium.
508 4366 579 4419 Nam
592 4365 679 4433 primo
693 4365 773 4418 nulle

159 4445 288 4514 suspitio.
303 4445 408 4498 nullum
417 4445 565 4514 vestigium
573 4443 770 4514 lyohouisnae

158 4525 284 4579 inillam
296 4530 394 4593 aperto
404 4532 434 4577 et
443 4525 594 4593 propatulo
604 4530 656 4580 est
672 4538 731 4575 oure
742 4539 841 4592 seopus
852 4525 973 4579 auctoris
984 4534 1113 4579 versetur
1122 4526 1150 4579 in
1160 4527 1396 4580 demonstratione
1405 4538 1479 4595 pune
1488 4534 1530 4580 to·

159 4604 471 4664 rnmstationuriorum
488 4602 596 4678 minime
611 4604 638 4656 iu
653 4602 867 4657 conformatione
882 4605 1004 4674 partium
1017 4604 1147 4660 universi.
1189 4606 1314 4660 Secundo
1339 4623 1392 4659 ιιοιι
1410 4606 1524 4674 ponitur

159 4690 284 4737 nentrum
295 4683 489 4752 planetarum
482 4700 508 4736 ιιι
520 4683 592 4745 Sole,
610 4681 674 4736 sed
667 4699 694 4734 ιιι
706 4681 800 4735 Terra.
829 4684 923 4738 Tertio
934 4703 987 4738 non
999 4688 1043 4738 est
1051 4686 1084 4737 de
1097 4685 1221 4739 omnihus
1232 4684 1355 4757 planetis
1366 4684 1445 4738 simul
1458 4703 1520 4737 oon·

159 4763 298 4825 sideratis,
315 4764 362 4817 sed
377 4765 410 4816 de
425 4762 544 4833 singulis
559 4762 681 4816 seorsim.
718 4761 822 4822 Quarto
838 4763 956 4833 quilibet
969 4764 1084 4833 planeta
1098 4766 1186 4820 habet
1199 4782 1278 4820 suum
1295 4766 1388 4817 orbem
1402 4781 1529 4833 geoeen·

158 4844 269 4899 uicum
300 4842 410 4906 Quinto.
427 4858 506 4912 quem
516 4843 611 4913 Tyoho
625 4842 719 4894 orbem
734 4840 865 4911 planetae
876 4843 973 4905 (ιιοιι,
966 4862 988 4896 rs
1003 4843 1030 4897 in
1041 4843 1188 4913 Apollonio
1204 4842 1341 4912 (etiamsi
1333 4841 1529 4897 intercesserit
