3788 5828
753 392 918 442 m·
1450 388 1518 455 223

155 557 251 640 piant.
297 549 413 614 Cetera
434 567 513 632 qnae
539 549 674 630 allegas,
702 549 783 611 levia
810 557 897 611 sunt:
932 555 1160 629 praeceptorem
1184 549 1265 624 diri,
1290 548 1360 630 quia
1387 568 1424 611 ex
1452 551 1520 629 ejus
1618 573 1626 583 ·

157 646 232 709 libro
264 641 367 722 aliqua
397 640 558 702 hauseram
589 637 693 700 utilia:
727 637 946 700 nobilissimum
976 656 1064 713 vero,
1107 637 1178 719 quia
1205 638 1253 701 his
1290 638 1320 699 in
1356 639 1519 718 provinciis

157 733 389 799 Aueniacorum
412 727 567 791 nobilitati
590 727 681 789 datur
703 727 831 791 eruditio
859 735 891 789 et
912 746 1019 789 munus
1043 726 1180 790 aulicum.
1226 725 1420 809 Hypotheses
1447 746 1518 790 vero

155 824 220 904 ejus
243 820 312 893 ieci,
336 819 367 880 in
390 817 498 898 quibus
520 816 636 897 aliquid
658 816 797 879 mutauit
844 817 926 880 Nam
948 817 976 878 si
1001 816 1078 877 bene
1096 815 1229 889 memini,
1252 817 1377 878 Terram
1399 816 1518 896 etipse

154 911 264 984 scivit,
295 917 327 970 et
348 906 379 968 in
402 905 514 968 Martis
538 905 649 967 circulo
673 905 840 985 discrepat,
876 905 955 978 sive,
979 911 1014 965 ιιι
1037 904 1125 977 dieis,
1156 912 1248 967 errat.
1295 903 1375 967 Nam
1398 906 1457 966 etsi
1480 924 1518 966 ex

154 998 320 1063 Maestlino
344 995 381 1057 de
405 996 463 1057 hae
485 1001 517 1056 te
540 995 619 1056 iuter
642 1002 674 1055 et
696 994 808 1058 Ursum
834 993 1040 1057 controversia
1067 993 1138 1056 clim
1161 993 1383 1069 inandiveram,
1416 1003 1518 1057 tamen

155 1109 222 1152 curn
254 1095 288 1148 et
314 1083 458 1164 Magiuus
485 1083 515 1145 in
538 1082 632 1146 Italia
654 1090 686 1144 et
715 1082 878 1145 Roesiinus
910 1082 940 1144 in
973 1082 1099 1145 Alsatia
1130 1081 1242 1162 singuli
1273 1100 1328 1162 pro
1359 1101 1392 1143 se
1420 1082 1518 1144 simile

154 1177 307 1261 quippiam
331 1192 371 1235 ex
392 1171 611 1255 hypothesibus
634 1169 795 1251 Oopernici
817 1171 1017 1245 derivasaent,
1042 1170 1257 1232 existimabam
1280 1170 1361 1245 idem
1384 1179 1416 1232 et
1439 1171 1518 1233 Urso

155 1265 328 1347 excogitato
341 1262 475 1340 procliue
491 1259 595 1323 luisse.
611 1255 638 1334 ’)
683 1261 819 1340 Denique
834 1260 913 1341 quod
927 1260 994 1322 linis
1008 1259 1157 1339 principio
1182 1259 1348 1340 respondet
1370 1259 1444 1321 nihil
1459 1260 1518 1321 mi·

155 1374 229 1431 rum,
254 1372 308 1416 uec
322 1350 387 1412 ulla
400 1350 431 1413 in
444 1358 517 1410 voto
531 1348 721 1429 improbitas,
744 1356 779 1410 ut
791 1349 916 1422 „valeat
939 1348 1089 1411 sideribus
1105 1356 1136 1409 et
1154 1347 1334 1411 scientiae‘h
1380 1349 1416 1410 Id
1432 1348 1517 1429 equi·

153 1445 222 1507 dem
244 1441 383 1515 ιιιιιιιι,
406 1438 579 1501 maledictis
602 1437 723 1511 omissis
746 1445 778 1499 et
804 1457 886 1500 vaus
908 1436 1125 1523 ostentatione.
1171 1436 1295 1511 „Decus
1318 1443 1421 1498 autern
1436 1434 1518 1499 Ger·

156 1531 297 1597 nuiw‘
320 1526 395 1590 mihi
420 1527 549 1608 quilibet
571 1534 634 1601 est,
665 1526 713 1588 cni
736 1534 855 1589 tantum
877 1526 990 1602 tribuo,
1015 1535 1158 1606 qnantum
1172 1525 1217 1589 illi
1239 1525 1421 1599 tribuebam,
1450 1526 1522 1606 quia

154 1641 261 1704 nempe
293 1617 522 1679 mathemata
551 1633 674 1677 verum
707 1614 817 1676 decus
850 1623 936 1676 sunt
964 1615 1072 1677 unius
1101 1613 1332 1677 Germaniae.
1362 1644 1402 1656 —
1433 1615 1519 1675 Haec

155 1713 229 1775 adeo
243 1707 370 1791 prolixe,
395 1724 461 1766 oum
474 1713 510 1766 ut
523 1705 770 1767 doloremmeum
793 1711 926 1766 testarer
944 1704 1029 1783 justa
1049 1703 1179 1785 querela,
1204 1711 1266 1764 tum
1289 1704 1324 1765 ut
1346 1709 1516 1783 appareret,

154 1798 297 1863 arbitrari
317 1813 366 1857 me
390 1812 449 1855 non
471 1796 591 1856 omniuo
615 1791 689 1854 nihil
711 1793 752 1855 sd
774 1812 874 1855 meam
896 1792 1155 1856 existimationem
1184 1792 1351 1872 pertinere,
1382 1792 1462 1872 quod
1485 1799 1518 1852 tu

78 1932 83 1937 -
354 1903 365 1944 1

152 1891 192 1952 ὼ
212 1892 491 2044 ωἰάωέἔιὲωιιιιι,
515 1976 796 2041 coadunationem,
816 1976 849 2026 ad
867 1974 1030 2027 Maesthnnm
1047 1975 1168 2040 loquens,
1198 1967 1315 2042 addidi,
1340 1984 1397 2028 non
1420 1966 1517 2028 videri

154 2070 276 2149 dignum
298 2060 450 2145 tychonis
472 2057 697 2137 magnitudine,
730 2064 850 2118 uttam
874 2057 1073 2118 vehementer
1096 2056 1134 2117 ob
1162 2055 1240 2117 hanc
1268 2055 1517 2118 obtrectationem

151 2160 387 2220 semoveatur.
432 2148 572 2209 Patietur
594 2146 696 2226 potius
719 2165 813 2225 opera
835 2164 889 2226 pro
914 2154 1043 2226 utroque
1068 2144 1159 2224 loqui,
1183 2163 1319 2219 securus,
1344 2144 1414 2226 quid
1437 2144 1518 2206 docti

153 2244 271 2309 ιιιιιιιιι
294 2242 366 2304 sint.

223 2416 326 2483 Tycha
343 2414 383 2465 his
400 2411 503 2476 Kepleri
519 2410 596 2460 literis
612 2409 740 2473 respondit
758 2405 794 2470 (d.
815 2405 839 2457 9.
859 2409 922 2459 [ιιι.
942 2406 1024 2471 tuot)
1048 2408 1174 2473 pluribus,
1196 2423 1298 2473 quorum
1323 2422 1368 2466 ea,
1395 2422 1460 2473 quae
1483 2407 1516 2459 ad

151 2488 312 2547 Pretium
329 2486 468 2551 pertinent·
488 2494 562 2546 murt
586 2481 738 2530 exhibuimus
761 2477 832 2546 {pag}
851 2477 885 2527 id
903 2477 961 2546 sq).
999 2479 1071 2540 Quas
1088 2480 1138 2530 hnc
1155 2482 1296 2545 pertinent,
1325 2479 1419 2530 haecce
1443 2487 1517 2530 sunt:

139 2615 145 2622 ,
222 2558 430 2625 &optatissimus
442 2561 469 2602 et
481 2553 657 2603 eruditissimas
674 2558 731 2601 tuas
748 2551 842 2609 ιιιιιιι,
855 2551 900 2601 Vir
912 2551 1070 2607 Doctissime,
1090 2556 1116 2600 et
1128 2552 1159 2601 ob
1173 2552 1273 2601 eximias
1285 2552 1379 2617 ingenii
1392 2552 1428 2600 tui
1447 2552 1517 2602 dotes

153 2634 224 2697 [hcet
238 2632 269 2682 de
281 2631 347 2681 facie
358 2628 420 2677 mihi
428 2624 535 2674 necdum
550 2619 660 2689 cognite)
672 2622 802 2687 plurimum
814 2630 899 2672 nmen
913 2623 1015 2681 dilecte,
1035 2622 1121 2685 accepi
1137 2622 1304 2685 praecedente
1317 2628 1414 2672 aestate
1426 2622 1516 2673 witte-

151 2709 253 2771 ιιιςιι,
271 2700 346 2767 panio
365 2704 500 2761 antequam
517 2695 575 2745 inde
594 2694 755 2751 ιιιιιιιιιιιιιι,
775 2708 830 2742 cnm
849 2695 874 2742 in
893 2695 1021 2757 procinctu
1042 2708 1121 2742 essem
1140 2693 1235 2742 itineris
1246 2692 1382 2742 bohemici.
1410 2692 1517 2759 ideoque

79 2788 84 2797 ’
151 2786 203 2828 tum
224 2777 256 2825 ιιι
273 2769 438 2836 respondendi
456 2767 525 2816 nulla
543 2766 651 2816 dabatur
673 2766 857 2828 opportunitas,
885 2766 923 2812 nti
945 2778 1025 2827 neque
1048 2770 1135 2827 postea
1157 2777 1235 2827 usque
1259 2765 1285 2812 in
1306 2763 1354 2813 hoc
1372 2770 1468 2827 tempus
1486 2764 1518 2813 ob

150 2864 233 2900 rerum
250 2858 363 2896 mearum
380 2838 586 2895 vicissitudinem,
613 2842 639 2886 et
662 2849 752 2883 norum
774 2835 909 2885 earundem
933 2836 959 2883 in
981 2834 1042 2883 locis
1064 2834 1199 2898 peregrinis
1224 2840 1381 2897 apparatum.
1419 2833 1517 2884 Nactus

155 2928 240 2970 autem
257 2920 313 2981 jam
331 2909 511 2978 aliquantulum
530 2908 582 2965 otii,
601 2909 652 2957 unt
671 2920 726 2955 cum
745 2906 858 2955 mittendi
871 2906 904 2955 ad
915 2912 941 2955 te
953 2919 1023 2955 meas
1036 2904 1219 2961 commoditate,
1238 2919 1288 2953 non
1306 2905 1397 2953 diutius
1413 2905 1517 2969 rescrip-

151 2993 218 3043 tione
237 2985 447 3051 supersedendum
467 2980 600 3030 arbitratus
618 2992 680 3027 sum.
700 3009 705 3019 .

222 3061 296 3122 Quae
315 3058 347 3107 ab
363 3055 433 3106 initio
452 3052 483 3101 de
500 3050 656 3100 maleteriato
678 3048 727 3096 isto
746 3046 809 3097 Urso
832 3047 869 3095 tui
887 3045 1009 3111 purgandi
1033 3058 1111 3095 causa
1133 3045 1227 3109 prolixe
1251 3058 1442 3102 commemoras,
1465 3060 1515 3094 non

151 3134 266 3199 equidem
283 3134 322 3178 tot
339 3127 419 3177 verbis
439 3130 465 3174 et
481 3130 534 3172 tam
554 3122 677 3185 exquisita
695 3117 864 3168 declaratione
881 3118 1054 3182 indiguissent,
1074 3130 1131 3165 cum
1147 3116 1253 3180 ipsemet
1271 3116 1334 3165 alias
1347 3121 1373 3165 te
1391 3116 1451 3165 satis
1470 3131 1516 3166 ex·

151 3210 267 3256 casatum
284 3200 392 3250 habeam
410 3194 518 3260 nihilque
537 3194 582 3243 tibi
599 3194 732 3257 imputem,
750 3189 814 3255 qnod
832 3191 853 3238 is
871 3188 956 3239 literas
973 3194 1044 3245 tuas,
1064 3192 1090 3236 ιι
1108 3200 1152 3236 eas
1170 3187 1282 3252 quidem,
1301 3187 1339 3236 nti
1356 3201 1423 3236 nunc
1441 3202 1472 3237 ex
1489 3193 1515 3236 te

151 3278 269 3341 percipio,
287 3272 416 3322 modiatas
435 3274 461 3316 et
480 3266 641 3329 depravatas,
661 3262 698 3311 sui
717 3261 821 3311 ornandi
846 3275 936 3321 cansa,
962 3273 1021 3309 nam
1043 3259 1078 3309 sic
1097 3259 1159 3308 iorte
1178 3273 1239 3322 opus
1256 3258 1356 3315 habuit,
1380 3258 1427 3307 isto
1450 3257 1516 3323 qnod

151 3347 277 3414 evulgavit
295 3342 389 3393 scurrili
408 3344 433 3389 et
450 3337 583 3386 maledieto
602 3336 705 3399 scripto,
732 3338 758 3382 te
781 3333 858 3382 inscio
883 3338 909 3381 et
932 3332 1008 3380 inrito
1027 3331 1166 3380 inseruerit.
1201 3328 1242 3379 De
1259 3328 1435 3393 hypothesibus
1453 3330 1516 3378 meis

150 3419 181 3468 ab
199 3419 241 3468 illo
262 3414 397 3481 praereptis
416 3418 442 3459 et
459 3423 503 3473 pro
522 3409 573 3456 suia
590 3406 725 3457 venditatis
743 3419 794 3454 non
812 3409 887 3454 tanta
907 3409 973 3454 emet
991 3403 1112 3466 quaestio,
1131 3402 1179 3450 nisi
1196 3402 1223 3450 ln
1240 3401 1288 3449 isto
1306 3399 1472 3453 inverecundo
1490 3406 1517 3450 et

149 3486 275 3556 figmentis
294 3493 369 3550 atque
389 3481 518 3534 calumniis
537 3484 651 3529 ιοιιιιιιι
669 3477 730 3527 libro
748 3476 865 3525 honorem
884 3482 910 3525 et
928 3474 1135 3524 existimationem
1146 3486 1238 3529 msam,
1257 3474 1306 3521 imo
1325 3473 1441 3536 patriam,
1460 3487 1515 3536 pro·

148 3563 254 3625 sapiam,
274 3558 373 3607 domum
389 3551 595 3610 honestissimam,
615 3548 830 3612 impudentissimis
850 3553 875 3596 ιι
898 3546 1077 3596 scelestissimis
1094 3543 1247 3601 mendaciis,
1267 3542 1361 3595 acumlii
1380 3550 1406 3593 et
1423 3557 1516 3593 vesano

148 3633 246 3683 calamo
269 3628 399 3683 arrodere,
424 3630 451 3674 et
472 3622 637 3688 quantumin
655 3621 707 3683 ipso
727 3624 765 3667 est
783 3618 913 3667 defamare
930 3632 981 3667 non
1004 3617 1155 3672 erubuisset,
1178 3630 1234 3664 cnm
1251 3621 1337 3665 tumen
1355 3615 1460 3678 ipsemet
1477 3615 1515 3663 ia-

149 3710 231 3753 teatnr
250 3704 279 3752 in
297 3699 465 3765 praefatione,
484 3707 525 3742 me
544 3693 607 3742 bene
626 3704 680 3739 esse
699 3689 730 3738 de
749 3688 790 3736 illo
809 3689 938 3743 meritum,
958 3695 984 3737 et
1001 3688 1074 3738 adest
1091 3687 1150 3735 mihi
1169 3700 1269 3735 cannen
1288 3685 1411 3750 quoddam
1430 3687 1516 3750 ipsius,

147 3774 206 3825 lieet
216 3771 316 3824 insulsa
335 3769 383 3832 (nti
396 3764 471 3827 solet)
489 3777 555 3812 vena
573 3761 705 3816 olinthum,
725 3760 871 3824 propriaque
890 3761 944 3821 eiua
961 3760 1175 3821 manuscriptum,
1195 3771 1242 3821 qno
1261 3756 1321 3807 mihi
1338 3758 1435 3822 ςιιιιιι
1454 3757 1515 3821 agit,

180 3846 212 3897 od
229 3859 283 3895 non
302 3842 392 3891 saltem
410 3854 454 3904 per
471 3833 595 3900 plusculos
614 3833 683 3889 dies,
704 3846 759 3881 cnm
779 3829 911 3893 aliquando
931 3828 1080 3893 Uraniburgi
1100 3828 1165 3891 apud
1182 3842 1223 3877 me
1242 3832 1319 3883 esset,
1339 3828 1393 3877 elbo
1412 3832 1439 3877 et
1456 3834 1516 3891 potu

148 3861 216 3967 Ru
233 3916 339 3981 largiter
364 3911 482 3965 amorim,
509 3905 554 3955 aed
579 3911 605 3953 et
628 3906 729 3968 insuper
753 3901 890 3951 discedenti
912 3902 1031 3964 pecunias
1054 3893 1207 3960 dederim.¹)
1243 3897 1282 3947 En
1300 3898 1399 3962 qualem
1416 3913 1459 3962 pro
1477 3897 1516 3947 his

149 3994 224 4054 atque
244 3988 301 4037 aliis
318 3984 395 4034 reiert
412 3972 539 4048 qratiam!
577 3974 742 4025 Occasionem
760 3973 847 4022 sumsit
864 3971 950 4020 horum
969 3970 1143 4023 convitiorum.
1170 3968 1234 4034 qnod
1253 3970 1279 4017 in
1297 3967 1318 4019 L
1336 3975 1420 4018 ιιιιιιι
1439 3968 1516 4018 Temo

147 4059 318 4125 Epistolarum
336 4053 564 4105 Astronomicarum
583 4052 651 4096 extet
670 4046 728 4095 Chr.
748 4044 901 4093 Rothmanni
926 4041 1046 4105 epistola,
1072 4042 1098 4089 in
1122 4054 1172 4104 qua
1191 4039 1280 4089 Ursum
1298 4042 1373 4089 istum
1394 4042 1516 4103 impurum

147 4138 222 4181 vocat
239 4129 398 4187 nebulonem,
417 4124 498 4189 qualis
517 4120 582 4170 enim
601 4124 669 4168 esset
686 4119 711 4166 in
731 4117 790 4166 aula
807 4116 845 4164 sui
858 4113 975 4178 principis
988 4113 1044 4176 ipsa
1056 4112 1207 4176 experientia
1219 4111 1330 4167 edoctus,
1349 4118 1402 4161 turn
1419 4125 1516 4175 quoque

147 4202 272 4251 relatione
292 4200 395 4249 mierum
414 4210 444 4245 ex
461 4196 491 4243 ιιι
509 4192 579 4248 locis,
598 4190 640 4238 nbi
659 4194 737 4239 antea
754 4189 857 4237 dierat
886 4185 939 4251 Ego
958 4185 1058 4234 veroin
1077 4183 1127 4231 alia
1144 4182 1253 4247 quadam
1272 4182 1306 4231 ad
1323 4183 1417 4232 dictum
1435 4180 1514 4232 Roth·

134 4263 271 4323 'mannum
290 4269 395 4334 epistola
413 4267 439 4317 id
457 4265 547 4315 saltem
565 4261 690 4310 mimetice
709 4259 787 4309 reiero
806 4264 832 4309 et
849 4256 921 4306 simul
939 4256 1045 4315 insinuo,
1063 4267 1111 4319 quo
1125 4252 1180 4302 dolo
1192 4252 1315 4317 quaedam
1329 4267 1359 4303 ex
1370 4253 1433 4302 mela
1447 4252 1514 4302 cian-

148 4346 231 4394 culum
250 4342 424 4395 subtraxerat,
449 4350 550 4402 quornm
568 4330 687 4380 nonnulla
705 4330 799 4393 recepi,
824 4341 888 4391 qnae
908 4327 1043 4376 etiamnum
1059 4326 1137 4388 ipsius
1153 4339 1231 4374 manu
1249 4322 1335 4388 (quam
1351 4337 1446 4389 nepam
1464 4338 1516 4373 non

146 4412 243 4480 potest)
264 4418 371 4464 exarata
388 4420 524 4474 pones'me
537 4410 608 4458 sunt;
628 4409 654 4450 et
672 4415 742 4456 sane,
763 4401 783 4447 ιι
801 4398 860 4446 mihi
880 4399 955 4446 otium
975 4395 1153 4462 agrarioribus
1172 4394 1259 4444 studiis
1276 4400 1336 4445 tunc
1355 4395 1515 4459 superfuisset

148 4487 267 4550 epistolas
286 4484 351 4543 illas,
372 4481 428 4531 dum
447 4479 512 4542 typis
529 4474 620 4525 nostna
640 4470 833 4532 excudebantur,
853 4467 935 4533 quoad
952 4467 1051 4532 singula
1068 4472 1188 4517 canterma
1204 4466 1339 4523 revidendi,
1358 4481 1409 4516 non
1426 4479 1514 4530 passus

145 4559 250 4609 inissem
276 4556 365 4606 librum
383 4553 451 4602 illum
471 4563 489 4599 a
504 4562 545 4598 me
565 4545 659 4595 editum
677 4543 748 4591 iatius
767 4539 836 4590 efferi
854 4546 881 4589 et
897 4540 975 4604 putidi
994 4538 1049 4588 Ursi
1067 4539 1166 4587 nomine
1185 4538 1354 4601 conspurcari,
1381 4551 1432 4586 non
1450 4536 1515 4602 quod
1540 4540 1544 4547 ⁴

144 4627 304 4693 mund
322 4624 440 4688 museto
453 4621 561 4687 epitheto
573 4616 690 4680 indignus
702 4614 797 4663 censeri
809 4612 895 4676 ιιιιιι,
915 4617 960 4660 aut
977 4609 1030 4659 ulia
1045 4608 1082 4658 ilii
1099 4608 1235 4659 secondum
1250 4607 1377 4658 hominum
1395 4614 1516 4659 consueta

144 4702 242 4763 iudicia
259 4696 383 4763 loquendo
401 4696 437 4745 ιιι
455 4694 527 4743 heret
543 4688 647 4750 injuria,
669 4690 743 4748 prout
760 4699 809 4733 non
829 4683 920 4733 saitem
937 4680 1124 4738 Rothmannus,
1150 4680 1195 4730 sed
1214 4680 1290 4729 ιιιιιιι
1306 4680 1379 4729 multi
1398 4678 1454 4736 alil,
1473 4678 1515 4742 qni

145 4784 204 4822 eum
221 4771 289 4822 ιιιιι
305 4780 406 4823 novem,
424 4768 581 4829 perspectum
598 4758 705 4813 habent,
732 4769 817 4804 rerum
838 4754 899 4817 quia
916 4768 966 4811 non
984 4752 1090 4802 libenter
1107 4753 1133 4801 in
1150 4753 1214 4801 meis
1232 4750 1330 4814 scriptis
1347 4750 1420 4800 ullius
1436 4749 1514 4796 vitam

143 4850 172 4894 et
188 4856 284 4899 mom,
304 4839 488 4905 qualemque
505 4835 564 4890 sint
582 4829 729 4894 pemtrinqo,
747 4825 814 4876 uude
830 4825 908 4875 ιῦιιιι
923 4826 950 4875 in
965 4822 1070 4889 epistola
1081 4822 1117 4873 ht.
1130 4821 1164 4873 D.
1172 4822 1230 4873 iae.
1241 4820 1319 4870 Curtii
1331 4834 1354 4869 n.
1365 4834 1409 4875 m..
1426 4824 1516 4881 postea

143 4911 335 4977 vadaturus
353 4922 427 4959 arne
444 4908 505 4957 libre
523 4906 555 4955 de
567 4896 889 4953 liechmioamwoffl
904 4897 1047 4959 abiuncta,
1064 4909 1155 4946 minen
1173 4895 1243 4945 iau'us
1262 4891 1340 4948 omisi,
1359 4897 1416 4940 utut
1433 4888 1514 4936 diet!
