3878 5840
409 387 476 459 424
971 348 1207 441 memoresne·

502 547 703 615 Differentiae
726 566 798 630 ergo
821 547 853 610 in
876 546 1048 611 universum
1071 547 1248 629 quindecim.
1292 545 1364 611 Jam
1381 545 1548 625 videamus,
1572 546 1694 630 quinam
1716 545 1767 609 in-

412 648 461 705 ter
482 640 538 702 bas
562 639 709 712 delectus,
733 645 765 699 et
788 656 936 719 quaenam
958 637 1021 698 sint
1043 637 1223 700 naturaliter
1246 636 1419 700 dormaton

952 725 1083 787 Thesis
1105 725 1224 789 XXIII.

503 814 636 877 Primum
660 813 774 876 nullum
797 830 954 876 excessum
982 813 1030 874 vel
1060 814 1210 876 defectum
1233 812 1403 876 solitarium
1428 814 1494 877 eine
1522 812 1768 893 compensatione

413 903 582 967 consistere
606 921 735 983 aequum
757 909 816 965 est.
861 902 910 964 Ex
932 901 1077 965 solitariis
1099 902 1202 983 itaque
1226 922 1294 977 sex,
1326 909 1454 983 quatuor
1480 903 1602 966 cadunt
1647 901 1767 965 Medio-

415 992 511 1057 critas
535 1010 605 1054 vero
629 990 741 1053 caloris
764 990 1022 1064 (mediocritatem
1043 992 1236 1072 proportione
1258 989 1370 1067 mnndi,
1394 1010 1453 1053 non
1476 990 1648 1072 quantitate
1671 990 1767 1053 aesti-

304 1148 311 1153 ,
411 1080 576 1154 mabimus)
601 1079 714 1142 collata
736 1086 785 1142 est
807 1078 837 1141 in
862 1098 971 1159 corpus
987 1078 1105 1155 Solate,
1131 1080 1180 1160 qui
1203 1097 1283 1141 mere
1306 1079 1428 1159 propria
1440 1081 1505 1142 lnce
1520 1079 1629 1142 utitur:
1652 1079 1792 1142 medio-·

377 1177 382 1186 '
413 1169 507 1235 critas
529 1168 721 1249 humectandi
744 1169 774 1231 in
799 1185 907 1248 corpus
929 1169 1060 1242 Lunare,
1085 1187 1161 1249 quae
1176 1187 1257 1230 mere
1280 1168 1456 1231 mutuatitia
1478 1168 1562 1232 Solis
1583 1175 1617 1230 et
1639 1167 1768 1231 siderum

413 1260 480 1322 luce
502 1258 607 1320 utitur.

634 1424 636 1427 ι
950 1343 1084 1406 Thasia
1106 1343 1227 1406 XXIV.

503 1432 622 1497 Deinde
645 1451 741 1514 neque
765 1451 909 1494 excessus
933 1433 1077 1495 cumulari
1106 1431 1289 1513 expediebat
1315 1432 1364 1494 vel
1393 1431 1539 1495 defectos.
1578 1427 1668 1492 ‘Sunt
1690 1430 1768 1494 enim

418 1544 439 1586 a
461 1529 572 1585 natura
593 1523 683 1603 paulo
706 1520 883 1597 alieniores,
914 1540 969 1583 neo
993 1521 1051 1582 nisi
1074 1521 1293 1602 contemperati
1316 1539 1459 1583 excessus
1482 1538 1550 1582 cum
1573 1519 1694 1582 defectu
1715 1540 1768 1583 re·

416 1611 575 1692 cipiuntur.
620 1613 727 1691 Itaque
751 1609 851 1672 nullus
873 1611 997 1691 planeta
1020 1610 1120 1671 factus
1143 1616 1201 1686 est,
1225 1609 1276 1689 qui
1298 1616 1455 1690 utrumque
1478 1609 1527 1671 rel
1541 1626 1699 1671 excessum
1721 1609 1770 1671 rei

416 1701 567 1763 defectum
592 1699 789 1777 suscepisset.
835 1699 969 1761 Restant
987 1717 1058 1778 ergo
1083 1698 1271 1760 differentiae
1295 1717 1333 1759 ex
1351 1696 1768 1778 combinationibnsseptem.

415 1786 512 1853 Porro
535 1806 574 1850 ex
596 1788 643 1851 his
666 1787 714 1849 bis
736 1786 825 1849 binae
849 1788 954 1849 eodem
978 1786 1126 1849 recidunt.
1171 1785 1288 1848 Eadem
1311 1785 1389 1848 enim
1412 1793 1462 1848 est
1483 1785 1638 1869 proportio
1661 1805 1768 1849 exces-

416 1896 468 1940 sus
496 1875 606 1939 caloris
634 1876 673 1938 ad
703 1875 947 1939 mediocritatem
974 1875 1120 1957 humoris,
1156 1893 1233 1954 quae
1262 1873 1483 1937 mediocritatis
1512 1873 1623 1937 caloris
1651 1875 1691 1936 nd
1713 1876 1768 1959 de-

417 1966 530 2028 fectum
562 1964 710 2026 humoris:
745 1963 849 2025 eadem
879 1964 1015 2025 defectus
1044 1961 1153 2025 caloris
1181 1963 1221 2025 ad
1253 1961 1493 2026 mediocritatem
1515 1961 1664 2039 humoris,
1694 1981 1769 2043 quae

416 2052 637 2115 mediocritatis
661 2050 771 2113 caloris
796 2052 836 2114 ad
859 2070 1017 2113 excessum
1039 2050 1186 2125 humoris,
1220 2052 1300 2132 quod
1323 2051 1372 2114 vel
1403 2052 1558 2131 infigura
1585 2050 1684 2113 lineae
1710 2070 1770 2132 pa·

421 2140 520 2204 ralleli
537 2140 710 2207 ostendunt.
756 2140 842 2202 Idem
856 2141 893 2201 de
913 2140 1029 2219 junctis
1044 2139 1220 2201 excessibus
1233 2140 1384 2220 judicium,
1408 2141 1457 2203 vel
1476 2139 1656 2203 defectibus.
1693 2139 1772 2203 Sunt

418 2248 491 2309 ergo
513 2247 603 2291 verse
627 2228 816 2291 differentiae
841 2227 978 2312 quinque,
1003 2236 1066 2289 tres
1081 2227 1243 2307 simplices,
1268 2229 1345 2291 duae
1359 2236 1394 2292 ut
1412 2228 1478 2309 jam
1500 2228 1601 2311 patuit
1622 2228 1769 2308 quodam·

418 2318 506 2381 modo
536 2317 685 2397 duplices,
718 2335 772 2378 seu
804 2316 903 2396 potius
937 2317 1061 2379 duorum
1093 2317 1260 2393 nominum,
1294 2336 1354 2379 una
1385 2318 1485 2380 trium.
1531 2316 1580 2379 Ac
1610 2335 1679 2379 cnm
1709 2318 1771 2380 sint
1884 2334 1889 2342 ·

417 2406 583 2470 inmundo
593 2405 739 2497 quinque
763 2405 855 2468 etiam
878 2406 1032 2484 planetae,
1065 2412 1129 2467 tres
1152 2404 1323 2484 superiores
1345 2415 1378 2470 et
1405 2407 1463 2468 duo
1486 2405 1662 2480 inferiores,
1695 2424 1770 2469 eon-

418 2502 596 2558 sentaneum
620 2493 757 2575 equidem
781 2500 852 2568 ιιι,
864 2495 911 2556 ιιι
934 2494 972 2555 ob
995 2494 1074 2556 hanc
1096 2495 1193 2557 solam
1216 2512 1339 2557 causam
1362 2494 1516 2575 (quamvis
1539 2502 1572 2557 et
1594 2493 1673 2557 aliae
1696 2512 1769 2575 sup-

417 2585 539 2664 petunt)
564 2589 611 2645 tot
632 2601 755 2646 numero
779 2582 878 2645 factos
903 2601 991 2644 esse:
1021 2583 1097 2645 adeo
1121 2583 1195 2644 nihil
1217 2582 1318 2663 aptius
1350 2603 1419 2647 esse
1446 2583 1548 2666 potuit
1573 2584 1632 2646 hac
1653 2583 1768 2645 combi-

417 2671 571 2734 nationum
594 2672 673 2735 inter
695 2671 779 2753 ipsos
803 2670 1029 2734 distributione.
1054 2690 1142 2752 quam
1166 2672 1224 2734 hac
1248 2671 1363 2734 tabella
1385 2672 1425 2736 ob
1447 2673 1551 2736 oculos
1573 2689 1661 2752 pono.

577 2847 733 2913 Excessus
836 2847 853 2910 Ι
897 2845 929 2909 V
974 2846 1000 2912 Ρ
1043 2846 1060 2911 Ῑ
1104 2846 1130 2908 Τ
1174 2845 1202 2909 Ε
1245 2845 1276 2910 R
1391 2847 1547 2912 Ειιιιιιι

732 2984 736 2997 .
760 2934 784 3000 S
811 2953 876 2999 mer
1248 2932 1274 2998 S
1297 2931 1344 3000 'S

822 3022 866 3086 A·
963 3027 1017 3086 oux
1099 3021 1132 3084 V
1242 3023 1274 3088 Β

514 3131 548 3183 0
898 3111 925 3174 'I'
967 3110 999 3174 N
1096 3110 1123 3174 ri
1172 3110 1204 3176 A
1630 3126 1662 3188 nn

516 3188 547 3282 ξ·
728 3262 730 3267 ,
819 3198 878 3262 VE
967 3199 998 3260 V
1092 3198 1127 3260 M
1233 3218 1270 3262 ιιι
1628 3189 1759 3352 §Lm

425 3286 547 3353 Sol.''²
516 3311 547 3404 8
579 3285 724 3351 Mediocr.
831 3287 848 3348 I
892 3287 923 3348 V
968 3286 994 3348 P
1037 3287 1054 3350 Ι
1100 3286 1126 3348 Τ
1169 3285 1197 3349 Ε
1242 3287 1273 3350 Β
1393 3287 1651 3358 madianaea

516 3407 538 3479 g
805 3392 870 3436 mer
966 3371 991 3436 S
1093 3372 1124 3436 R
1240 3374 1264 3438 S
1628 3288 1768 3467 &Lm

515 3485 547 3547 ᾖ
895 3460 927 3526 Β
958 3481 995 3525 cu
1090 3462 1121 3525 V
1169 3462 1200 3527 N
1500 3480 1504 3497 '
1630 3469 1662 3531 Ει

827 3549 859 3615 A
955 3550 986 3615 N
1089 3549 1116 3615 ri
1234 3551 1266 3615 V

760 3638 795 3704 M
819 3638 879 3702 VE
1221 3661 1258 3705 us
1302 3638 1327 3705 S

580 3727 727 3790 Defectus
815 3729 832 3791 Ι
876 3726 907 3790 V
951 3725 978 3791 P
1022 3727 1039 3791 Ι
1084 3728 1112 3791 Τ
1155 3727 1183 3793 Ε
1227 3728 1259 3794 Β
1394 3728 1543 3794 Defectus

823 3921 828 3925 ·
961 3901 1096 3968 Thasie
1118 3903 1222 3969 XXV.

404 4068 408 4077 ι
504 3991 554 4054 Ex
575 3991 623 4054 bis
654 3991 802 4070 seqnitur,
835 3991 976 4072 planetas
1008 3992 1137 4074 quinque
1160 4011 1219 4055 uon
1247 3998 1367 4056 tautum
1399 3994 1576 4058 mutuatitia
1598 3994 1682 4061 Solis
1704 3997 1769 4060 luce

416 4079 485 4151 frui,
498 4081 565 4141 sed
589 4078 682 4141 etiam
705 4079 742 4141 de
766 4097 821 4141 suo
844 4079 959 4159 aliquid
981 4080 1110 4144 addere:
1135 4081 1226 4161 quod
1238 4082 1357 4162 quidem
1380 4090 1412 4146 et
1435 4083 1514 4147 aliae
1537 4085 1675 4149 rationes
1695 4106 1769 4150 ιιι·

418 4169 502 4230 dent
546 4168 627 4230 Nam
651 4166 678 4228 si
700 4167 797 4230 multa
818 4168 898 4248 apud
920 4188 976 4231 nos
997 4170 1124 4253 physica
1147 4188 1274 4251 corpora
1291 4171 1389 4235 lucem
1403 4172 1517 4237 habent
1536 4174 1675 4252 iusitam,
1700 4174 1769 4256 quid

418 4255 577 4337 prohibet,
599 4254 712 4318 habere
737 4256 878 4332 eandem,
906 4266 1029 4337 praeter
1052 4256 1169 4333 Solem,
1193 4268 1227 4320 et
1250 4259 1326 4322 alios
1349 4261 1457 4339 globos
1479 4263 1653 4327 coelestes?
1698 4265 1773 4327 'l’urn

417 4345 444 4407 si
467 4352 607 4407 carerent
628 4343 770 4424 planetae
794 4345 858 4407 luce
881 4346 1020 4426 propria,
1044 4346 1185 4410 videntur
1207 4349 1298 4411 etiam
1322 4349 1444 4427 faciem,
1469 4359 1503 4414 nt
1524 4352 1630 4427 Luna,
1653 4360 1770 4416 mutare

417 4431 538 4496 debere.
584 4432 721 4513 Denique
745 4433 888 4496 credibile
912 4443 970 4512 est,
994 4437 1142 4515 fulgorem
1165 4445 1198 4500 et
1216 4399 1464 4505 scintillatiouem
1477 4448 1689 4522 argumentum
1702 4461 1770 4507 esse

417 4520 494 4584 lucis
516 4522 666 4603 propriae,
690 4521 925 4587 nebulositatem
946 4532 980 4587 et
1001 4524 1155 4605 pigritiem
1179 4526 1307 4590 alienae.

506 4693 765 4761 Considerandum
788 4719 865 4762 nunc
888 4612 1345 4785 ιιιιιιὴιιιὸιίὅιιιξχιιιιιιιιι
1336 4702 1368 4766 id
1390 4702 1447 4778 sit,
1478 4705 1559 4787 quod
1580 4705 1772 4786 planetarum

416 4785 473 4849 has
495 4785 576 4849 vires
604 4786 635 4849 in
658 4804 816 4849 excessum
843 4789 972 4852 medinm
1000 4798 1033 4854 et
1064 4791 1215 4855 defectum
1245 4792 1431 4873 distinguere
1463 4794 1571 4874 possit.
1617 4793 1770 4857 Mutuatr'-

416 4874 491 4939 tiam
513 4875 615 4959 itaque
637 4876 735 4941 lucem
758 4894 824 4939 cum
848 4898 868 4939 a
889 4878 1052 4943 reflexione
1075 4880 1298 4953 deduxerimus
1320 4880 1532 4949 considerandi
1549 4889 1623 4947 sunt
1642 4900 1698 4965 pro
1713 4882 1771 4949 beo
