3814 5818
703 378 1007 445 cum·
1467 375 1534 445 sne

167 536 342 618 Utcumque
378 535 437 598 lune
471 536 562 600 valde
598 537 773 601 usandum
805 537 941 599 denotat.
997 541 1022 611 )
1049 537 1080 601 in
1109 530 1182 615 [ill
1214 536 1412 611 laboriosum,
1450 537 1534 600 invi-

171 626 259 698 dum,
290 643 425 687 avarum.
478 626 520 687 Et
548 634 672 707 propter
703 627 781 689 hunc
809 634 965 704 aspectum
998 627 1159 689 contemtis
1191 626 1249 689 erit
1278 626 1418 689 moribus.
1464 626 1531 689 Nisi

169 713 251 795 quod
275 713 324 775 laic
347 714 515 797 quadratus
539 714 638 777 brevis
662 722 720 787 est,
748 712 851 775 sextili
865 715 1092 795 aequipollens.
1139 717 1242 795 Atque
1270 715 1362 776 etiam
1385 714 1429 775 illi
1453 734 1530 776 anuo

176 800 257 865 ¹601
282 803 416 883 pessima
439 802 586 865 revolutio
610 802 778 875 illucescet,
806 821 882 882 quae
898 812 951 864 aut
965 823 1011 866 me
1028 812 1081 865 ant
1096 805 1193 883 ipsum
1207 803 1296 865 tollet
1320 802 1537 881 (significando
1558 804 1569 812 ‘

170 892 379 961 naturaliter).
425 890 475 951 Ex
497 891 604 970 quibua
627 891 722 965 vides,
747 908 794 953 me
818 890 892 953 nihil
915 891 1040 969 rejicere
1065 911 1103 955 ex
1126 891 1311 971 astrologia,
1339 900 1461 971 praeter
1485 890 1532 952 in·

171 980 261 1043 utilia
284 980 422 1041 domuum
445 979 639 1043 numeralium
661 979 874 1054 instrumenta,
899 980 1038 1043 atillam
1061 989 1254 1063 arrogantem
1276 979 1533 1060 praesumtionem

171 1069 212 1130 de
235 1066 361 1147 speciali
382 1068 604 1148 praedictione,
638 1068 724 1148 qruasi
748 1086 836 1147 quem
860 1088 1039 1150 suspensum
1060 1070 1097 1131 iri
1120 1069 1270 1143 dicamus,
1302 1068 1330 1130 ei
1354 1086 1413 1129 nou
1437 1087 1532 1148 aeque

174 1157 294 1219 coelum
318 1158 451 1236 generali
475 1157 530 1217 sub
548 1157 705 1236 complexu
728 1174 873 1235 aquarum
895 1158 1030 1238 pericula
1052 1158 1197 1220 denotare
1221 1157 1336 1239 possit:
1370 1157 1534 1237 autquasi

172 1244 383 1320 erraverimus,
404 1253 532 1317 mortem
547 1244 637 1307 alicui
660 1243 882 1325 praedicentes,
907 1247 957 1326 qui
981 1265 1016 1307 eo
1031 1255 1166 1326 tempore
1184 1247 1353 1326 periculoso
1377 1264 1416 1307 ex
1429 1246 1533 1308 morbo

172 1335 227 1396 vix
249 1333 357 1397 euasit.
404 1335 502 1396 Vides
532 1334 610 1395 haec
640 1353 698 1395 uon
731 1333 770 1395 ad
796 1340 997 1410 contemtum,
1030 1337 1085 1397 sed
1115 1337 1257 1398 honorem
1288 1334 1385 1396 nostri
1416 1333 1531 1396 ordinis

170 1422 334 1503 pertinere.

261 1512 361 1573 Meam
384 1508 604 1571 dedicationem
628 1509 818 1583 (Prodromi)
841 1510 920 1590 qnod
944 1512 1065 1586 attinet,
1090 1511 1192 1573 nescio
1215 1530 1273 1591 qno
1296 1518 1387 1591 pacto
1411 1509 1474 1582 liat,
1498 1515 1534 1573 at
1634 1522 1643 1534 ”

174 1618 241 1661 oum
265 1600 492 1679 praecipuorum
515 1616 671 1676 procerum
699 1597 819 1677 optimis
854 1607 922 1660 ntar
943 1600 1165 1676 voluntatibus,
1194 1608 1296 1661 tamen
1326 1598 1375 1660 bis
1403 1596 1533 1660 comitiis

174 1706 233 1749 nou
256 1688 404 1765 potuerim
429 1686 562 1748 libellum
584 1687 702 1747 offerre.
749 1686 839 1748 Multi
870 1706 918 1749 me
940 1689 1144 1768 negligentiae
1169 1695 1331 1750 accusant·
1370 1686 1437 1766 Ego
1460 1702 1532 1747 vero

175 1794 368 1857 quaecunque
392 1774 565 1836 necessaria
588 1775 716 1849 luerunt,
742 1775 771 1836 iu
793 1782 903 1855 parato
931 1776 1104 1850 habueram,
1129 1797 1192 1840 rem
1216 1783 1315 1838 totam
1332 1773 1532 1847 Marssoaloo,
1577 1832 1581 1839 ,

174 1864 307 1927 Honorio
331 1885 351 1927 a
372 1863 491 1927 Sauras
513 1863 732 1937 commiseram,
757 1864 807 1943 qui
830 1882 915 1925 suam
938 1864 1017 1927 ultro
1041 1866 1114 1927 mihi
1137 1865 1247 1928 detulit
1260 1883 1383 1945 operam
1410 1862 1440 1924 in
1456 1879 1531 1941 pro-

174 1953 313 2035 ponendo
336 1951 458 2033 negotio
490 1951 555 2014 sius
579 1951 681 2015 libello
705 1952 850 2031 supplice.
897 1952 1105 2016 Intermissum
1129 1961 1188 2017 est.
1234 1953 1303 2034 Ego
1326 1951 1469 2015 dimnsus
1492 1949 1532 2011 ab

173 2042 235 2118 illo,
258 2059 326 2104 curn
348 2042 407 2104 lrac
428 2059 521 2105 voce:
546 2038 635 2112 Quod
659 2039 805 2115 differtur,
829 2058 888 2102 non
913 2041 1058 2105 aufertur.
1105 2042 1233 2106 Scilicet
1255 2062 1315 2103 nou
1329 2039 1532 2104 eratfaustus

174 2131 322 2195 transitus
346 2130 388 2204 (ai
402 2128 552 2191 naturalia
567 2131 772 2208 spectemusk
790 2136 823 2190 et
844 2131 1065 2210 expectandum
1089 2132 1168 2194 torte
1190 2130 1263 2193 mibi
1285 2148 1380 2209 nsque
1403 2129 1432 2190 in
1448 2127 1532 2189 futu-

173 2238 238 2283 rum
261 2219 377 2298 Majum
401 2219 451 2280 uel
471 2217 603 2290 Junium,
627 2236 694 2279 cnm
716 2217 748 2292 ll
769 2218 881 2280 transit
902 2238 957 2299 per
975 2219 1048 2282 Asc.
1081 2218 1208 2282 Interim
1228 2227 1330 2282 tamen
1354 2225 1463 2296 urgent
1485 2233 1532 2277 me

175 2308 354 2371 creditores!
399 2307 467 2369 Huc
497 2305 618 2368 accedit
646 2305 796 2384 privatum
824 2325 922 2369 meum
949 2328 1017 2369 curn
1045 2310 1164 2388 publico
1188 2308 1381 2387 conjunctum
1403 2304 1534 2367 infortu-

175 2397 271 2472 nium,
299 2396 379 2477 qnod
411 2396 496 2457 Deus
525 2394 599 2475 Opt.
623 2394 708 2455 Mau.
738 2395 867 2458 omnium
896 2415 1029 2459 meorum
1057 2398 1207 2459 fautorum
1229 2394 1437 2458 chaussimum
1460 2392 1534 2455 milui

174 2504 213 2549 ou
234 2485 292 2547 lrao
314 2485 381 2547 vita
402 2484 522 2563 eripuit,
547 2484 585 2545 D.
609 2483 649 2544 D.
673 2482 868 2549 Wilhelmum
884 2485 1163 2559 Zimmermaunnm
1189 2484 1275 2565 cnjus
1296 2481 1534 2545 moderationem

175 2580 206 2636 et
228 2574 390 2636 candorem
413 2580 503 2653 atque
527 2571 744 2633 dexteritatem
768 2572 897 2633 ecclesia
911 2581 1016 2635 nostra
1030 2573 1197 2635 diutissime
1212 2571 1408 2635 desiderabit.
1440 2570 1529 2632 Mor-

175 2670 244 2724 tuus
270 2670 318 2724 est
340 2680 428 2724 mane
454 2661 483 2723 l.
507 2660 613 2722 Martii
637 2657 684 2721 St.
710 2660 783 2721 Vet
808 2680 874 2722 cum
898 2679 952 2741 per
975 2658 1197 2742 9septimanas
1220 2680 1259 2723 cx
1281 2658 1454 2739 haemoptoi
1477 2658 1533 2720 de-

176 2750 337 2813 cubuisset.
361 2758 366 2766 '
385 2748 519 2829 Cumque
543 2747 699 2810 circaeon
723 2748 790 2810 dies
814 2749 907 2812 validi
930 2751 1095 2829 perderent
1117 2749 1210 2824 venti,
1234 2756 1359 2827 etpost
1382 2747 1448 2825 ejus
1472 2746 1532 2807 diei

176 2838 329 2901 meridiem
351 2839 544 2900 vehementer
567 2837 840 2898 tumultuarentur:
865 2838 1006 2900 dixerunt
1029 2837 1207 2911 adversarii,
1232 2837 1363 2898 animam
1388 2833 1533 2897 haeretici

174 2945 228 3025 per
251 2935 353 2991 adrem
376 2926 569 2989 circumferri.
616 2925 670 2986 llle
695 2943 766 2987 vero
789 2925 965 2987 beatissime
989 2934 1022 2988 et
1042 2925 1250 3006 placidissime
1272 2922 1421 2985 occubuit.

250 3126 407 3192 Ammon
421 3127 487 3178 lraec
504 3127 609 3191 Keplerl
631 3127 740 3191 jedida,
768 3128 839 3192 qnasi
862 3128 896 3179 ad
918 3127 1082 3178 mercandum
1105 3142 1132 3177 se
1156 3129 1183 3177 lu
1204 3141 1232 3177 re
1254 3124 1383 3190 incognita
1400 3121 1534 3172 llustliuo

175 3199 393 3265 madmena
409 3199 570 3262 coaptem
587 3204 646 3248 sust
662 3205 762 3248 eveum
798 3198 847 3249 Die
862 3202 917 3261 jam
934 3195 1043 3268 topos
1061 3198 1125 3249 dem
1144 3199 1255 3250 aarum
1273 3198 1333 3248 cnut
1350 3190 1455 3258 xmus
1469 3194 1535 3245 num

177 3268 310 3327 monem,
328 3268 392 3334 qued
411 3267 447 3330 (d.
468 3267 510 3320 11.
527 3268 588 3320 Juu.
610 3265 690 3330 totu)
708 3269 746 3319 luis
763 3269 897 3321 ldaestlino
915 3270 1030 3320 nunciat:

264 3366 312 3427 De
326 3375 422 3427 morte
442 3366 525 3428 filioli
549 3367 595 3428 tui
608 3375 695 3428 tanto
718 3366 774 3428 tibi
789 3367 996 3429 vehementius
1014 3366 1168 3442 condoleo,
1192 3365 1281 3446 quod,
1305 3370 1437 3444 quantus
1450 3361 1535 3423 dolor

177 3463 247 3517 tuns
270 3454 377 3528 fuerit,
402 3474 441 3516 ex
463 3473 531 3516 meo
554 3455 649 3534 ipsius
673 3456 881 3534 conjecturam
902 3456 995 3532 facio,
1020 3456 1066 3517 cui
1090 3454 1195 3517 itidem
1218 3455 1301 3517 Deus
1324 3451 1363 3517 0.
1386 3451 1431 3514 M.
1455 3450 1535 3513 filio·

177 3543 238 3605 lnm
260 3541 424 3605 Haurioum
447 3561 483 3603 eo
508 3544 573 3622 ipso
599 3553 731 3622 tempore
755 3562 794 3604 ex
816 3544 874 3606 hac
898 3545 962 3606 vita
986 3544 1143 3617 evocavit,
1168 3562 1226 3623 quo
1249 3541 1309 3622 ipsi
1331 3559 1379 3602 me
1402 3547 1535 3602 metuere

177 3630 232 3693 tibi
255 3630 373 3710 scripsi.
419 3630 500 3693 Nam
524 3631 571 3693 die
602 3633 628 3692 l.
651 3630 767 3710 Aprilis
790 3641 950 3709 aegrotare
973 3633 1082 3711 eoepit,
1108 3631 1156 3691 die
1180 3628 1211 3692 3.
1236 3630 1370 3710 ejusdem
1393 3628 1468 3690 hora
1495 3623 1534 3688 tt

178 3719 344 3781 meridiana
370 3727 505 3780 mortuns
536 3726 597 3794 est,
631 3719 696 3780 dies
725 3727 815 3782 natm
843 3722 1006 3798 sexaginta
1033 3719 1157 3781 dimidio
1184 3718 1291 3780 minus.
1337 3716 1386 3777 Ex
1417 3715 1534 3795 pallore

179 3808 335 3869 cadaveris
358 3806 390 3868 iu
413 3807 558 3869 lateribus
581 3807 781 3887 collegerunt,
816 3816 1006 3887 apostemate
1029 3806 1139 3886 capitis
1165 3804 1331 3866 extinctum
1354 3821 1433 3865 esse.
1470 3801 1536 3862 De-

179 3895 321 3957 siderium
350 3895 416 3974 ejus
445 3895 530 3957 uxori
558 3914 644 3956 meas
672 3896 755 3958 nulla
784 3895 848 3956 dies
873 3895 980 3968 leniet;
1014 3895 1086 3957 milri
1111 3893 1183 3954 illud
1207 3891 1289 3953 cordi
1314 3899 1378 3953 estc
1404 3889 1537 3951 Vanitas

180 3983 377 4051 vanitatum,
411 3991 443 4045 et
470 3983 571 4045 omnia
600 3984 741 4046 Vanitas.
788 3984 881 4045 Faait
903 3984 1000 4058 Dens,
1032 3990 1067 4045 ut
1089 3982 1208 4042 lanatae
1242 3989 1311 4042 tuae
1344 3976 1536 4058 precationes

179 4071 247 4133 aliis
270 4072 300 4132 in
324 4070 415 4133 rebus
437 4072 514 4133 meis
536 4080 622 4134 ratae
646 4072 718 4134 siut.

268 4159 502 4221 Zimmermanni
518 4169 645 4223 mortem
667 4170 831 4240 mqunntur
853 4158 954 4221 tristia
971 4167 1119 4243 tempora.
1166 4154 1428 4218 Ferdinaudus
1451 4154 1536 4235 prin·

178 4265 252 4326 cepe
274 4247 304 4309 in
319 4247 441 4309 Italiam
464 4248 553 4322 abiit;
577 4249 736 4310 Ferrariae
759 4249 859 4328 ipsum
872 4247 992 4327 Jupiter
1004 4246 1161 4308 Romanm
1185 4264 1290 4307 mensa
1313 4244 1458 4324 dignatus
1478 4250 1537 4308 est

180 4336 213 4399 lu
237 4335 369 4398 transitu
391 4336 536 4399 torrentis
560 4336 688 4414 alicujus
712 4355 817 4416 parum
840 4335 946 4412 abfuit,
971 4335 1041 4415 quin
1065 4334 1206 4416 princeps
1229 4334 1434 4395 suffocaretur.
1469 4331 1537 4391 Vo-

179 4432 242 4485 tum
256 4424 374 4486 Mariae
391 4424 583 4487 lauretame
607 4425 784 4503 concepisse
807 4424 924 4498 dioitm,
949 4424 1114 4503 statimque
1138 4422 1167 4483 in
1192 4422 1270 4483 vado
1294 4421 1430 4483 stetisse.
1471 4419 1538 4482 Neo

181 4512 278 4573 minus
300 4512 332 4573 in
354 4512 430 4574 mari
443 4513 565 4575 Veneto
587 4512 777 4592 periclitatus
800 4520 858 4575 eet.
905 4510 1062 4574 Ferrariae
1086 4509 1263 4572 adventanti
1277 4507 1349 4569 Jovi
1371 4515 1403 4569 et
1421 4506 1539 4569 nomine

179 4600 246 4680 ejus
279 4599 383 4661 clienti
401 4600 591 4686 ⁸spectacula
622 4599 758 4662 exhibita
784 4600 881 4679 ignita
909 4600 965 4661 sub
992 4616 1168 4677 vesperem:
1202 4596 1253 4659 nbi
1281 4596 1387 4658 domm
1417 4595 1539 4657 daroma

180 4706 218 4748 ex
242 4686 303 4766 igni
325 4687 448 4751 volante
472 4697 632 4768 concepta,
664 4706 807 4766 cumpro
831 4687 944 4749 ludicro
968 4693 1157 4766 spectaretur
1185 4685 1353 4751 incendium
1384 4690 1417 4744 et
1439 4682 1537 4761 nemi·

144 4778 161 4803 ‘
181 4783 316 4856 geretur,
339 4776 538 4858 conflagravit
560 4784 638 4851 tota,
661 4784 694 4839 et
716 4775 813 4856 (qood
834 4775 928 4838 umal
951 4782 1068 4838 tantum
1081 4773 1226 4846 auditum,
1250 4773 1288 4835 ab
1302 4768 1421 4835 homine
1435 4777 1537 4832 umen
