3788 5828
693 426 965 491 emmennone
1426 384 1512 487 'aar

155 584 294 646 emittere
317 584 505 664 profiteatur,
530 585 601 645 dum
624 602 727 645 omnes
751 592 783 645 et
806 584 961 647 evidenter
983 583 1143 645 Dominum
1157 583 1330 666 Tychonem
1351 581 1452 643 Brahe
1475 583 1512 643 de

152 673 253 753 palma
286 672 521 752 magisterioque
553 672 769 734 mathematico
799 673 828 734 in
857 680 1009 734 certarnen
1032 679 1139 733 vocat:
1172 671 1383 751 percommode
1416 689 1514 737 meam

153 762 313 841 epistolam
341 761 372 821 in
400 760 502 821 libello
527 779 582 822 ceu
608 760 765 840 cujusdam
786 761 897 843 judicis
921 762 986 823 loco
1013 760 1191 835 introducit,
1227 779 1302 842 qnae
1329 760 1425 820 talem
1454 759 1513 820 lert

152 851 345 926 sententiam,
368 857 402 910 ut
419 848 499 912 Urso
522 850 624 929 palma
646 850 700 911 illa
723 849 801 912 'citra
815 849 1052 911 controversiam
1073 847 1229 912 debeatur.
1277 847 1414 927 Denique
1429 847 1513 908 lece-

152 958 215 1000 ram
239 957 296 1019 ego
321 938 350 999 in
375 939 481 999 eadem
503 937 557 999 illa
581 938 712 1018 epistola
733 939 916 999 mentionem
935 937 1085 1020 Tychonis
1103 935 1359 1017 perhonorihcam‚
1384 936 1513 997 Ursum-

152 1047 208 1109 que
231 1045 400 1100 oraveram,
425 1035 459 1087 nt
481 1027 561 1088 hanc
583 1046 681 1088 meam
706 1027 909 1088 inventionem
932 1028 971 1087 ad
995 1027 1092 1105 ipsum
1107 1027 1137 1086 in
1151 1025 1281 1086 Daniam
1301 1024 1512 1104 perscriberet.

151 1116 273 1197 Placuit
293 1115 386 1196 igitur
409 1115 503 1184 Urso,
533 1135 591 1177 non
615 1117 706 1177 aliter
729 1134 775 1177 me
800 1117 837 1176 de
860 1116 918 1177 hac
946 1116 977 1177 in
1000 1114 1172 1196 Tychonem
1195 1112 1403 1176 adversarium
1427 1130 1512 1174 suum

152 1204 311 1266 affectione
334 1204 450 1282 optima
477 1204 596 1279 ulcisci,
631 1223 721 1284 quam
751 1205 777 1266 si
800 1204 961 1283 epistolam
990 1221 1103 1277 meam,
1136 1204 1250 1265 extrita
1273 1202 1424 1263 mentione
1447 1201 1511 1282 Ty·

152 1292 265 1367 chonis,
291 1311 357 1353 eum
380 1292 410 1353 in
429 1292 563 1354 libellum
585 1293 748 1366 insereret,
779 1294 828 1373 qui
858 1311 916 1354 non
940 1293 978 1353 ad
1009 1291 1089 1353 aliud
1125 1310 1214 1371 quam
1237 1291 1277 1351 ad
1300 1289 1513 1353 lancinandam

152 1384 263 1444 lamam
285 1381 436 1462 Tychonis
459 1390 652 1463 comparatus
676 1390 708 1442 et
731 1381 830 1443 editus
854 1389 917 1444 ests
946 1380 1061 1450 atita,
1097 1380 1147 1460 qui
1171 1378 1342 1462 'lychonem
1369 1378 1513 1456 privatim

149 1471 229 1533 Urso
251 1470 456 1545 laudaveram,
480 1488 595 1548 poenae
620 1470 686 1530 loco
710 1470 942 1531 convitiatorem
965 1468 1116 1552 Tychonis
1138 1469 1258 1546 publice
1282 1462 1418 1528 omnibns
1442 1466 1511 1527 lau·

152 1559 224 1620 dare
248 1576 382 1637 cogerer.
430 1558 490 1620 Tot
522 1558 690 1619 nominibus
718 1578 785 1620 cnm
808 1559 889 1620 Urso
918 1557 1038 1620 libuerit
1066 1555 1150 1618 abuti
1178 1575 1247 1618 mea
1276 1555 1416 1635 epistola,
1446 1553 1513 1633 jam

150 1648 263 1709 clarum
291 1654 356 1722 est,
390 1666 442 1708 cur
473 1647 539 1708 luce
567 1647 690 1725 dignam
717 1646 911 1725 judicaverit.
956 1647 1037 1708 Nam
1065 1646 1144 1728 quod
1177 1644 1381 1707 inventionem
1413 1661 1512 1704 meam

150 1737 271 1810 attinet,
297 1735 323 1796 si
346 1736 443 1797 lucem
466 1755 503 1796 ea
525 1744 666 1805 meretur,
686 1735 752 1814 jam
767 1754 834 1796 eam
849 1736 966 1797 fatente
981 1735 1060 1797 Urso
1075 1734 1204 1808 viderat,
1229 1738 1371 1795 exstante
1388 1731 1417 1792 in
1433 1750 1511 1792 nun·

150 1825 229 1886 dinis
251 1823 370 1902 integro
393 1824 510 1897 libello,
543 1842 599 1885 nec
623 1822 772 1904 epistolae
795 1824 852 1885 hac
875 1842 951 1903 opus
979 1823 1037 1884 fuit
1059 1823 1202 1884 editione.
1250 1820 1349 1892 Quam
1377 1819 1512 1899 graviter

150 1922 253 1974 autem
276 1912 351 1973 haec
375 1913 468 1974 editio
491 1932 539 1973 me
563 1910 703 1987 haberet,
736 1931 802 1973 curn
825 1912 922 1974 literis
945 1912 984 1973 ad
1007 1911 1047 1973 D.
1072 1911 1247 1993 Tychonem
1270 1917 1302 1971 et
1324 1908 1363 1970 ad
1383 1908 1511 1969 Roesli·
1594 1914 1598 1917 '

150 2020 219 2062 num
242 2001 419 2080 perscriptis
442 2008 589 2062 testatum
613 2001 686 2062 leci:
711 2009 776 2062 tum
789 2001 869 2063 Urso
892 2000 951 2081 ipsi
975 2000 1120 2080 superiori
1136 1998 1281 2061 ianuario
1305 1993 1423 2071 (¹600)
1448 1996 1512 2076 pri·

150 2108 232 2151 mum
255 2097 346 2169 atque
370 2090 501 2169 Pragam
524 2076 604 2159 viui,
627 2089 657 2151 in
682 2089 789 2151 faciem
813 2089 886 2163 dixi,
912 2107 1075 2168 suppresso
1101 2097 1203 2149 tamen
1218 2104 1286 2148 meo
1300 2086 1437 2159 uomine;
1462 2103 1510 2157 ne,

151 2178 176 2239 si
200 2196 268 2239 curn
291 2175 452 2256 praesente
476 2178 608 2257 Keplero
632 2177 691 2239 sibi
714 2197 778 2239 rem
801 2197 869 2239 esse
893 2179 1001 2250 sciret,
1031 2197 1096 2238 rem
1118 2177 1158 2238 ad
1185 2176 1288 2255 jurgia
1310 2173 1511 2255 protraheret

148 2266 267 2329 Addidi
291 2273 324 2328 et
342 2267 433 2328 haec:
460 2267 578 2346 quando
601 2266 733 2328 luhuerit
755 2267 809 2341 illi,
834 2285 891 2341 me,
918 2267 967 2348 qni
991 2265 1130 2345 discipuli
1153 2265 1209 2326 sub
1223 2282 1354 2344 persona
1377 2262 1511 2341 scripse-

150 2375 224 2429 ram,
243 2355 274 2417 in
294 2355 406 2435 judicis
429 2355 575 2417 subsellia
597 2355 723 2416 invitum
745 2354 935 2434 protrahere,
968 2362 1125 2435 pateretur
1154 2370 1226 2434 ergo
1250 2372 1296 2413 me
1326 2351 1435 2413 inille
1458 2351 1511 2412 lite

150 2445 286 2506 literaria
310 2445 362 2516 (de
386 2444 525 2506 convitiis
549 2444 628 2505 enim
656 2453 687 2504 et
714 2444 829 2524 injuriis
856 2443 989 2522 politicis
1018 2443 1168 2504 actionem
1190 2441 1325 2524 ‘lychoni
1357 2439 1511 2519 relinque·

149 2534 249 2607 bani),
279 2541 371 2594 exuta
394 2533 533 2612 discipuli
556 2532 707 2593 modestis
725 2532 837 2610 judicis
857 2533 1071 2595 anctoritatem
1086 2549 1255 2604 assumere,
1281 2538 1312 2591 et
1336 2529 1414 2609 quod
1438 2548 1454 2589 e
1478 2546 1511 2588 re

149 2621 365 2683 mathematica
388 2622 451 2683 fore
475 2621 613 2682 videatur
635 2620 752 2700 publice
775 2621 909 2682 vicissim
924 2622 1093 2682 decernere.
1139 2618 1250 2699 Sicque
1264 2636 1371 2681 nomen
1387 2616 1511 2680 tandem

148 2711 304 2790 professus
327 2710 450 2790 pacifice
479 2710 607 2789 abipso
632 2710 768 2771 discessi.

238 2797 306 2869 Quo
330 2799 426 2861 serius
440 2806 541 2860 antem
556 2798 768 2859 denuntiatam
782 2798 861 2859 Urso
875 2796 1087 2857 refutationem
1110 2794 1190 2855 illius
1205 2794 1309 2874 scripti
1334 2793 1389 2855 sub
1404 2811 1511 2853 manns

149 2906 307 2961 sumerem,
330 2887 444 2949 multae
467 2906 503 2949 ac
525 2886 685 2967 praecipue
709 2884 892 2948 domesticae
916 2885 1129 2962 occupationes
1152 2882 1361 2961 impedierunt.
1407 2881 1510 2942 Inter-

149 2976 233 3038 venit
255 2985 287 3037 et
309 2994 390 3037 mors
405 2976 486 3051 Ursi,
510 2994 586 3055 quae
601 2995 648 3037 me
664 2975 797 3035 nonnihil
821 2972 941 3034 dubium
955 2972 1075 3033 habuit:
1099 2990 1137 3032 ne
1157 2980 1249 3044 esset,
1275 2970 1325 3050 qui
1347 2969 1425 3030 hanc
1443 2986 1512 3030 cnm

149 3072 266 3145 mortno
289 3083 419 3145 pugnarn
442 3066 685 3126 calumniaretur.
732 3061 795 3124 Sed
818 3061 887 3142 quia
908 3061 1088 3140 promissum
1111 3078 1210 3120 meum
1232 3059 1271 3121 D.
1292 3059 1395 3140 Tycho
1409 3057 1510 3118 Brahe

149 3156 292 3234 urgebat,
317 3174 336 3214 a
358 3154 442 3233 cnjus
461 3154 593 3215 humeris
616 3154 672 3214 hoc
696 3172 771 3232 onus
795 3149 946 3212 scribendi
967 3151 1062 3229 primo
1086 3150 1165 3210 ultro
1187 3148 1218 3210 in
1233 3168 1280 3209 me
1295 3165 1506 3226 susceperam:

150 3252 182 3305 et
204 3244 275 3324 quia
297 3261 352 3322 per
375 3262 408 3304 se
431 3262 479 3304 res
504 3251 571 3304 erat
593 3243 736 3316 honesta,
768 3239 936 3319 exstirpare
961 3257 999 3300 ex
1022 3236 1129 3300 animis
1162 3236 1341 3299 discentium
1365 3253 1508 3297 erroneas

63 3360 67 3365 ·
152 3330 324 3411 opiniones,
357 3331 520 3393 obliterare
553 3332 583 3392 in
614 3331 825 3392 Maecenatem
853 3328 1066 3411 persuasiones
1098 3328 1275 3408 impressam
1305 3323 1509 3386 inventionum

152 3420 434 3501 mathematicarum
457 3421 652 3483 calumniam:
687 3437 742 3481 nec
766 3418 960 3493 inusitatum,
995 3418 1032 3479 de
1065 3425 1249 3479 mortuorum
1287 3414 1507 3494 quanticunque

148 3510 261 3571 fuerint
287 3509 410 3589 placitis
438 3518 470 3571 et
491 3509 620 3589 publicis
643 3508 842 3569 monumentis
866 3509 1026 3570 decernere
1050 3506 1232 3587 superstites
1252 3504 1346 3586 (qnod
1365 3503 1431 3583 ipss
1446 3502 1509 3564 Ur·

148 3618 201 3660 sus
235 3599 287 3660 sol.
318 3596 352 3660 C.
376 3595 407 3661 2.
439 3597 468 3659 in
496 3599 652 3659 demortuo
680 3597 778 3658 Remo
808 3597 943 3658 taxando
972 3596 1164 3673 comprobat)
1197 3596 1322 3657 tandem
1351 3610 1423 3671 ergo
1458 3589 1510 3652 din

149 3689 299 3767 agitatam
321 3688 399 3747 hanc
417 3687 661 3766 scriptiunculam
687 3686 786 3746 animo
811 3684 928 3746 sincero
951 3693 983 3745 et
1005 3684 1049 3746 rei
1068 3684 1300 3745 mathematicae
1321 3681 1421 3743 studio
1437 3697 1510 3741 sus·

26 3818 34 3827 -
149 3778 228 3857 cepi,
258 3784 390 3856 putoque
418 3776 462 3838 sic
486 3795 553 3836 eam
580 3774 784 3856 perterruisse,
817 3781 850 3833 ut
873 3773 966 3834 etad
989 3793 1037 3834 me
1067 3773 1211 3834 defensae
1243 3779 1275 3832 et
1303 3771 1343 3832 ad
1365 3771 1509 3831 lectorem

148 3866 271 3947 agnitae
295 3864 436 3926 veritatis
460 3865 578 3927 utilitas
601 3872 633 3925 et
655 3863 722 3925 laus
745 3858 881 3924 reditura
903 3861 954 3923 sit.
