3814 5818
732 360 822 410 ones
838 355 936 413 um
1264 344 1287 368 ·’
1448 364 1512 433 261

152 526 274 572 naam
295 509 469 575 uanmuus
491 511 672 591 movisse,
696 517 781 580 solas
803 534 875 580 vero
890 517 1120 584 obsswahoues
1135 520 1293 603 reliquisse
1312 524 1512 607 conscriptas.

151 597 252 660 Minus
274 598 369 679 igitur
390 601 524 664 autam
545 603 741 684 Hipparchus
771 605 804 668 ia
833 608 1026 672 astrououia-
1046 610 1328 691 angustioribusque
1351 616 1513 693 pomoeriis

150 686 354 767 wgitstiones
372 696 405 751 et
427 708 516 752 unas
538 710 610 755 suaa
633 693 770 769 inclusit,
794 714 884 777 quarn
905 697 957 759 vel
980 698 1124 761 Eudoxus
1146 700 1196 762 vel
1220 699 1377 780 Galippue.
1424 702 1512 775 Quae

149 784 200 837 ast
221 794 296 856 ergo
318 776 373 840 illa
395 784 459 840 tam
481 780 638 858 splendide
659 793 823 847 mereata
843 784 1012 851 immutatio
1035 788 1261 870 hypothesium,
1292 807 1384 869 qnam
1403 789 1512 873 Oalip·

150 863 227 944 pitis
249 864 442 945 Hipparchus
464 867 590 933 intulit?
893 866 896 873 '

241 953 388 1018 Vestinus
418 974 513 1037 usque
541 958 581 1021 ad
607 958 744 1039 tempora
771 959 954 1041 Hipparchi,
987 962 1038 1043 qui
1064 962 1215 1045 posterior
1242 964 1413 1029 Aristotele
1442 967 1509 1043 init,

149 1059 209 1122 quo
231 1048 368 1122 tempore
382 1043 480 1107 Ursus
501 1045 548 1109 sit
569 1048 759 1111 introductas
781 1049 973 1132 physicorum
996 1050 1191 1135 hypotheses,
1215 1052 1246 1115 h.
1260 1071 1288 1116 e.
1310 1070 1380 1115 enm
1395 1054 1508 1133 ephee-

149 1148 250 1194 rarnm
272 1130 418 1207 oxomen,
442 1134 492 1214 qni
514 1135 674 1199 hodiedum
697 1137 787 1217 vulgo
810 1138 950 1201 creditur.
998 1141 1034 1203 Id
1057 1149 1159 1204 autam
1181 1147 1280 1204 totum
1302 1160 1417 1205 merum
1440 1161 1508 1205 ease

147 1219 296 1281 samium
322 1238 415 1302 supra
436 1223 577 1302 probari,
607 1243 676 1287 curn
699 1225 843 1299 dicerem,
871 1226 1065 1309 Pythagorae
1094 1229 1153 1309 ipsi
1186 1230 1230 1292 sic
1259 1248 1329 1292 esse
1348 1231 1447 1294 risum
1469 1233 1508 1295 de

148 1307 346 1389 sphaerarum
364 1310 479 1384 ordine,
501 1312 547 1374 uti
569 1320 679 1393 postea
699 1314 887 1377 Ptolemaeo.

236 1395 281 1459 Ει
307 1397 379 1478 quid
404 1400 531 1463 multis?
561 1398 835 1483 Quomodoennque
862 1404 999 1466 locentur
1020 1404 1096 1468 haec
1119 1402 1139 1469 3
1163 1424 1291 1485 eorpora
1307 1404 1406 1481 Solia,
1440 1408 1509 1469 Va·

147 1483 229 1548 neria
251 1492 286 1547 et
302 1486 445 1550 Mercurii
467 1488 548 1552 iuter
564 1490 696 1553 Martem
719 1499 751 1554 et
768 1492 895 1562 maru,
919 1510 1039 1572 semper
1056 1494 1103 1569 (in
1125 1493 1247 1557 usitatis
1269 1493 1389 1574 quidem
1409 1494 1508 1577 hypo-

148 1573 302 1648 thesibus)
330 1593 382 1637 res
409 1576 514 1640 eodem
542 1578 622 1641 redit
652 1579 900 1656 inastronomia.
945 1582 1027 1643 Nam
1054 1581 1113 1644 hae
1133 1583 1186 1645 via
1209 1582 1328 1669 quidem
1349 1581 1506 1663 ingressos

147 1662 377 1726 observationes
390 1664 570 1728 destituunt
617 1666 709 1730 Solae
727 1667 921 1750 physicarum
933 1669 1085 1733 rationum
1104 1670 1381 1734 verisimilitudines
1396 1679 1506 1734 sucto-

146 1770 207 1827 res,
232 1757 267 1813 ut
289 1751 414 1832 quisque
437 1753 515 1817 hanc
538 1755 587 1817 vel
604 1755 688 1818 illam
711 1755 902 1836 potissimum
924 1757 1070 1838 sequitur,
1094 1758 1124 1821 iu
1146 1759 1300 1822 contraria
1322 1759 1453 1839 rapiunt,
1475 1760 1507 1827 in

147 1838 259 1903 ceteris
280 1841 516 1906 eonsentientes.
563 1841 631 1915 Quo
653 1852 756 1925 pacto,
780 1846 844 1907 sive
869 1854 939 1910 aute
969 1845 1034 1908 sire
1056 1848 1301 1927 poatEudosmu
1320 1847 1506 1927 disputatum

146 1929 190 1993 ait
216 1929 255 1991 de
281 1929 425 1991 moderno
454 1932 649 2011 sphaerarum
678 1932 782 1996 ordim
804 1935 936 2017 vulgari,
967 1953 1027 1996 non
1055 1937 1224 2019 censendae
1247 1944 1318 1998 suut
1346 1935 1452 1999 horum
1475 1944 1508 1998 et

145 2016 266 2081 Eudoxi
297 2016 435 2081 mensa
463 2019 647 2102 hypotheses
674 2022 907 2089 astronomicae.
958 2020 1035 2086 Gnm
1067 2025 1145 2086 enim
1182 2024 1252 2086 inde
1284 2044 1304 2085 a
1330 2024 1508 2104 Pythagora

143 2107 298 2187 hucusque
314 2106 425 2188 vulgus
439 2116 678 2172 astronomorum
692 2111 723 2173 in
736 2111 837 2191 capite
860 2111 1076 2187 consenserint,
1102 2111 1251 2174 dubitatio
1274 2111 1349 2174 haec
1364 2112 1403 2173 de
1417 2113 1507 2177 trium

145 2195 252 2258 horum
283 2212 441 2276 corporum
467 2197 573 2260 ordine
600 2216 726 2280 semper-
748 2201 873 2277 msusit,
908 2200 1058 2262 necdum
1089 2220 1109 2262 a
1135 2200 1269 2282 physicis
1298 2207 1347 2263 est
1375 2199 1506 2263 sublata

144 2283 365 2348 Heraclitus
381 2282 485 2348 Solem
508 2287 582 2349 iecit
603 2286 809 2367 penintimnrn,
834 2290 939 2352 eodem
962 2307 1030 2350 cum
1043 2287 1213 2351 Aristotele
1228 2308 1300 2351 usna
1319 2294 1507 2368 argumento,

145 2372 225 2452 quod
254 2379 358 2435 cetera
390 2381 477 2436 astra
503 2376 601 2438 miuus
630 2376 822 2440 calefaciant.
863 2378 954 2440 Plato
977 2377 1226 2458 Pythagoricam,
1254 2375 1445 2441 Socraticam
1475 2383 1508 2439 et

145 2460 361 2524 Heraclitioam
383 2461 607 2544 philosophiam
629 2465 774 2542 miscens,
805 2467 956 2529 reiamnte
978 2464 1011 2527 id
1032 2465 1174 2541 Laertio,
1202 2465 1403 2546 locupletarit
1428 2464 1506 2529 hene

145 2549 315 2631 cp’mioneru
336 2551 440 2630 optiea
462 2552 656 2633 conjecturs:
680 2554 708 2616 ai
732 2555 774 2631 Ω,
799 2556 821 2633 b
841 2555 923 2619 inira
943 2552 1047 2617 Solem
1069 2554 1141 2623 sint,
1166 2553 1313 2617 diminuta
1335 2553 1407 2616 olim
1428 2552 1505 2615 iacis

145 2647 180 2702 ut
200 2639 319 2702 Ιιιιιιιιι
342 2637 440 2703 visum
462 2639 510 2702 iri
552 2641 746 2706 Ptolemaeus
778 2642 865 2706 addit
886 2662 926 2705 ex
947 2642 1065 2705 illorum
1086 2643 1241 2704 sententia
1272 2651 1304 2704 et
1332 2642 1389 2705 hoo
1412 2659 1505 2720 argn-

143 2735 293 2800 ruentum,
324 2728 406 2808 quod
435 2747 586 2809 uunquam
614 2729 717 2792 Solem
749 2731 957 2794 obtenebrant.
1005 2728 1091 2799 Quae
1115 2736 1294 2809 amumeute
1317 2728 1506 2791 declinantes

143 2815 279 2879 moderni
301 2816 453 2897 pellucida
475 2816 529 2879 illa
551 2835 679 2897 corpora
701 2817 825 2894 iaciunt,
849 2820 1109 2899 contraquam)
1131 2817 1180 2878 vel
1203 2816 1270 2879 Soli
1292 2816 1506 2897 propinquanti

143 2904 224 2966 vesu
246 2905 370 2975 cedere,
401 2913 436 2967 nt
457 2905 653 2969 Ptolemaeus
675 2907 757 2980 volt,
791 2907 840 2970 vel
864 2906 956 2969 etiam
979 2907 1213 2978 sutumuuere,
1246 2913 1281 2968 ιιι
1308 2904 1443 2967 moderni
1465 2922 1505 2966 ex

143 2993 253 3056 Proclo
279 3000 313 3055 et
334 2993 493 3057 Arerrhoe
521 2995 668 3075 exemplis
696 2993 793 3058 dubiis
820 2995 1012 3057 contendunt
1058 2996 1104 3057 At
1129 3000 1238 3055 contm
1265 2992 1506 3073 penetrationem

143 3082 260 3145 orbium
278 3079 378 3157 Solis,
406 3083 551 3158 Veneris,
580 3083 722 3146 Mercurii
745 3090 778 3146 et
800 3085 905 3147 Lunae
927 3082 1058 3145 nondum
1081 3080 1197 3144 amoliti
1220 3091 1305 3157 sunt,
1339 3088 1373 3142 ut
1395 3078 1505 3141 melius

143 3177 209 3232 stat
233 3169 447 3252 Alpetragiua,
481 3172 531 3251 qui
559 3190 650 3234 unum
677 3179 795 3235 tantum
826 3171 892 3236 Soli
924 3179 957 3234 et
978 3171 1084 3233 Lunae
1110 3169 1285 3250 interponit
1331 3169 1375 3232 Et
1400 3176 1505 3231 mmeu

144 3259 327 3339 conjecturis
348 3259 484 3341 physicis
507 3262 691 3324 contendunt
704 3262 886 3325 Mercurium
906 3261 987 3324 infra
1000 3259 1161 3333 Venerem,
1185 3258 1257 3338 quia
1278 3258 1409 3322 motibus
1431 3255 1503 3335 plu·

142 3346 227 3412 ribus
248 3355 406 3411 moveatur
426 3357 618 3431 motuumque
641 3350 836 3415 similitudine
859 3351 899 3414 ad
912 3350 1030 3413 mam
1042 3347 1178 3430 proxime
1192 3348 1329 3409 accedat.
1374 3346 1502 3408 Utrum-

143 3454 201 3518 que
230 3454 303 3499 rero
331 3436 388 3499 aab
410 3436 498 3513 Sole,
531 3447 566 3501 ut
591 3439 620 3501 is
651 3441 751 3520 possit
777 3460 845 3503 esse
878 3440 996 3503 medius
1024 3446 1057 3501 et
1084 3435 1216 3517 spatium
1244 3436 1323 3499 inter
1345 3433 1448 3497 Solem
1471 3441 1505 3497 et

141 3525 261 3588 Lunam
282 3524 454 3607 impleatm.
501 3528 551 3589 lta
573 3527 740 3607 disputatio
758 3528 832 3591 haec
848 3528 975 3610 physica
984 3535 1046 3602 est,
1070 3545 1129 3589 non
1143 3524 1356 3588 ethonomica.
1372 3557 1416 3571 -
1439 3519 1502 3584 Sed

142 3615 183 3677 ad
205 3614 319 3679 Ursum
339 3614 440 3676 redeo.
720 3645 724 3655 ·
1469 3666 1473 3673 .

229 3701 274 3764 Et
292 3701 427 3784 loquitur
449 3702 570 3783 quidem
592 3702 689 3765 Uram
712 3703 821 3784 ubique
844 3704 903 3781 ita,
936 3722 973 3766 ae
996 3703 1023 3763 si
1046 3700 1231 3782 temporibus
1254 3700 1315 3762 illia
1342 3708 1378 3761 ut
1398 3698 1499 3779 philo-

142 3791 302 3872 sophicae,
333 3791 377 3854 sic
401 3790 624 3854 astronomicae
646 3809 762 3873 quoque
786 3789 908 3859 scholae
933 3791 1075 3864 luissent,
1109 3789 1315 3867 artificumque
1342 3795 1378 3849 ut
1398 3787 1499 3867 philo-

141 3880 305 3960 sophorum
336 3880 480 3943 continua
510 3879 677 3954 successio,
711 3882 887 3960 dogmatum
918 3878 1185 3942 astronomicomm
1215 3876 1265 3938 vel
1287 3875 1423 3937 defensio
1451 3874 1500 3949 vel

141 3968 265 4049 publica
295 3976 329 4031 et
350 3968 483 4031 solennis
511 3969 696 4034 immutarier
729 3969 809 4051 quod
836 3967 1037 4049 lougealiter
1063 3964 1223 4028 sehabet
1271 3961 1400 4044 Semper
1421 3963 1501 4025 enim

142 4058 218 4120 haec
242 4057 362 4120 sennua
383 4057 442 4121 fuit
463 4058 675 4133 astronomiae,
699 4067 734 4121 ut
754 4056 844 4138 pauci
866 4063 980 4131 esseut,
1004 4053 1053 4133 qui
1078 4073 1150 4116 suas
1172 4053 1291 4114 ineam
1313 4071 1402 4114 curas
1425 4070 1501 4114 con-

142 4146 267 4209 ferrent.
312 4146 361 4207 Ac
393 4145 452 4208 etsi
482 4164 558 4208 sane
590 4165 648 4208 non
677 4146 787 4209 desunt
813 4146 966 4226 exempla,
999 4142 1049 4205 nbi
1072 4162 1148 4205 unus
1171 4142 1299 4204 alterum
1331 4139 1449 4204 audivit
1470 4138 1501 4201 iu

142 4233 367 4310 asmonomims,
400 4235 498 4314 magis
525 4242 627 4298 umen
658 4242 722 4297 tum
743 4233 889 4314 temporis
916 4233 1064 4313 agebatm
1087 4230 1242 4312 negotium
1268 4228 1502 4294 ashonomicum

141 4322 222 4387 intra
243 4321 381 4404 privatos
402 4324 547 4403 parietes,
571 4341 627 4385 nee
649 4324 712 4386 ulla
730 4322 858 4387 celebris
872 4330 905 4385 et
919 4322 1060 4403 frequens
1074 4319 1262 4384 auditoribus
1276 4319 1382 4381 schola
1396 4324 1500 4381 astro·

141 4412 261 4475 uomica
288 4431 326 4474 ea
357 4412 494 4475 historiis
522 4418 596 4476 uota
618 4419 677 4474 eat
722 4412 870 4492 Adeoque
902 4430 962 4474 non
990 4428 1094 4473 omnes
1126 4408 1254 4472 invicem
1277 4405 1445 4469 nunnoni
1467 4424 1501 4468 se

141 4500 406 4573 mammen,
441 4499 578 4581 quamvis
607 4499 766 4563 coaetanei
789 4508 907 4575 emant,
941 4508 996 4563 aut
1026 4499 1119 4561 libros
1142 4497 1274 4577 scriptos
1297 4494 1501 4576 reliquissent,

141 4588 363 4672 typographiae
384 4596 459 4670 puto
482 4588 613 4652 deiectu.
659 4589 815 4653 Philolaus
829 4590 909 4652 eninr
931 4588 1004 4670 quid
1017 4586 1148 4651 samarit
1160 4603 1254 4666 supra
1267 4585 1391 4659 dictum,
1415 4582 1502 4661 cujus
1555 4598 1558 4603 ·

142 4676 347 4741 ιιιιοιιοιιιὶοι
376 4676 522 4758 dogmata
552 4678 579 4740 ai
611 4677 740 4741 inissent
770 4676 897 4741 Eudoxo
930 4696 1017 4758 quem
1049 4675 1176 4737 vivendo
1208 4672 1364 4736 Philolaus
1397 4669 1503 4751 attigit

140 4765 276 4847 cognita,
299 4765 371 4847 quid
393 4784 469 4847 opus
492 4766 616 4840 falsam,
643 4774 678 4830 ut
699 4766 822 4848 propris
844 4785 916 4829 cura
938 4765 1036 4828 minua
1057 4764 1226 4844 perfectam
1248 4766 1501 4825 commentaretur
1566 4772 1569 4785 ·

140 4854 383 4919 moniam?
426 4854 549 4919 Etenim
572 4875 609 4917 ex
632 4854 816 4920 Archimede
838 4860 974 4926 commi,
1008 4850 1149 4913 delinisse
1170 4850 1330 4913 Eudoxum
1355 4846 1495 4910 diametri
