3872 5836
816 335 916 387 Literae
934 337 1038 400 Kepleri
1057 337 1207 401 slimnmque
1225 343 1347 391 mamae„

893 494 929 546 Ut
945 497 978 545 sit
996 497 1019 545 Δ
1037 509 1177 562 apogaeum
1197 494 1314 560 epieycli,
1344 494 1517 561 Ospopaeum
1536 493 1659 551 emerui,
1676 491 1752 550 B,G

822 574 916 628 puncta
942 567 1093 625 reflexiouis,
1121 568 1220 633 quando
1248 573 1358 616 centrum
1386 565 1490 630 epicycli
1514 566 1540 614 in
1567 564 1640 613 uodo.
1682 563 1752 614 Tunc

822 637 869 686 ΔΙ)
898 637 935 686 rel
954 637 998 687 HI
1025 638 1114 688 eadem
1137 635 1192 701 ipsa
1217 638 1284 688 linea
1308 638 1413 702 apogaei
1442 636 1545 700 epicycii
1573 636 1657 686 unitur
1675 634 1750 699 eclip-

822 709 901 765 ticae,
926 716 952 758 et
977 712 1014 759 sic
1041 708 1063 758 B
1089 709 1117 759 11
1146 709 1186 765 K,
1211 716 1237 758 et
1262 707 1281 756 Ο
1308 708 1336 757 11
1362 707 1399 769 Τ,
1428 709 1486 772 quia
1513 704 1565 756 AD
1589 706 1751 771 perpendicu-

822 778 907 829 lariter
930 779 993 829 adS
1013 780 1150 833 descendit
1187 779 1229 830 Sic
1248 778 1303 839 ΩΒ
1320 781 1345 828 in
1363 781 1410 828 isto
1428 779 1483 828 loeo
1502 786 1540 828 est
1558 779 1664 843 apogaei
1686 777 1753 828 linea

822 851 1040 914 perpendicularis,
1060 850 1084 897 V
1096 866 1152 901 vero
1171 857 1210 901 est
1226 863 1365 915 apogaeum
1382 850 1487 913 epicycli
1499 849 1609 914 vulgare,
1628 856 1655 897 et
1673 848 1696 908 Q
1715 858 1753 899 est

824 936 977 986 apogaeum,
1007 936 1023 971 a
1048 937 1096 987 quo
1124 918 1282 980 distantiat}
1306 937 1349 984 pro
1367 921 1499 971 latitudine
1524 920 1672 985 inquirenda
1689 922 1752 969 sumi

824 993 906 1042 debet.
943 993 1014 1043 Data
1036 995 1111 1058 igitur
1136 987 1295 1051 distantiaQ
1318 994 1350 1042 ab
1376 1006 1488 1056 apogaeo
1511 991 1618 1056 rulpari,
1647 991 1753 1041 addatur

822 1064 857 1114 ilii
877 1065 1010 1114 distantiae
1029 1067 1106 1114 centri
1126 1064 1228 1127 epicycli
1248 1064 1280 1114 ab
1297 1077 1408 1128 apogaeo
1426 1064 1560 1112 eccentrici
1579 1062 1708 1119 distantia,
1728 1070 1753 1112 et

821 1136 899 1187 babes
917 1142 996 1185 totam
1015 1128 1036 1195 Q
1056 1136 1201 1185 distantiam
1219 1136 1251 1184 ab
1270 1148 1382 1199 apogaso
1401 1133 1505 1197 epioycii
1522 1132 1643 1197 parallelo
1667 1134 1750 1183 latim·

822 1207 914 1257 diuum.
952 1207 1070 1256 Circellus
1092 1221 1181 1272 parvus
1205 1203 1270 1268 (Er)
1299 1220 1373 1269 pmpe
1392 1204 1495 1253 Terram
1518 1206 1596 1257 ricem
1621 1205 1752 1255 ecceutrlci

821 1280 886 1343 gerit
912 1277 1107 1342 quodammodo,
1133 1279 1154 1326 si
1178 1278 1287 1341 superior
1311 1290 1369 1340 pars
1388 1275 1408 1324 E
1427 1278 1480 1337 eius
1499 1275 1620 1332 declinet,
1653 1275 1753 1325 inferior

821 1364 879 1413 pars
897 1350 916 1398 F
935 1350 1007 1400 unita
1024 1350 1056 1397 sit
1082 1348 1163 1399 lineae
1191 1347 1224 1397 ad
1250 1347 1391 1410 eclipticam
1416 1346 1559 1410 productae.
1597 1344 1624 1396 Si
1642 1353 1752 1395 centrum

822 1422 954 1472 eccentrici
972 1422 998 1469 iu
1011 1420 1031 1469 Ε
1043 1421 1162 1484 superiori
1170 1426 1250 1482 parte,
1269 1425 1329 1468 tuuc
1347 1418 1416 1467 linea
1433 1417 1539 1467 aTerra
1556 1432 1600 1482 per
1614 1416 1676 1466 illud
1695 1431 1751 1466 ceu·

820 1498 884 1542 trum
902 1492 1035 1542 eccentrici
1055 1492 1147 1540 educta
1165 1489 1274 1539 ostendit
1292 1489 1484 1538 declinationem
1502 1490 1534 1538 ab
1553 1483 1678 1552 ecliptica.

468 1563 497 1611 Iu
516 1561 614 1613 Venere
634 1569 701 1627 puto,
721 1578 797 1613 uuam
815 1563 971 1614 latitudinem
990 1569 1087 1611 tanturn
1107 1576 1175 1621 esse,
1194 1554 1350 1610 reflexionem
1368 1559 1484 1608 videlicet
1501 1560 1642 1615 eccentrici,
1660 1558 1752 1608 unllam

394 1649 451 1684 vero
471 1634 662 1683 declinationem
682 1632 731 1695 (ti,
751 1650 807 1684 oum
826 1636 890 1685 adeo
909 1648 986 1697 parva
1006 1669 1012 1681 .
1033 1668 1039 1681 .
1061 1668 1066 1679 .
1088 1668 1093 1681 .
1116 1631 1151 1694 [1)
1172 1667 1177 1680 .
1198 1667 1205 1680 .
1226 1666 1232 1678 .
1252 1645 1317 1694 quae
1340 1632 1403 1679 torte
1421 1631 1480 1679 ritio
1499 1631 1676 1680 observationis
1694 1629 1752 1680 Pto·

392 1707 516 1756 lemaicae
533 1706 572 1754 ita
589 1704 705 1755 ordinata
723 1707 777 1755 luit.

465 1775 556 1825 Judica
573 1783 601 1825 tn
620 1777 651 1827 de
669 1776 718 1827 hac
736 1777 915 1841 speculatione,
933 1778 974 1839 qni
994 1774 1204 1824 observationibus
1217 1771 1383 1835 Tychonianis
1401 1770 1554 1821 hauddubie
1569 1773 1705 1822 instructus
1718 1786 1752 1821 es.

469 1846 611 1911 Diligenter
629 1862 725 1911 quoqne
744 1863 775 1897 ex
792 1847 960 1912 parallaxibns
979 1846 1017 1895 rel
1037 1845 1229 1895 evariatiouibus
1242 1839 1472 1907 (evagationibusl)
1491 1844 1557 1893 risus
1576 1842 1753 1893 attendendum

396 1918 480 1979 judico
500 1916 531 1966 de
549 1915 666 1968 Mercurii
685 1919 771 1967 mansii
790 1919 940 1983 quantitate,
960 1932 992 1966 an
1011 1912 1027 1963 4
1046 1918 1123 1980 siguis
1143 1916 1174 1965 ab
1193 1928 1305 1979 apogaeo
1324 1920 1432 1963 remotus
1450 1927 1537 1963 revera
1555 1915 1636 1979 magis
1648 1914 1681 1963 ad
1694 1913 1752 1962 Ter·

398 2003 451 2038 ram
471 1989 657 2052 appropinquet,
676 2003 750 2053 qnam
769 1990 795 2039 ia
813 1992 938 2054 perigaeo,
958 1988 996 2037 rel
1015 2002 1048 2037 au
1066 1987 1125 2036 illud
1144 1987 1190 2036 fiat
1207 1999 1251 2049 per
1262 1990 1356 2033 motum
1372 1983 1486 2033 diametri
1497 1987 1569 2048 Juxta
1582 1984 1754 2048 Gopernicum,

398 2059 436 2109 vel
454 2058 558 2121 epicyoli
577 2061 775 2121 majorationem,
793 2067 822 2109 ut
839 2062 875 2109 sio
894 2057 991 2108 dicam?

421 2161 466 2208 ris·
495 2162 515 2196 ⁶·
647 2146 848 2225 Keplerus:
882 2146 939 2207 Hic
963 2164 1011 2207 me
1026 2162 1117 2205 vocas
1140 2144 1169 2204 iu
1195 2145 1381 2225 labyrinthos
1396 2154 1464 2206 tuos
1488 2144 1524 2204 de
1549 2144 1699 2206 Mercurio
1723 2156 1755 2206 et

487 2277 500 2320 ὁ
559 2234 690 2296 Venere.
722 2235 791 2298 Non
816 2235 900 2297 iubet
923 2233 1022 2314 sequi:
1056 2232 1134 2294 citra
1157 2233 1303 2295 rationem
1337 2232 1477 2312 fatigaris
1510 2234 1653 2294 assumtis
1676 2233 1752 2295 Pto-

560 2322 667 2399 lemaei
689 2323 821 2403 placitis,
848 2344 924 2405 quae
955 2330 1021 2385 tam
1042 2323 1139 2383 multa
1167 2320 1534 2401 faisadepreheuduntm.
1582 2321 1657 2383 Mihi
1685 2322 1751 2383 sus-

558 2412 622 2472 ficit
644 2412 722 2474 scire
746 2413 804 2474 hoc
827 2413 864 2474 de
887 2412 1009 2474 Venere
1032 2418 1064 2472 at
1088 2410 1237 2474 Mercurio
1261 2430 1299 2471 err
1322 2409 1599 2477 observationibus,
1624 2410 1752 2473 incline·

558 2501 657 2562 tiones
670 2502 827 2581 planorum
848 2504 939 2582 (qnae
956 2510 1026 2562 sunt
1041 2500 1217 2560 Ptolemaeo
1233 2499 1374 2581 epicycli)
1398 2499 1437 2560 ad
1455 2499 1576 2578 planum
1595 2499 1753 2580 eclipticas

414 2580 428 2625 ⁹
502 2574 515 2623 ⁹
561 2608 630 2651 1111
654 2599 844 2665 constantes,
870 2599 902 2651 et
925 2589 1035 2651 variari
1060 2607 1150 2669 posse
1167 2589 1357 2650 latitudinem
1381 2608 1434 2650 seu
1446 2588 1671 2649 inclinationem
1685 2606 1744 2651 ma·

559 2678 680 2754 xlmam,
706 2680 825 2759 quando
848 2679 996 2756 contingit
1018 2678 1048 2739 iu
1072 2680 1101 2753 (s
1117 2674 1156 2754 Θ
1182 2699 1201 2739 1
1226 2672 1321 2739 i⁰in
1348 2671 1484 2739 100111
1512 2673 1588 2751 11⁰,
1613 2678 1753 2740 atrides

560 2768 589 2828 11
615 2769 734 2847 adjecto
758 2769 924 2831 schemate.
970 2766 1040 2829 Erit
1064 2765 1174 2842 969
1200 2786 1291 2846 snpra
1317 2762 1393 2840 110,
1423 2767 1503 2827 iufra
1529 2761 1571 2827 1ο
1592 2785 1619 2828 c.
1643 2784 1670 2827 c.

501 2844 514 2870 ⁸
648 2859 793 2919 Fortasse
821 2857 919 2920 miuus
948 2857 1018 2937 quid
1046 2855 1221 2930 dicendum,
1254 2863 1288 2916 ut
1316 2855 1444 2916 nitemm
1472 2854 1597 2917 alterius
1625 2855 1666 2917 111
1696 2875 1751 2916 non

559 2947 771 3025 undecuplum,
805 2948 858 3009 sed
883 2946 1050 3027 octuplum,
1085 2955 1137 3005 aut
1162 2947 1238 3006 forte
1267 2944 1474 3005 tautummodo
1498 2944 1683 3024 sextuplum,
1716 2945 1751 3005 de

559 3054 616 3115 quo
639 3055 696 3096 nou
721 3055 830 3115 pugno.
879 3034 1002 3097 01111111
1025 3033 1174 3096 1111111111
1197 3035 1274 3095 11111
1290 3033 1411 3106 cadunt,
1438 3032 1750 3095 bisectaeccentrici·

558 3133 623 3185 tate
638 3124 760 3186 Terrae.
798 3124 846 3186 Ex
861 3124 1004 3205 epicyclis
1019 3124 1091 3184 fient
1109 3121 1278 3196 eccentrici,
1303 3120 1430 3201 quilibet
1444 3141 1509 3182 cum
1524 3141 1579 3183 suo
1594 3132 1751 3203 aequante.

489 3261 490 3264 ,
559 3212 689 3273 Teutavi
714 3220 783 3273 aute
808 3231 902 3273 anuos
927 3212 947 3272 6
970 3212 1018 3273 rel
1043 3209 1078 3285 i3
1111 3210 1215 3273 videor
1237 3210 1424 3284 meminisse,
1449 3228 1507 3271 non
1531 3229 1622 3291 posse
1645 3211 1750 3273 Ptole-

495 3310 510 3357 e
560 3300 638 3361 maei
662 3298 776 3379 placita
800 3300 969 3362 transfundi
992 3300 1023 3360 in
1045 3297 1282 3378 Coperuicanam
1306 3301 1432 3361 sormam
1455 3299 1534 3361 citra
1555 3300 1751 3362 mutationem

396 3409 582 3466 pameneae
605 3405 721 3460 eorum,
755 3407 831 3467 quae
864 3407 902 3448 err
929 3388 1122 3450 Ptolemaicis
1156 3395 1328 3468 sequuntur.
1376 3388 1585 3467 Triangulatio
1613 3388 1753 3451 Mercurii

334 3530 347 3545 ,
396 3484 540 3556 suspecta
563 3484 621 3544 est,
646 3476 897 3557 quiaquantum
921 3477 952 3538 id
976 3485 1024 3538 est
1046 3477 1076 3537 in
1100 3477 1326 3550 observatione,
1351 3477 1430 3555 quod
1453 3476 1630 3539 Ptolemaeo
1653 3477 1751 3539 triau-

397 3565 580 3646 gulationem
604 3566 771 3643 persuasit,
801 3566 832 3628 id
856 3573 968 3641 totum,
994 3584 1088 3646 eoque
1112 3566 1209 3645 majus
1243 3564 1356 3646 aliquid
1385 3565 1605 3627 observationis
1628 3567 1752 3628 incerti-

398 3655 492 3717 tudini
517 3654 606 3716 tribui
621 3664 743 3735 potest.
790 3655 831 3716 Et
855 3664 955 3717 tamen
980 3655 1007 3716 si
1031 3675 1068 3716 ex
1092 3655 1227 3736 epicycio
1252 3655 1286 3716 11
1309 3654 1509 3730 acceptimus,
1542 3655 1753 3717 ecceutricitas

399 3745 451 3806 111
474 3762 600 3822 magna,
625 3745 756 3806 ovalitas
781 3743 921 3824 insignis,
947 3745 1121 3807 occasiones
1145 3744 1271 3817 multae,
1297 3762 1373 3823 quae
1398 3744 1572 3805 Ptolemaeo
1592 3744 1630 3805 ad
1653 3744 1751 3805 trian-

396 3834 579 3913 gulationem
602 3833 721 3912 praeire
747 3842 919 3914 potuerunt.
967 3833 1087 3895 Addam
1117 3844 1149 3894 et
1176 3832 1220 3908 id,
1255 3833 1291 3892 de
1321 3850 1378 3912 quc
1408 3832 1499 3893 toties
1529 3833 1668 3913 quaeris,
1702 3850 1754 3894 cur

397 3923 485 3984 hodie
515 3932 641 3983 cunctae
671 3923 878 4004 elongationes
912 3923 1060 3984 maximae
1090 3941 1147 3983 nou
1184 3927 1314 4001 aequent
1341 3920 1492 4003 antiquas.
1539 3921 1608 3984 Non
1638 3922 1753 4002 dispersi

398 4013 468 4091 quid
494 4011 589 4072 dicas.
636 4010 699 4073 Sed
722 4013 875 4073 inventum
909 4031 1032 4085 moneo,
1068 4020 1101 4073 ut
1132 4030 1233 4072 sumes
1270 4010 1478 4089 elongatioues
1512 4030 1531 4071 a
1558 4011 1656 4072 medio
1689 4012 1754 4077 icco

398 4100 490 4172 Solis,
515 4118 572 4159 non
598 4119 617 4158 a
640 4118 724 4172 vero,
751 4109 912 4179 ceteraque
936 4102 1000 4161 Tua
1024 4101 1138 4161 frustra
1160 4118 1226 4160 cum
1250 4098 1445 4160 Ptolemaicis
1469 4099 1674 4178 comparabis,
1709 4098 1754 4160 1111

398 4207 435 4248 ex
459 4187 628 4247 observatis
653 4188 726 4249 Tuis
752 4190 898 4268 loquaris:
924 4189 965 4250 nii
989 4188 1103 4264 mirum,
1130 4189 1155 4248 si
1179 4187 1350 4267 discrepent
1374 4208 1393 4249 1
1415 4186 1534 4266 placitis
1550 4187 1753 4251 Ptolemaicis.

399 4276 476 4337 Puto
500 4274 563 4336 fieri
587 4294 645 4336 non
668 4295 775 4355 posse,
799 4285 831 4338 ut
855 4277 935 4339 intra
959 4288 1041 4339 tuam
1066 4286 1199 4339 aetatem
1214 4276 1326 4338 cadant
1349 4276 1519 4355 hujusmodi
1534 4276 1753 4357 elongationes,

397 4363 641 4433 mammutius,
673 4366 771 4428 altera
793 4366 981 4445 vespertina,
1016 4366 1064 4427 nbi
1090 4365 1256 4428 Mercurius
1290 4366 1379 4427 simui
1402 4366 1507 4427 eodem
1537 4367 1581 4429 sit
1612 4368 1676 4428 loco
1707 4366 1753 4428 sui

397 4452 539 4533 epicycli,
563 4453 710 4534 simulque
735 4455 826 4516 cadat
845 4455 874 4516 in
898 4454 1120 4535 elongationem
1143 4454 1318 4530 maximam,
1348 4453 1524 4536 etquidem
1548 4454 1655 4517 sumsit
1677 4455 1754 4517 Pto·

396 4541 540 4601 lernaeus.

466 4627 644 4681 Fabricius:
666 4627 796 4690 Narratur,
815 4631 950 4680 Dracum
969 4632 995 4680 iu
1013 4629 1152 4680 elevatione
1165 4631 1213 4695 poli
1226 4626 1279 4679 111
1296 4636 1406 4694 tempore
1425 4631 1519 4681 aestivo
1537 4644 1657 4696 magnam
1677 4632 1755 4697 trigas

396 4698 527 4757 iuvenisse,
546 4715 594 4750 nec
611 4710 711 4764 propter
723 4702 830 4767 glaciem
848 4703 874 4751 iu
892 4700 970 4751 litoris
988 4701 1095 4750 Peruani
1118 4703 1174 4751 sinu
1201 4702 1308 4768 quodam
1326 4703 1454 4753 inventam
1472 4702 1574 4752 ulterius
1592 4705 1691 4768 migrari
1710 4718 1753 4767 po·

396 4770 481 4821 tuisse.
519 4770 591 4832 Quae
609 4785 688 4821 causa
704 4773 778 4836 liujus
796 4773 887 4824 insoliti
905 4769 1021 4839 trigoris?

486 4842 693 4923 Kepieras:
726 4845 773 4907 De
802 4845 913 4924 frigore
944 4846 975 4906 iu
1005 4842 1143 4906 litoribus
1167 4842 1312 4914 Quivirae
1335 4853 1409 4924 puto
1432 4865 1479 4907 me
1503 4845 1661 4927 scripsisse
1693 4846 1755 4926 jam
