3838 5824
730 448 734 455 .
777 394 859 461 ceper
877 396 897 448 1.
1454 400 1517 467 tll

156 549 246 612 orbes
259 551 428 655 eoum,
454 550 563 631 quibus
578 552 776 630 demonstret,
801 556 877 618 baec
895 556 939 618 ita
957 557 1020 620 lieri
1038 576 1139 637 posse,
1165 577 1232 621 cnm
1249 567 1351 620 tamen
1375 560 1414 621 ιιι
1436 572 1518 626 motu

157 638 288 701 Telluris
311 640 399 703 unico
422 648 564 703 secutura
586 643 656 706 sint.
700 646 803 724 Atque
826 646 883 707 hoc
906 645 1026 725 quidem
1049 648 1146 710 multa
1167 655 1240 725 pust
1261 649 1365 710 secula
1386 649 1439 711 vix
1462 652 1517 712 de··

155 746 236 790 mum
249 728 311 790 liet
340 728 404 791 Sed
422 728 515 791 tertio
538 733 666 793 mutatio
681 733 917 796 eccentrieitatis
932 734 1093 808 Terrenae,
1118 755 1178 815 qua
1199 745 1335 799 centrum
1359 740 1518 803 eceentrlci

155 816 195 878 ad
215 814 319 879 Solem
338 817 457 880 accedit
479 826 512 880 et
534 819 628 881 abeo
647 821 772 893 recedit,
795 822 865 884 inde
883 843 903 883 a
923 824 1099 887 Ptolemaeo
1123 825 1353 904 educensque
1377 830 1518 930 magnum

152 903 258 985 quid
249 923 280 966 m
302 906 403 969 Marte
427 914 459 968 et
478 908 599 970 Venere
622 910 733 984 intulit,
748 907 779 988 ⁰)
803 929 926 990 qnorum
950 913 1193 975 eccnntn‘citstes
1217 933 1284 975 cnm
1308 922 1447 977 mutatae
1466 917 1515 977 vi-

152 994 298 1066 deantur,
325 995 396 1075 quid
418 976 627 1059 Ptolemaeum
655 998 803 1062 dicturum
825 1001 939 1079 putas?
985 1001 1136 1081 Numquid
1160 1021 1277 1064 mrsum
1299 1021 1394 1064 noros
1417 1004 1517 1069 circu·

153 1082 233 1145 los
224 1102 255 1147 m
278 1091 446 1146 ceterorum
470 1084 617 1147 infinitam
642 1088 760 1149 turbam
783 1089 956 1163 ascisceret,
981 1090 1008 1152 si
1030 1090 1171 1152 viveret?
1195 1090 1302 1171 quibus
1326 1092 1494 1154 omnibus
1486 1112 1516 1157 m

154 1169 323 1250 Copemico
345 1191 420 1252 opus
444 1173 566 1236 minime
589 1183 646 1238 est.
681 1177 765 1239 llaec
788 1186 837 1239 tot
859 1185 891 1237 et
913 1186 1002 1241 tauta
1016 1178 1200 1258 Copernicus
1224 1194 1279 1259 per
1301 1180 1389 1242 unius
1412 1182 1515 1244 circuli

152 1258 210 1323 AB
233 1260 298 1339 (fig
317 1259 373 1334 10)
396 1262 576 1341 positionem
601 1273 633 1325 ιι
651 1274 765 1327 molum
787 1266 957 1345 praestitit:
984 1268 1060 1329 unde
1085 1268 1202 1341 merito,
1228 1269 1364 1348 quamvis
1388 1270 1515 1349 exiguus

153 1356 246 1423 esset,
269 1349 403 1430 Magno
426 1369 590 1432 cognomen
608 1354 700 1415 dedit
737 1354 794 1416 Hic
817 1354 931 1434 primus
954 1363 1054 1418 motus
1077 1356 1161 1419 coelo
1176 1356 1280 1418 Lunae
1304 1376 1372 1420 curn
1395 1358 1515 1420 Tellure

152 1439 319 1499 communis
343 1438 411 1501 fnit.

239 1524 311 1588 Jam
334 1546 423 1606 porro
448 1527 613 1598 rideamus,
637 1530 708 1608 quid
731 1531 836 1612 reliqui
861 1540 959 1593 motus
975 1532 1106 1597 Telluris
1130 1532 1276 1607 efficient,
1302 1533 1351 1615 qui
1374 1534 1516 1597 accidunt

152 1613 232 1677 intra
254 1614 337 1678 illum
360 1616 464 1678 Lunae
488 1616 651 1679 orbiculum
675 1620 713 1680 ad
737 1619 779 1681 A.

242 1701 399 1767 Secundm
423 1705 515 1786 igitur
537 1713 637 1769 motus
661 1724 718 1769 nou
742 1708 851 1787 integri
877 1708 968 1784 orbis,
991 1709 1048 1769 scd
1070 1708 1194 1773 orbiculi
1220 1709 1379 1781 coelestis,
1402 1709 1512 1773 Terrae

151 1791 273 1872 globum
295 1793 430 1873 proxime
453 1814 508 1857 ceu
530 1795 679 1857 nucleum.
692 1796 870 1859 includentis
885 1801 929 1871 ¹³),
957 1797 1057 1859 tendit
1080 1798 1109 1860 in
1134 1798 1305 1877 oppositum
1327 1796 1367 1859 ab
1389 1806 1460 1861 ortu
1481 1799 1512 1860 in

150 1899 300 1957 ιιιιιιιιιι,
324 1882 448 1963 perinde
471 1890 506 1945 ut
527 1885 676 1964 epicyclia
699 1886 894 1965 superiorum,
919 1886 1027 1965 quibus
1050 1886 1384 1949 eorum-eecentricitas
1407 1887 1513 1949 salra-

150 1977 201 2032 tnr
223 1991 243 2031 a
263 1969 441 2053 Copemico.
478 1972 578 2052 Hujus
601 1992 701 2035 annua
723 1973 939 2036 constitutione
962 1975 1006 2046 nt,
1029 1984 1066 2036 ut
1087 1974 1318 2054 aequinoctialis
1341 1992 1460 2053 semper
1483 1975 1512 2036 in

150 2060 277 2121 eandem
300 2061 400 2122 mnndi
424 2068 543 2139 perlem
566 2061 708 2123 declinet.
753 2061 819 2124 Poli
846 2064 926 2124 enim
954 2062 1184 2142 aequinoctialis
1212 2063 1277 2124 sive
1308 2063 1443 2142 corporis
1474 2063 1512 2124 ab

149 2146 236 2227 hujus
259 2149 338 2228 polis
361 2168 416 2229 per
439 2144 521 2233 23¹1,
542 2146 556 2181 ⁰
577 2150 703 2211 distant.
751 2148 810 2222 Qui
834 2159 934 2213 motos
958 2171 1026 2213 cum
1052 2152 1186 2231 pauxillo
1209 2152 1342 2213 velocior
1364 2151 1406 2213 sit
1429 2158 1513 2213 motu

149 2255 247 2298 annuo
270 2238 353 2299 orbis
372 2238 480 2317 magni,
507 2239 581 2300 lacit
600 2238 753 2301 sectiones
774 2240 951 2302 circulorum
975 2240 1039 2301 sive
1063 2241 1320 2321 aequinoctiorum
1343 2240 1411 2300 loca
1433 2258 1513 2318 pau-

149 2325 236 2387 latim
259 2325 288 2388 in
311 2327 527 2406 praecedentia
549 2327 672 2389 moveri.
688 2332 717 2400 ¹¹)
763 2327 866 2400 Quare
897 2348 950 2409 per
977 2329 1056 2390 hunc
1085 2330 1225 2409 exiguum
1253 2328 1407 2409 globulum
1429 2327 1515 2390 cadit

148 2414 201 2476 illa
224 2424 406 2489 monstrosa,
430 2415 547 2495 ingens,
571 2414 701 2494 ἀιαςρος
724 2436 803 2479 nona
825 2417 957 2498 sphaera
978 2417 1251 2501 Alphonsinorum‚
1277 2425 1310 2479 ut
1333 2417 1418 2495 cujus
1442 2417 1513 2478 offi-

147 2502 228 2565 cium
249 2504 280 2565 in
304 2504 387 2566 illum
410 2504 577 2567 orbiculum
601 2513 693 2566 antea
711 2507 916 2569 necessarium
941 2506 1120 2568 translatum
1144 2516 1201 2568 est.
1220 2501 1263 2578 Η)
1302 2504 1396 2568 Cadit
1420 2504 1512 2567 etiam

147 2598 248 2653 motas
271 2592 471 2655 deferendum
492 2612 661 2673 apogaeum
685 2595 831 2669 Veneris,
862 2604 897 2656 ut
925 2595 1003 2675 quod
1027 2614 1085 2656 non
1111 2596 1200 2658 aliter
1222 2602 1373 2668 movetur,
1403 2593 1462 2655 nisi
1485 2594 1512 2654 si

148 2680 225 2742 irae
249 2681 1458 2764 moreristatuautur.r12.rs.

235 2767 358 2831 Tertius
379 2778 480 2831 motus
503 2779 552 2833 est
574 2772 708 2850 polorum
726 2770 808 2849 globi
822 2770 954 2844 Terreni,
968 2774 994 2843 )
1018 2778 1162 2831 constans
1177 2770 1293 2832 duabus

147 2856 368 2934 librationibus‚
393 2877 517 2939 quarum
534 2878 595 2920 una
617 2867 667 2921 est
690 2859 789 2921 altera
807 2859 897 2940 duplo
918 2859 1053 2926 celerior,
1079 2868 1110 2920 et
1133 2860 1171 2919 ad
1195 2866 1294 2920 rectos

147 2947 286 3027 angulos.
327 2945 358 3007 Is
383 2947 612 3009 administretur
634 2967 688 3027 per
711 2955 839 3029 quatuor
861 2947 998 3022 circulos,
1024 2946 1071 3010 sie
1092 2954 1125 3008 ut
1149 2947 1209 3008 bini
1233 2948 1294 3008 cir-

147 3035 207 3097 culi
231 3034 368 3116 singulas
391 3036 569 3098 librationes
594 3035 721 3109 faciant,
753 3043 785 3095 et
812 3034 989 3096 librationes
1012 3035 1097 3115 ipsae
1128 3034 1295 3114 permixtae

146 3124 280 3185 corollae
304 3123 435 3186 intortae
459 3124 591 3205 speciem
613 3122 795 3204 praebeant,
825 3123 854 3185 in
883 3124 959 3186 hunc
983 3124 1103 3185 modum
1135 3124 1199 3202 (fig.
1227 3120 1292 3196 12).

236 3212 306 3274 Una
328 3212 450 3275 libratio
473 3214 503 3276 in
527 3214 628 3276 coluro
648 3211 846 3274 solstitiorum
865 3213 908 3287 lit,
934 3219 966 3274 et
979 3212 1081 3273 salvat
1094 3211 1293 3273 variationem

146 3300 357 3363 declinationis
377 3302 495 3364 zodiaci
518 3294 675 3382 sero'post
692 3300 860 3363 Ptolemaei
883 3309 1021 3381 tempora
1035 3300 1292 3362 animadversam:

146 3390 209 3451 tale
234 3389 304 3470 qnid
327 3398 360 3453 st
373 3391 549 3453 Ptolemaeo
574 3410 649 3471 opus
679 3390 787 3452 fuisset
810 3390 988 3469 confingere,
1015 3399 1046 3451 et
1068 3389 1202 3451 nonnulli
1224 3408 1292 3450 rno-

147 3478 241 3550 derui,
266 3478 423 3541 undecimo
445 3479 546 3541 mnndi
570 3480 641 3540 orbe
660 3479 727 3558 jam
749 3480 886 3553 conficto,
911 3487 1066 3558 praestare
1088 3477 1189 3539 conati
1211 3486 1291 3540 snut

234 3566 344 3629 Altera
358 3567 489 3643 libratio,
505 3587 581 3648 quae
595 3568 630 3630 fit
643 3568 674 3629 in
688 3569 789 3630 coloro
805 3567 1069 3648 aequinoctiorum,
1094 3568 1196 3629 saliat
1210 3566 1401 3650 inaequalem
1414 3590 1507 3651 prae·

145 3654 598 3737 cessionem'aeqninoctiornm‚
625 3664 658 3718 st
680 3656 816 3718 eliminat
833 3665 961 3718 octavae
976 3657 1101 3718 fixarum
1121 3657 1279 3735 sphaerae,
1304 3676 1380 3737 qnae
1399 3660 1509 3723 ultima

144 3751 194 3805 est
217 3744 295 3822 apud
320 3743 535 3825 Copemicum,
564 3753 676 3808 motum
704 3743 936 3824 trepidationis,
966 3744 1067 3826 illique
1097 3745 1227 3825 quietem
1251 3764 1335 3808 suam
1359 3749 1505 3811 restituit.

144 3830 247 3912 Atque
271 3852 307 3894 ne
331 3843 362 3896 ιι
389 3833 437 3895 hic
467 3842 566 3896 motus
594 3834 706 3914 aliquid
734 3834 763 3896 in
793 3832 903 3894 ceteris
931 3833 1061 3895 motibus
1091 3834 1280 3909 foeneretur,
1314 3835 1396 3897 tollit
1427 3837 1505 3899 irre-

141 3920 335 4000 gularitatem
368 3930 485 3991 motus.
519 3943 609 4004 qnam
638 3921 768 3984 omnium
799 3929 917 3999 septem
948 3922 1139 4000 planetarum
1171 3929 1205 3981 ιιι
1237 3930 1268 3982 ιι
1301 3942 1503 4004 apogaeomm

142 4016 242 4071 motus
265 4009 376 4073 habere
399 4012 576 4074 debuissent
608 4013 682 4085 (nou
710 4010 775 4072 siue
799 4010 963 4071 ministerio
989 4010 1105 4090 aliquot
1132 4028 1277 4071 novorum
1300 4011 1504 4090 circulorum),

144 4098 215 4178 qnia
236 4108 420 4179 compertum
444 4110 506 4175 est,
531 4120 635 4162 omnes
658 4107 758 4162 motus
783 4097 951 4179 aequaliter
973 4116 1028 4177 per
1050 4100 1126 4160 lixas
1151 4098 1298 4162 incedere.

232 4185 368 4259 Quartus
391 4189 517 4270 denique
540 4197 639 4251 motus
663 4195 713 4250 est
735 4187 830 4267 ipsius
849 4185 929 4266 globi
945 4186 1068 4249 Terreni
1087 4194 1119 4248 et
1137 4186 1308 4249 circumfusi
1327 4188 1407 4250 aeris
1429 4206 1503 4267 pro·

142 4277 237 4355 psius,
261 4277 344 4357 cujus
365 4277 509 4356 periodus
527 4285 575 4339 est
596 4273 640 4340 24
655 4279 794 4339 horarum
817 4275 847 4337 in
872 4275 998 4336 eandem
1023 4275 1124 4337 mundi
1147 4276 1268 4355 plagam
1292 4295 1360 4339 cum
1383 4279 1502 4351 ceteris,

143 4382 251 4445 nempe
273 4367 312 4428 ab
335 4384 445 4429 occasu
468 4366 498 4428 in
529 4375 645 4429 ortum:
679 4373 802 4446 propter
829 4382 917 4444 quom
945 4371 1029 4425 totns
1057 4365 1184 4426 mundus
1213 4364 1344 4445 reliquus
1374 4365 1504 4428 abortu

142 4452 172 4514 in
203 4472 344 4517 ocenum
374 4454 601 4536 imperturbatis
617 4471 738 4534 magno
766 4453 909 4515 miraculo
938 4451 1069 4514 motibus
1097 4452 1237 4514 secundis
1266 4453 1336 4515 ferri
1365 4452 1502 4535 putatur.

142 4538 236 4605 Cadit
257 4542 350 4624 igitur
372 4543 426 4606 illa
449 4544 665 4607 incredibiliter
688 4543 752 4604 alta
775 4549 807 4604 et
828 4543 934 4621 pernix
958 4542 1074 4603 decima
1098 4540 1229 4621 sphaera
1249 4541 1394 4621 ἀιαςρος,
1418 4543 1503 4622 cujus

141 4639 174 4693 et
195 4632 290 4695 totius
314 4633 415 4694 mundi
437 4639 527 4695 tanta
550 4640 634 4694 esset
657 4633 686 4693 in
701 4631 876 4693 Ptolemaeo
899 4630 1072 4709 pernicitas,
1097 4638 1131 4691 ut
1155 4648 1211 4689 nno
1236 4629 1317 4691 nictu
1341 4631 1419 4692 oculi
1443 4630 1503 4691 ali-

142 4730 214 4801 quot
237 4721 334 4783 millia
346 4721 518 4784 milliarium
533 4722 708 4783 transirent.
744 4720 791 4780 Ac
815 4737 927 4799 quaeso
953 4728 991 4792 te,
1016 4719 1055 4780 ad
1079 4717 1224 4779 tabellam
1248 4714 1322 4793 (10)
1345 4719 1501 4799 respicias,

141 4821 174 4873 et
195 4810 328 4892 cogites,
353 4811 431 4889 quod
455 4809 557 4871 Tellus
582 4809 657 4873 bare
681 4815 798 4880 nostra,
829 4808 865 4868 de
888 4808 973 4887 cujus
996 4814 1079 4871 motu
1103 4806 1287 4886 disputatur,
1317 4805 1423 4886 ιιιίςιιί,
1439 4807 1501 4868 ιιι-

141 4898 363 4967 abitensis
391 4899 430 4961 ad
455 4898 482 4961 A
507 4897 760 4982 septuagesimam
783 4896 835 4958 vix
858 4892 975 4959 demum
998 4903 1116 4976 partem
1140 4894 1277 4957 diametri
1301 4900 1430 4974 aequet:
1462 4894 1501 4954 ab
