3838 5824
415 391 458 456 62
847 329 850 335 Ι
1006 395 1168 446 Ριοοοιιιὶῑιπι

414 566 474 603 sano
493 551 617 602 manalis
633 552 722 603 Lunae
739 566 784 616 per
800 554 990 617 suppon'tdonem
1005 560 1087 604 motor
1114 556 1193 605 centn
1215 552 1307 604 Teme
1330 565 1409 619 seque
1426 555 1516 605 salvari
1538 562 1630 620 possm.
1667 555 1766 606 lavero

415 624 494 673 centri
512 622 603 673 Terrae
621 629 715 682 motus,
744 639 790 689 quo
809 626 876 675 circa
893 623 975 675 Solem
999 626 1089 679 circulo
1112 640 1204 692 magno
1228 624 1329 675 Terram
1361 626 1520 676 circmrehit
1545 625 1709 692 Copornicur,
1738 632 1768 676 ut

415 709 497 744 verum
515 694 604 750 latam,
622 694 718 744 ridetur
734 694 793 743 mihi
812 710 909 745 omnem
926 696 1159 747 verisimilitudinem
1177 696 1304 748 excedere.
1341 694 1392 747 nen
1420 696 1484 747 haec
1508 697 1600 755 scuto.
1620 709 1675 749 turn
1700 697 1766 748 allud

416 764 480 830 quod
498 766 604 815 rcribrnu
621 780 671 814 nou
689 772 810 816 occurrat.

487 871 527 922 Ad
542 871 606 922 hese
623 871 781 935 Keplerus
799 868 836 932 (d.
856 871 913 922 Vll.
925 870 985 939 ,cat
1005 872 1081 936 April.
1103 869 1201 934 reem:

529 1012 684 1079 ‚Salutem
707 1022 738 1075 et
760 1033 829 1075 mea
853 1014 985 1087 servitia,
1008 1014 1168 1095 Magnifice
1193 1022 1224 1076 et
1246 1013 1427 1076 Doctissime
1452 1015 1519 1077 Vir.

505 1099 584 1172 Quid
609 1101 703 1165 literis
727 1104 801 1165 meis
824 1102 970 1165 accidisse
994 1104 1109 1178 dicam,
1134 1113 1168 1165 nt
1189 1112 1253 1165 tam
1276 1104 1325 1164 diu
1349 1103 1536 1178 delituerint,
1566 1103 1686 1165 nescio:
1711 1103 1767 1165 nisi

418 1190 513 1273 quod,
538 1192 605 1253 dum
629 1192 668 1253 ad
690 1192 782 1253 libros
804 1201 947 1272 perpetuo
971 1192 1117 1267 desedeo,
1151 1210 1276 1253 necesse
1300 1192 1371 1254 mihi
1400 1201 1448 1253 est
1471 1193 1499 1253 in
1523 1192 1674 1254 hominum
1696 1192 1765 1254 ido-

417 1298 538 1341 neorum
561 1279 748 1359 ignoratione
771 1280 894 1353 versari,
920 1299 1041 1360 qnorum
1065 1281 1213 1343 industria
1233 1280 1379 1361 ejusmodi
1393 1281 1515 1361 negotia
1530 1289 1768 1360 promoveantur.

418 1368 469 1431 Ad
491 1378 560 1430 tuas
583 1370 688 1432 literas
711 1370 807 1431 tribus
831 1370 1018 1449 potissimum
1042 1369 1208 1431 nominibus
1231 1370 1304 1432 mihi
1326 1370 1565 1450 respondendnm
1587 1378 1648 1445 est,
1673 1370 1767 1452 primo

419 1457 537 1538 quidem
560 1458 743 1534 difficillimo,
768 1458 878 1520 ceteris
903 1459 1118 1538 quodammodo
1142 1458 1335 1521 facilioribus.

505 1546 625 1609 Etenim
662 1546 768 1627 quibus
802 1566 857 1627 ego
888 1547 987 1608 verbis
1005 1545 1143 1627 gratiam
1175 1565 1229 1626 pro
1256 1546 1433 1609 transmisso
1464 1566 1584 1609 munere
1614 1546 1768 1609 referam?

419 1637 523 1717 Neque
547 1635 623 1697 enirn
646 1635 725 1697 tanti
749 1636 910 1697 aestimare
934 1636 1025 1697 vilem
1049 1654 1170 1717 operam
1192 1644 1343 1715 poteram,
1372 1654 1467 1716 neque
1490 1635 1658 1698 mehercule
1686 1635 1771 1716 quic-

420 1744 507 1807 quam
530 1733 650 1805 praeter
673 1725 889 1787 sententiarum
911 1744 1003 1786 causa
1026 1724 1164 1786 veritatis
1187 1725 1378 1787 collationem
1402 1724 1601 1805 quaerebam,
1631 1730 1665 1786 et
1693 1740 1769 1804 quo-

418 1814 465 1875 vis
488 1833 608 1875 munere
632 1814 747 1894 gratius
770 1813 841 1875 mihi
865 1822 941 1887 erat,
966 1813 1087 1875 literato
1110 1813 1184 1886 viro,
1207 1815 1237 1876 iu
1252 1832 1310 1895 quo
1331 1813 1462 1894 cognitio
1477 1814 1649 1875 matheseos
1668 1811 1770 1892 digui-

419 1912 484 1965 tate
506 1902 647 1981 politicae
663 1902 822 1964 functionis
838 1902 1092 1979 cohonestaretur,
1118 1903 1363 1984 qualitercunque
1387 1902 1582 1964 innotescere.
1617 1900 1772 1965 Sedenim

420 1991 488 2072 qnid
512 1991 689 2071 prohibeat,
714 1991 771 2052 imo
795 1990 865 2072 quid
894 1990 1051 2070 expediat,
1084 1990 1280 2071 indigentiam
1308 2010 1427 2064 meam,
1462 1990 1531 2072 qna‘
1547 2010 1652 2052 munus
1676 1990 1772 2053 Tuum

420 2088 555 2160 augetur,
580 2099 681 2143 coram
703 2088 734 2141 te
758 2079 847 2142 fateri
869 2080 962 2151 nolle,
985 2080 1049 2141 viro
1072 2079 1147 2148 tali,
1171 2081 1218 2141 cni
1242 2079 1343 2159 utique
1366 2097 1452 2141 nemo
1481 2079 1680 2159 persuadeat,
1702 2098 1770 2141 rna-

419 2167 599 2231 thematicos
623 2188 661 2231 ex
684 2188 756 2230 aura
779 2168 879 2230 vivere
903 2175 934 2230 et
957 2169 1023 2229 sola
1045 2167 1157 2247 ingenii
1180 2168 1277 2249 gloria
1300 2176 1457 2230 contentos
1481 2187 1547 2230 esse
1571 2185 1672 2249 posse.
1702 2168 1769 2230 lta-

420 2277 475 2338 que
498 2258 606 2330 velim,
639 2257 695 2319 hoc
729 2257 783 2318 tibi
815 2257 1014 2337 persuadeas,
1044 2258 1102 2318 etsi
1136 2258 1207 2319 mibi
1229 2257 1346 2337 gratius
1373 2257 1509 2319 accidere
1532 2257 1604 2319 nihil
1627 2256 1768 2337 potuerit,

419 2365 509 2426 quam
532 2347 708 2426 intelligere,
733 2366 800 2407 mea
822 2346 877 2407 abs
901 2355 931 2406 te
955 2346 1084 2425 probari,
1102 2353 1202 2408 umen
1218 2366 1254 2407 ne
1270 2366 1374 2409 munus
1390 2345 1508 2427 quidem
1522 2346 1619 2407 isthoc
1633 2345 1768 2427 potuisse
1829 2408 1834 2417 ,

420 2454 478 2497 non
502 2455 570 2497 esse
593 2434 805 2515 gratissimum.
853 2432 969 2505 Quodsi
1001 2454 1060 2516 qua
1091 2454 1158 2496 mea
1180 2435 1329 2498 industria
1351 2435 1443 2497 tibia
1469 2454 1516 2496 me
1537 2435 1659 2515 pensari
1679 2452 1770 2515 posse

421 2523 583 2604 intelligis,
607 2524 740 2600 obsecro,
765 2524 797 2585 id
819 2542 865 2585 me
889 2523 1014 2601 doceas,
1038 2523 1252 2605 materiamque
1277 2523 1475 2587 declarandae
1499 2523 1689 2604 gratitudinis
1713 2522 1771 2585 im-

422 2613 519 2694 perito
543 2612 696 2676 exhibeas.
711 2649 754 2660 -

512 2747 619 2765 .....
644 2702 704 2764 Sed
728 2701 766 2762 ad
789 2698 912 2762 tertium
934 2709 1075 2781 punctum
1105 2701 1247 2763 accedam
1272 2700 1475 2775 („secundum
1503 2700 1664 2780 punctnm“
1694 2699 1770 2763 atti-

422 2799 473 2853 net
496 2792 700 2870 quaestiouem
721 2790 870 2851 Herwarti
894 2789 931 2850 de
954 2788 1057 2851 libella
1081 2790 1211 2865 nautica,
1245 2788 1432 2851 referendum
1456 2789 1494 2849 ad
1520 2788 1624 2851 librum
1647 2789 1770 2870 Kepleri

422 2880 459 2942 de
490 2880 581 2941 stella
613 2882 705 2954 nove)
742 2887 774 2941 et
805 2879 843 2939 ad
876 2897 926 2954 ea,
965 2897 1041 2958 quae
1073 2878 1179 2940 scribis
1212 2879 1248 2941 de
1281 2896 1346 2940 meo
1378 2877 1550 2940 Prodromo.
1596 2877 1770 2939 Mathema-

421 2969 474 3031 tici
504 2969 603 3045 illius,
636 2969 768 3049 quisquis
801 2968 851 3030 ille
884 2967 937 3039 sit,
967 2967 1112 3046 judiciuin
1136 2986 1227 3049 prope
1251 2966 1419 3046 intelligere
1441 2965 1553 3030 videor.
1599 2966 1669 3029 Jam
1692 2966 1770 3028 enirn

422 3057 581 3138 aliquoties
605 3058 676 3119 mihi
699 3077 754 3119 usu
777 3056 869 3131 venit,
894 3065 926 3117 ut
941 3056 970 3117 in
986 3075 1048 3131 eos,
1069 3057 1118 3138 qui
1134 3076 1196 3119 rem
1210 3057 1329 3137 quidem
1348 3050 1526 3134 intelligunt,
1542 3064 1654 3117 motum
1669 3065 1770 3118 autern

421 3148 532 3210 Terrae
555 3147 676 3209 credere
699 3165 757 3208 non
782 3152 923 3226 possunt,
953 3144 1085 3206 incidens
1114 3145 1169 3206 hoc
1198 3145 1336 3207 audiam:
1370 3144 1521 3223 egregiam
1544 3163 1612 3206 esse
1635 3145 1767 3225 phanta-

421 3237 516 3309 siem;
541 3236 596 3297 hoc
619 3243 686 3311 est,
720 3233 865 3316 siqnidem
895 3252 954 3293 una
976 3232 1052 3293 haec
1075 3233 1250 3314 hypothesis
1278 3233 1315 3294 de
1339 3233 1449 3294 Terrae
1473 3241 1555 3295 moto
1581 3251 1654 3295 vera
1676 3241 1768 3310 esset,

421 3333 524 3386 cetera
546 3325 645 3386 omnia
667 3322 866 3405 pulcherrima
888 3320 946 3382 sibi
969 3321 1074 3382 videri.
1105 3321 1276 3396 Materiam,
1300 3340 1387 3401 quam
1411 3322 1531 3403 diguam
1555 3323 1678 3403 alicujus
1697 3322 1768 3385 dili·
1853 3370 1856 3377 .

421 3412 540 3493 gantiae
564 3432 688 3482 censes,
721 3430 777 3491 ego
809 3410 874 3489 ipso
898 3409 986 3470 titulo
1014 3427 1080 3473 snm
1101 3409 1272 3489 pollicitus:
1309 3410 1529 3473 Prodromus
1566 3411 1660 3473 enirn
1687 3429 1769 3473 esse

421 3501 547 3563 debuit
567 3502 643 3563 iste
665 3519 762 3562 mens
786 3498 942 3559 libellus
973 3506 1264 3578 sequuturarom
1294 3499 1595 3562 dissertationum
1627 3518 1767 3563 cosmo-

420 3589 687 3671 graphicarum.
735 3585 900 3650 Consilium
930 3586 1002 3648 mihi
1029 3586 1108 3649 tale:
1139 3587 1168 3650 iu
1203 3607 1281 3650 nova
1309 3589 1536 3670 cosmographia
1567 3596 1770 3652 tractarentur

420 3687 596 3761 argumenta
617 3677 744 3760 physica
766 3695 820 3756 pro
843 3683 925 3737 motu
946 3674 1072 3750 Terrae,
1101 3684 1132 3739 et
1164 3686 1342 3757 cogerentur
1370 3679 1479 3753 multa,
1508 3677 1613 3760 quibus
1641 3677 1768 3759 singulis

420 3769 532 3833 diversi
555 3768 692 3848 exiguam
714 3766 803 3828 fidem
826 3764 987 3827 adhibituri
1010 3772 1122 3827 essent.
1168 3766 1215 3829 Ne
1238 3767 1339 3847 itaque
1362 3766 1514 3829 inventum
1536 3767 1592 3829 hoc
1614 3786 1711 3829 meum
1730 3768 1767 3828 de

421 3859 549 3940 quinque
572 3856 745 3938 corporibus
768 3855 846 3916 inter
867 3855 945 3917 istas
974 3854 1059 3933 quasi
1091 3856 1197 3935 paleas
1225 3856 1435 3929 delitesceret,
1463 3863 1495 3917 et
1522 3874 1588 3918 mea
1615 3856 1768 3918 renuntia

420 3967 486 4010 curn
509 3946 618 4008 ceteris
641 3944 719 4007 iuter
747 3944 863 4006 incerta
890 3943 1078 4023 rejiceretur,
1116 3945 1198 4007 volui
1225 3945 1298 4007 illud
1325 3945 1486 4027 separatim
1514 3945 1616 4019 edere,
1654 3944 1680 4005 si
1708 3962 1766 4024 quo

418 4043 509 4117 pacto
532 4034 618 4097 fidem
642 4041 801 4096 mereatur.
847 4032 927 4095 Nam
953 4032 1009 4094 hoc
1032 4041 1093 4108 est,
1124 4033 1201 4115 quod
1233 4034 1438 4114 probabilibus
1470 4034 1639 4114 sequuturis
1673 4052 1765 4114 argu-

418 4124 528 4187 mentis
555 4143 593 4186 ex
619 4123 744 4204 physica
773 4123 828 4184 bc.
859 4122 1022 4201 depromtis
1050 4122 1222 4186 nonnullam
1251 4123 1446 4186 autoritatem
1477 4122 1634 4186 conciliare
1666 4121 1766 4187 debet.
1801 4120 1831 4193 J

419 4213 553 4277 Libellos
576 4213 704 4274 meditor
727 4211 985 4303 cosmographicos
1008 4220 1148 4291 quatuor:
1175 4211 1208 4286 1)
1232 4212 1283 4273 De
1306 4211 1578 4287 Universitate,
1609 4219 1640 4273 et
1665 4210 1766 4292 potis-

419 4303 526 4365 simum
549 4303 585 4364 de
608 4302 744 4382 partibus
768 4300 868 4362 mnndi
891 4299 1122 4380 quiescentibus,
1148 4298 1228 4362 Solis
1251 4300 1316 4362 loco
1340 4307 1373 4362 et
1395 4300 1501 4382 quiete,
1522 4301 1647 4363 fixarum
1662 4300 1766 4382 dispo-

420 4392 527 4454 sitione
551 4401 583 4452 et
605 4391 714 4470 quiete,
738 4389 854 4451 unitate
878 4390 931 4451 dac.
955 4388 1065 4451 mundi.
1112 4386 1147 4462 2)
1170 4389 1223 4451 De
1246 4389 1459 4464 Mobilibus;
1484 4390 1513 4452 in
1533 4408 1590 4470 qno
1609 4389 1768 4470 repetitum

374 4488 376 4497 ⁴
419 4481 571 4561 negotium
594 4480 630 4541 de
654 4479 781 4560 quinque
804 4478 985 4558 corporibus,
1010 4477 1174 4557 disputatio
1198 4479 1236 4542 de
1257 4486 1340 4541 motu
1355 4479 1475 4555 Terrae,
1493 4478 1684 4559 proportione
1698 4496 1765 4541 mo·

419 4578 501 4633 tuom
523 4568 734 4651 Pythagorica,
759 4568 873 4630 musica
894 4567 949 4628 hc.
984 4562 1019 4640 3)
1043 4566 1093 4627 De
1117 4566 1237 4645 globis
1259 4567 1352 4647 ipsis
1373 4567 1583 4646 peculiaribus,
1606 4568 1660 4631 sed
1674 4585 1765 4649 prae-

420 4660 505 4740 cipue
535 4659 572 4722 de
601 4658 689 4738 globo
718 4657 841 4732 Terrae,
877 4655 976 4718 musis
1004 4653 1160 4731 montium,
1176 4657 1341 4720 =flnminum
1365 4656 1418 4718 tac.
1461 4657 1498 4719 ln
1526 4674 1634 4738 genere
1663 4663 1766 4719 mmeu

419 4746 456 4823 4)
480 4748 531 4811 De
555 4747 736 4810 relatione
759 4744 855 4808 coeli
878 4753 914 4807 et
935 4744 1069 4806 Terrae
1098 4762 1190 4808 causa
1216 4744 1344 4809 actionis
1370 4752 1402 4806 et
1430 4745 1617 4827 passionum,
1650 4745 1687 4808 de
1716 4747 1765 4808 lu-

390 4854 395 4863 ·
419 4838 509 4913 mine,
533 4836 715 4918 aspectibus,
738 4834 970 4915 meteorologiae
994 4842 1025 4895 et
1048 4834 1230 4915 astrologiae
1256 4833 1408 4914 principiis
1434 4834 1576 4918 physicis.
1623 4832 1674 4899 Sic
1702 4842 1766 4897 tres

417 4927 534 5008 priores
556 4926 774 5006 responderent
795 4923 880 4985 libris
902 4921 1079 5005 Aristotelis
1101 4922 1139 4985 de
1166 4923 1264 4996 coelo,
1295 4930 1418 5002 quartus
1456 4923 1540 4987 libris
1572 4923 1609 4987 de
1636 4942 1765 5004 genero·
