3878 5840
705 406 863 473 ΔΝΜ
881 407 1031 459 munuum
1476 404 1541 473 425

187 562 358 628 variatione
380 564 458 628 varii
479 563 560 628 modi
583 564 766 640 reflexionis,
791 585 867 647 quae
891 573 941 629 est
963 586 983 628 a
1004 563 1098 630 variis
1121 564 1345 648 superficiebus.
1390 566 1460 630 Non
1483 585 1543 649 ago

183 655 251 734 jam
275 654 312 716 de
335 654 389 717 illa
411 654 584 730 reflexione,
609 673 687 735 quae
711 662 761 717 est
782 675 802 716 a
824 655 980 736 superficie
1003 656 1153 734 speculari
1188 663 1220 718 et
1237 656 1403 719 reflectitur
1426 678 1445 719 a
1466 675 1542 736 quo-

186 740 264 806 libet
285 742 350 822 ejus
372 750 483 823 puncto
506 743 535 804 in
559 744 678 806 unicum
701 745 811 806 saltem
833 751 991 825 punctnmt
1026 745 1081 806 sed
1104 744 1141 806 de
1166 745 1220 806 illa
1242 745 1421 819 reflexione,
1454 764 1542 826 quam

186 830 337 894 cernimus
364 831 395 893 in
422 831 558 910 quobbet
584 833 718 912 pariete,
750 833 917 912 inaequalis
945 832 1037 895 etiam
1064 841 1097 896 et
1123 852 1251 914 asperae
1279 833 1460 912 superficiei,
1493 833 1544 914 qui

187 921 296 995 lucem,
321 938 382 1000 qua
403 919 553 1000 pingitur,
576 920 721 983 imbutam
744 940 781 982 eo
804 921 904 982 colore
930 941 1018 1003 quem
1041 921 1148 997 babet,
1173 919 1344 1002 aquolibet
1365 928 1476 1001 puncto
1497 921 1544 983 sni

186 1008 218 1071 in
246 1015 344 1071 totum
371 1008 624 1089 hemisphaerium
646 1010 792 1073 reflectit.
837 1009 917 1072 Nam
950 1010 1001 1071 lux
1029 1030 1049 1071 a
1069 1011 1157 1073 Luna
1185 1011 1224 1072 ad
1247 1028 1301 1070 nos
1330 1012 1445 1072 reflexa
1471 1028 1543 1089 per-

187 1096 274 1159 venit
295 1097 362 1171 hcc,
386 1115 447 1157 non
469 1096 522 1159 illo
545 1097 650 1172 modo;
675 1098 752 1159 alins
774 1116 833 1159 non
857 1116 970 1160 cornua
992 1098 1021 1159 in
1040 1097 1138 1167 Luna,
1163 1097 1218 1159 sed
1239 1097 1462 1177 imagunculam
1481 1097 1542 1160 So·
1614 1100 1619 1109 ’

187 1185 228 1247 lis
255 1203 376 1265 semper
397 1185 559 1248 rotundam
587 1203 787 1248 cemetemns.
835 1187 941 1289 ltaque
974 1186 1161 1265 geometrica
1185 1186 1344 1265 dispositio
1376 1186 1544 1268 superficiei

187 1273 264 1336 nihil
287 1273 336 1336 hic
358 1272 417 1335 nisi
441 1274 519 1336 rorte
542 1274 688 1351 maculas,
713 1275 850 1355 quales
840 1294 871 1336 ιιι
889 1270 982 1337 Luna
1004 1274 1172 1351 cernimus,
1188 1274 1292 1337 efficit.

720 1363 851 1425 Thesis
873 1361 1009 1426 XXVII.
1137 1352 1144 1371 ‘

275 1448 396 1514 Causae
418 1466 490 1511 vero
514 1448 591 1511 alins
615 1457 706 1531 atque
730 1451 808 1513 alins
831 1451 1001 1515 reflexionis
1025 1454 1135 1525 (causa
1150 1449 1338 1531 qualitatis
1330 1468 1360 1512 ru
1380 1406 1466 1511 radio
1491 1468 1544 1511 re·

187 1537 281 1613 flexo)
313 1544 386 1600 snut
417 1537 603 1600 reflectentis
636 1539 803 1617 superficiei
836 1541 964 1602 colores.
1015 1540 1118 1602 Velim
1156 1539 1205 1601 hio
1236 1539 1340 1601 andire
1380 1537 1544 1619 chymicos‚

186 1626 328 1708 quidnam
351 1624 499 1689 colores
491 1645 521 1686 ιιι
544 1628 740 1691 terrestribus
764 1629 939 1708 corporibus
961 1628 1070 1690 variet.
1119 1625 1245 1690 Colores
1261 1627 1380 1708 quidem
1403 1625 1520 1688 iridis'
1511 1645 1541 1687 m

187 1718 265 1779 duas
288 1715 509 1778 distribuuntur
533 1715 650 1777 classes
657 1735 666 1790 ;
699 1717 801 1779 altera
822 1725 922 1779 ortum
944 1717 1038 1778 habet
1061 1716 1100 1778 ab
1123 1715 1373 1777 obtenebratione
1402 1733 1455 1776 seu
1477 1714 1543 1794 pri-

189 1804 312 1866 vatione
334 1803 427 1874 lucis,
458 1802 558 1865 altera
589 1804 813 1866 areftaotione
845 1824 900 1867 seu
928 1806 1083 1868 tinctione.
1130 1804 1295 1884 Utriusque
1319 1802 1428 1865 classis
1457 1803 1543 1883 priu-

187 1891 298 1973 cipium
320 1899 370 1954 est
393 1889 431 1953 ab
455 1890 607 1971 ipsissima
629 1893 710 1967 lnce,
742 1912 797 1954 sen
820 1893 890 1955 albo
913 1893 1014 1956 calore
1037 1893 1113 1956 lucis
1143 1892 1289 1972 ἀναλογῳ,
1323 1904 1399 1973 qua‘e
1424 1892 1542 1971 quidem

187 1981 240 2044 lux
262 1980 393 2042 medinm
416 1978 501 2040 iridis
524 1980 667 2043 cuculum
690 1981 847 2058 obtinens,
876 2000 945 2044 enm
973 1982 1003 2043 iu
1026 1981 1084 2044 dno
1115 1980 1202 2061 qnasi
1230 1989 1327 2043 secat.
1373 1979 1423 2042 Ει
1446 1980 1545 2042 altera

189 2087 319 2149 namque
341 2075 430 2148 parte
452 2067 635 2144 diminuitur,
658 2089 698 2132 ex
721 2071 822 2133 altera
844 2071 1035 2150 refringitur:
1066 2069 1204 2150 utrinqne
1228 2069 1350 2131 tandem
1373 2068 1404 2130 in
1427 2071 1544 2148 nigrum

189 2177 244 2221 scu
269 2155 413 2219 tenebras
441 2155 561 2218 desinit.
609 2158 644 2219 ln
674 2158 881 2222 diminutionis
908 2159 1005 2238 prImo
1036 2158 1131 2237 gradu
1161 2158 1195 2219 fit
1227 2158 1322 2233 flava,
1344 2157 1388 2219 ‚in
1412 2157 1544 2218 secundo

189 2246 297 2320 rubea,
325 2253 389 2307 tum
412 2244 514 2306 lusca:
548 2252 580 2306 et
607 2246 735 2327 deniqne
764 2248 861 2328 nigra
911 2248 996 2311 Idem
1024 2253 1154 2326 apparet
1180 2246 1211 2308 in
1239 2246 1367 2308 nubibus
1394 2243 1467 2308 Sole
1494 2245 1545 2307 vel

189 2353 300 2398 occaso
327 2334 377 2396 vel
406 2331 529 2395 orituro.
574 2333 660 2396 Idem
687 2336 717 2397 in
747 2337 848 2400 stellis
875 2337 958 2399 circa
979 2336 1180 2410 horizontem,
1214 2334 1292 2397 idem
1319 2335 1350 2396 in
1379 2334 1544 2415 eclipsibus

190 2422 364 2495 Solaribus;
392 2440 460 2485 cum
487 2421 565 2484 oculi
588 2424 697 2498 nostri,
730 2424 890 2505 inquibus
920 2433 969 2487 est
991 2426 1065 2487 haec
1094 2424 1232 2496 fallacia,
1264 2422 1364 2486 subito
1386 2421 1543 2503 privantur

189 2513 256 2575 luce
279 2510 370 2575 Solis.
416 2510 451 2572 In
481 2511 652 2573 reflexionis
675 2529 747 2575 vero
768 2514 865 2593 primo
888 2513 1000 2595 gradu,
1034 2511 1158 2588 viridis,
1189 2520 1262 2592 post
1278 2512 1442 2587 neemiae,
1474 2511 1542 2573 dein

187 2618 351 2681 purpurea,
385 2607 417 2661 et
446 2598 574 2680 denique
602 2599 721 2662 omnino
749 2603 838 2682 nigra
866 2621 920 2664 sen
947 2601 1149 2664 obtenebrata
1170 2600 1311 2663 cernitur.
1360 2597 1437 2662 Cum
1469 2618 1542 2680 ergo

187 2688 236 2752 hic
264 2688 306 2751 sit
333 2687 407 2750 ordo
429 2686 509 2749 inter
536 2688 652 2750 colores
668 2688 712 2750 .in
741 2689 833 2752 iridez
863 2698 1100 2753 consentaneum
1128 2695 1177 2750 est
1204 2690 1331 2751 eundem
1359 2707 1428 2750 esse
1457 2689 1543 2750 etin

188 2776 367 2853 reflexione3
396 2783 431 2838 nt
460 2774 624 2838 fortissime
651 2777 768 2840 radium
796 2778 936 2840 reflectat
962 2776 1136 2857 superficies
1163 2776 1252 2852 alba3
1284 2783 1356 2856 post
1377 2775 1482 2838 viridis
1512 2782 1544 2836 et

188 2867 286 2942 flava3
308 2872 373 2928 tum
387 2865 528 2928 caerulea
550 2870 583 2926 et
596 2865 706 2940 rubea;
731 2865 800 2927 dein
814 2884 971 2945 purpurea,
982 2873 1015 2927 et
1032 2866 1133 2940 iosca;
1157 2865 1342 2927 debilissime
1361 2882 1433 2926 vero
1448 2862 1543 2942 nigra.

710 2954 842 3017 Thonis
864 2953 1017 3017 XXVIII.

278 3039 375 3122 Niger
402 3046 505 3102 autem
533 3040 653 3102 lortiter
681 3041 851 3104 illustratus
880 3042 1004 3104 rubeum
1031 3039 1150 3121 spargit
1180 3040 1307 3103 radium.
1354 3039 1391 3102 ld
1418 3046 1545 3119 apparet

189 3149 228 3193 ex
251 3128 406 3212 chalybeis
429 3127 577 3208 speculis,
606 3128 656 3191 nbi
680 3130 769 3193 faciei
793 3131 875 3194 color
898 3130 985 3193 albus
1018 3138 1051 3193 et
1073 3129 1187 3209 speculi
1210 3129 1295 3210 niger
1319 3129 1436 3191 confusi
1458 3127 1544 3190 rubi·

82 3228 87 3243 '
188 3219 362 3282 cundiorem
384 3225 616 3298 repraesentant
638 3216 754 3281 faciem.
802 3217 903 3291 Quare
926 3220 1095 3282 rectissime
1124 3218 1191 3298 quis
1213 3218 1325 3281 Martis
1349 3218 1471 3279 stellam
1494 3216 1543 3278 di-

186 3308 267 3371 xerit
288 3306 444 3387 superficie
466 3306 556 3387 nigra
586 3308 757 3387 praeditam
780 3327 861 3384 esse,
885 3328 951 3372 cum
974 3309 1077 3371 radius
1101 3308 1166 3387 ejus
1190 3308 1232 3370 sit
1245 3308 1335 3369 valde
1352 3305 1544 3368 rubicundus.

187 3394 373 3458 Debilitatnr
395 3395 487 3473 igitur
509 3396 575 3476 ejus
599 3399 713 3459 reflexa
735 3398 817 3475 lna„
831 3417 890 3461 non
913 3398 1006 3477 igitur
1027 3397 1154 3460 multum
1176 3397 1348 3470 humectat,
1373 3403 1405 3457 et
1428 3395 1458 3457 in
1482 3395 1540 3457 hu-

188 3485 280 3547 moris
302 3484 423 3546 deuota
446 3492 504 3546 est.
549 3483 666 3547 Eodem
689 3486 799 3549 coloris
821 3495 855 3548 et
876 3486 1109 3549 humectationis
1134 3492 1311 3565 argumento
1330 3483 1463 3547 Saturno
1488 3481 1545 3544 tri-

187 3572 313 3639 buemus
338 3573 439 3635 albam
462 3579 494 3634 et
516 3593 657 3653 asperam
679 3575 876 3654 superficiem,
902 3576 972 3655 qnia
986 3574 1086 3636 colore
1102 3581 1151 3635 est
1163 3572 1314 3654 plumbeo
1336 3573 1407 3635 Jovi
1421 3572 1546 3634 rubeam

170 3662 238 3741 ‚vel
261 3678 457 3743 purpuream,
491 3663 563 3741 quia
584 3663 681 3724 flavus
706 3662 847 3724 subrufus
871 3671 1014 3742 apparet,
1044 3661 1159 3723 Veneri
1181 3663 1293 3724 flavam
1316 3661 1366 3721 vel
1388 3658 1490 3722 albam
1513 3667 1545 3720 et

188 3748 475 3830 aequabilissimam,
499 3768 567 3812 cnm
589 3748 720 3811 omnium
743 3749 787 3812 sit
808 3749 1023 3853 pulcherrima.
1048 3748 1197 3812 Mercurio
1214 3748 1384 3810 caeruleum
1407 3746 1498 3808 vel'
1469 3746 1545 3806 mr'i-

188 3838 266 3909 dem,
289 3856 357 3899 cnm
380 3843 544 3916 argenteus
567 3846 733 3919 appareat,
756 3839 854 3919 magis
878 3837 1093 3905 scintillatione
1116 3856 1170 3900 seu
1194 3837 1289 3899 diluto
1315 3834 1430 3915 lnlgore
1454 3852 1543 3914 quam

188 3925 289 3987 colore
311 3925 422 3987 clarus.

730 4012 863 4076 Thesis
886 4013 1005 4078 XXIX

276 4099 345 4163 Lux
367 4098 490 4182 propria
507 4100 660 4182 quidem
651 4120 720 4182 rpsa
742 4102 835 4165 etiam
857 4103 994 4166 variatur
1015 4119 1070 4181 per
1092 4098 1279 4180 superficiem
1299 4096 1445 4180 corporis,
1469 4099 1547 4162 unde

189 4190 281 4266 venit,
305 4196 340 4252 ut
362 4189 454 4252 alium
477 4198 511 4253 et
532 4190 623 4253 alium
646 4191 777 4254 colorem
801 4199 1026 4273 repraesentet:
1050 4190 1106 4252 sed
1129 4185 1241 4270 gradn's
1264 4187 1459 4250 calfactoriae
1483 4187 1546 4250 vir·

188 4279 264 4342 tutis
287 4277 465 4361 adipiscitur
488 4280 527 4342 ab
550 4278 657 4341 intima
680 4280 814 4359 corporis
838 4283 884 4344 sui
907 4279 1115 4361 dispositione.
1162 4276 1225 4340 Sed
1239 4286 1339 4340 tamen
1364 4276 1432 4356 ipsa
1451 4276 1545 4339 etiarn

188 4366 363 4448 superficies
396 4368 434 4430 de
462 4367 596 4449 corporis
629 4368 826 4449 dispositione
856 4376 1006 4433 testatur:
1039 4378 1073 4431 ut
1106 4367 1151 4429 ita
1177 4366 1370 4429 humectandi
1400 4365 1496 4428 virtus
1526 4385 1547 4427 a

188 4454 367 4521 callactnria
394 4457 613 4536 quodammodo
643 4456 830 4537 dependeat,
852 4460 915 4533 ,Ae
943 4477 1017 4520 sane
1047 4457 1074 4519 si
1096 4455 1179 4518 color
1206 4456 1376 4517 interventu
1407 4455 1483 4517 lucis
1508 4454 1547 4517 ab
1656 4500 1660 4509 .

190 4565 251 4608 nuo
275 4563 401 4627 corpore
424 4543 455 4608 in
479 4546 609 4608 alienum
632 4547 790 4608 transferri
814 4555 847 4610 et
868 4546 1031 4629 propagari
1053 4552 1166 4626 potest,
1190 4543 1333 4606 credibile
1348 4551 1398 4607 est
1420 4552 1453 4606 et
1469 4544 1547 4604 alias

187 4636 352 4715 qualitates
374 4652 482 4715 poese;
506 4636 544 4698 de
568 4635 669 4697 calore
692 4634 772 4696 enim
795 4637 996 4699 certissimum
1019 4643 1078 4697 est.
1124 4633 1211 4696 Unde
1231 4651 1321 4712 quam
1336 4633 1460 4713 quisque
1474 4631 1546 4712 pla·

187 4732 261 4786 neta
286 4724 430 4788 virtutem
457 4723 488 4787 in
517 4724 627 4787 effectu
657 4730 807 4800 ostentat,
841 4724 907 4804 ejus
932 4724 1081 4803 analogon
1110 4721 1243 4803 aliquam
1263 4721 1493 4802 dispositionem
1516 4720 1547 4782 in

187 4811 254 4892 ipsc
276 4813 420 4894 planetae
443 4832 569 4894 corpore
597 4831 666 4876 esse
690 4819 925 4876 consentaneum
949 4813 1079 4875 videtur.
1126 4809 1214 4882 Quod
1243 4810 1269 4871 si
1294 4810 1391 4872 locum
1414 4809 1543 4881 othnet,

188 4901 228 4967 ad
249 4901 402 4967 msabuia
424 4903 553 4966 artificia
574 4920 665 4965 mann
689 4903 796 4965 ducere
826 4919 883 4965 nes
910 4908 1024 4983 potest.
1072 4900 1169 4965 Verbi
1191 4899 1294 4980 gratia
1319 4916 1374 4978 per
1398 4903 1551 4959 aestatem·
