3788 5828
741 365 905 418 m
1441 361 1506 430 235

145 534 246 590 autem
269 525 430 607 aliquoties
453 523 643 610 scripserim,
667 525 786 589 omnino
809 526 881 589 mihi
903 526 1073 606 persuadeo
1096 532 1128 587 et
1150 542 1243 607 prope
1268 530 1384 588 certum
1406 531 1507 599 teneo,

145 636 191 678 me
213 615 313 695 prima
337 615 443 677 statim
465 614 533 676 rice
548 615 700 696 ‘lychonis
723 616 832 679 iecisse
856 614 1049 679 mentionem.
1096 614 1202 676 Prodit
1221 632 1254 676 se
1277 614 1375 677 instar
1399 614 1506 678 soricis

144 711 176 766 et
198 724 266 767 meo
285 703 401 784 judicio
426 724 482 766 sua
506 704 697 765 confessione
720 703 763 767 ἐπ’
779 703 958 784 aalaopopp
987 704 1230 785 deprehenditur.
1277 703 1341 778 Ait,
1372 723 1404 766 se
1434 724 1507 766 suas

144 793 330 877 hypotheses
361 811 400 854 ex
421 792 598 854 Ptolemaeo
627 793 826 869 desumsisse,
858 802 994 857 mutasse
1025 793 1105 855 enim
1127 793 1272 855 nonnulla
1300 793 1331 854 in
1354 792 1508 854 sententia

145 881 301 962 apollonii
325 882 455 961 Pangaei
479 881 516 942 de
539 881 723 944 stationibus
748 882 987 965 speculationem
1010 881 1223 962 proponentis:
1248 882 1421 964 Tychonem
1436 901 1507 943 vero

144 970 278 1032 indidem
306 990 377 1032 suas
408 969 609 1049 depromsisse
640 978 673 1031 et
699 971 756 1032 hoc
780 990 902 1051 negare.
949 972 1032 1050 Lege
1064 990 1140 1050 quae
1169 970 1206 1032 de
1234 970 1290 1032 hoe
1313 970 1507 1032 Ptolemaeus

145 1059 283 1138 scripsit,
308 1066 340 1121 et
363 1058 495 1121 insanire
520 1058 602 1119 dices
625 1059 747 1121 Ursum.
795 1061 911 1123 Verum
934 1060 1054 1141 quidem
1077 1068 1143 1132 est,
1167 1078 1235 1121 cum
1258 1060 1334 1121 duae
1357 1066 1508 1138 ponantur

143 1169 164 1210 a
187 1148 363 1211 Ptolemaeo
386 1146 542 1226 Apollonii
566 1147 752 1222 sententiae,
785 1150 983 1229 posteriorem
1012 1168 1050 1211 ex
1072 1148 1133 1210 illis
1161 1147 1352 1227 aliquatenus
1381 1148 1507 1227 digitum

143 1237 300 1299 intendere
334 1237 374 1298 ad
403 1234 557 1316 Tyohonis
590 1236 786 1317 hypotheses.
841 1238 945 1318 Fingit
976 1237 1056 1300 enim
1079 1237 1169 1299 trium
1202 1237 1387 1315 superiorum
1422 1238 1508 1309 (nam

143 1326 337 1389 Ptolemaeus
370 1325 484 1387 diserte
516 1323 604 1398 dicit,
636 1325 767 1391 alteram
796 1328 981 1389 sententiam
1009 1325 1170 1405 mmplecti
1196 1348 1287 1401 μωες
1315 1347 1385 1396 τους
1408 1328 1509 1387 nacor

144 1414 291 1488 ἀποςασιν
318 1415 489 1486 savonae)
520 1411 685 1492 quemlihet
717 1414 828 1476 hahere
852 1416 1052 1478 eceentricum
1079 1432 1180 1489 sunm,
1215 1415 1265 1497 qui
1298 1431 1395 1475 annuo
1424 1420 1508 1476 motu

144 1504 312 1566 circumeat
334 1501 498 1564 secundum
522 1501 656 1563 ordinem
681 1502 845 1582 signorum.
890 1504 1009 1567 Deinde
1033 1504 1062 1564 in
1087 1503 1221 1582 quolibet
1235 1503 1403 1564 eccentrico
1426 1500 1508 1563 volvi

144 1591 312 1672 epicyclum
341 1591 466 1653 Terram
481 1587 706 1666 ¹-arnheuatem,
749 1591 835 1670 cujus
862 1601 963 1655 motus
991 1593 1034 1654 sit
1059 1591 1089 1657 in
1111 1591 1344 1671 praecedentia,
1373 1589 1509 1671 aequalis

145 1681 241 1744 motui
264 1678 509 1743 commutationis
537 1678 689 1757 planetae.
737 1679 798 1742 Sed
826 1700 885 1742 non
914 1680 1087 1763 praetendit
1114 1680 1191 1741 hauc
1214 1679 1412 1760 posteriorem
1436 1697 1509 1740 sen-

145 1769 276 1832 tentiam
304 1770 393 1831 homo
421 1765 648 1839 stolidissimus,
682 1786 786 1831 verum
814 1770 897 1831 illam
925 1770 1072 1848 priorem,
1103 1787 1179 1848 quae
1207 1771 1296 1848 plane
1320 1767 1393 1830 nihil
1417 1767 1510 1829 hahet

145 1877 303 1922 commune
331 1876 399 1919 cum
428 1855 580 1937 Tychone.
627 1855 728 1936 thue
760 1858 948 1939 propositum
979 1857 1131 1932 obtineat,
1162 1857 1277 1938 allegat
1310 1854 1509 1937 Copemicum

144 1949 197 2012 lib.
222 1947 265 2009 V.
289 1966 356 2028 cap.
382 1942 436 2009 35.
461 1951 493 2006 et
515 1944 605 2024 plane
629 1946 794 2021 contendit,
820 1945 1021 2026 Copernicum
1043 1945 1096 2008 illo
1115 1947 1214 2025 capite
1238 1946 1320 2008 viam
1343 1944 1510 2024 praeivisse

147 2035 282 2120 Tychoni
312 2035 351 2096 ad
381 2053 453 2096 suas
476 2033 670 2114 hypotheses.
722 2034 807 2096 Dicit
832 2034 912 2099 enim
938 2054 1096 2115 capesse,
1127 2034 1336 2115 Tychonias
1359 2040 1509 2095 exstare

124 2126 181 2188 *in
206 2123 422 2205 Cepernioo.
470 2118 655 2201 Copernicns
678 2140 749 2184 vero
773 2123 918 2185 lemmatii
941 2123 1086 2198 meminit,
1112 2123 1191 2203 quod
1212 2124 1251 2185 ad
1264 2123 1395 2204 priorem
1408 2121 1509 2200 Apol-

147 2214 219 2279 lonii
243 2212 427 2277 senteutiam
450 2209 591 2290 pertinet
638 2208 701 2271 Sed
724 2211 797 2274 nihil
820 2212 919 2293 magis
933 2212 1100 2282 ridiculum,
1124 2230 1214 2291 quam
1237 2212 1318 2292 quod
1333 2230 1371 2272 ex
1385 2210 1436 2273 lib.
1453 2209 1509 2272 III.

147 2322 214 2383 cap.
239 2299 292 2365 2⁵.
319 2298 480 2379 Copernici
507 2298 564 2361 has
587 2298 739 2380 Tychonis
766 2301 951 2382 hypotheses
973 2301 1040 2363 vult
1067 2307 1256 2380 extorquere.
1303 2299 1379 2363 Cum
1407 2297 1511 2360 ibide

147 2397 251 2454 centra
278 2388 381 2455 mundi
405 2386 573 2468 Copemico
602 2406 701 2449 sermo
730 2390 785 2461 sit,
819 2410 857 2452 an
882 2390 978 2452 Terra
1004 2396 1088 2453 motu
1110 2390 1280 2452 accentrieo
1303 2388 1385 2451 eirca
1408 2386 1512 2449 Solem

148 2481 271 2556 feratur,
296 2500 335 2541 an
358 2497 429 2540 vero
451 2475 508 2539 Sol
531 2476 612 2537 circa
635 2479 876 2542 centrumorhis
899 2478 1000 2559 magud
1019 2485 1102 2541 motu
1117 2477 1303 2553 tardissimo,
1330 2477 1426 2539 Terra
1439 2494 1511 2536 vero

147 2576 230 2632 motu
253 2567 442 2631 consentrico
466 2565 548 2626 circa
569 2565 650 2627 idern
672 2574 808 2630 centrum
832 2567 913 2630 orbis
937 2567 1039 2647 magui
1065 2573 1149 2629 motu
1165 2586 1273 2642 annuo,
1297 2574 1387 2646 putat
1408 2564 1512 2629 asinus

148 2658 211 2730 ille,
240 2676 301 2719 non
320 2657 386 2736 jam
409 2673 511 2729 ursus,
542 2651 741 2733 Copernicum
769 2657 850 2737 loqui
873 2656 909 2717 de
939 2655 1174 2736 transpositione
1197 2655 1279 2717 Solis
1307 2654 1336 2715 iu
1365 2654 1512 2716 ambitum

118 2745 228 2809 orbis
253 2746 368 2826 1111311,
402 2744 514 2809 Terrae
538 2761 610 2804 vero
634 2744 664 2804 iu
687 2751 824 2806 centrum
847 2744 913 2824 ejus
937 2745 1030 2806 orbis.
1078 2742 1166 2815 Quae
1188 2751 1352 2824 postquam
1375 2743 1451 2822 legi,
1483 2741 1512 2803 in

146 2836 224 2897 hano
251 2833 294 2897 iri
321 2830 517 2906 sententiam,
547 2850 643 2913 neque
666 2831 778 2894 lectum
800 2852 867 2894 esse
891 2831 971 2895 Urso
994 2832 1217 2902 Ptolemaeum,
1247 2850 1344 2910 neque
1366 2830 1509 2892 intellec-

145 2933 210 2987 tum
234 2922 443 3003 Coperuieum.

217 3081 388 3146 Keplerus,
410 3083 439 3129 ut
460 3092 490 3128 er
508 3071 617 3140 epistolii
634 3076 775 3141 praemissis
798 3076 945 3127 concludere
964 3077 1031 3134 licet,
1053 3090 1129 3142 aegre
1142 3076 1217 3126 subiit
1229 3077 1383 3143 negotiuma
1395 3074 1513 3139 Tychons

146 3154 178 3204 ah
189 3154 244 3218 ipso
256 3152 415 3216 permissum,
436 3156 466 3200 nt
477 3148 575 3213 publice
590 3153 677 3199 contra
688 3146 781 3199 Ursum
792 3150 818 3198 in
831 3150 911 3199 aciem
921 3148 1038 3213 prodiret
1075 3148 1110 3199 Ut
1122 3154 1208 3198 autem
1219 3146 1371 3211 Tychonem
1395 3146 1427 3197 ad
1440 3161 1513 3211 quem

146 3239 213 3275 anno
226 3220 292 3274 reor
317 3236 332 3271 1
352 3221 436 3286 styria
456 3230 625 3285 manoperam
647 3226 694 3277 sat,
715 3221 762 3270 ribi
775 3220 935 3278 humiliaret,
964 3222 1066 3270 1111111
1087 3234 1154 3271 anno
1176 3216 1242 3268 loct
1270 3219 1379 3269 erasmo
1397 3233 1450 3268 rem
1468 3232 1513 3282 ag·

144 3310 253 3362 gressu
274 3294 373 3347 initiens
386 3289 555 3357 ,Apologiw
569 3305 655 3341 recum
667 3290 776 3356 Prapam
797 3292 889 3348 1111111,
912 3291 1055 3355 'l'ychoneru
1076 3292 1139 3342 forts
1158 3296 1305 3355 exspectans
1317 3290 1514 3347 adhortatam.

145 3374 174 3417 ut
195 3366 256 3416 illud
280 3364 400 3416 adfinem
420 3363 579 3427 perduceret.
606 3368 652 3412 aot
669 3362 731 3412 Urso
754 3370 890 3428 opportune
906 3369 1001 3413 mortuo
1018 3378 1070 3413 ram
1091 3363 1165 3427 plane
1184 3363 1311 3425 abjiceret
1350 3359 1412 3411 Cum
1430 3358 1515 3423 Tyoho

145 3439 233 3488 eodem
247 3451 313 3486 anuo
326 3432 380 3497 (24.
394 3431 470 3496 Nor.)
483 3433 566 3482 subita
577 3440 656 3483 morte
670 3435 806 3484 exstinctus
820 3440 894 3494 esset,
916 3435 971 3484 aliis
986 3434 1161 3499 multiplicibus
1179 3434 1286 3500 negotiis
1307 3433 1407 3482 obrutus
1419 3431 1513 3495 Keple·

144 3524 186 3559 ms
209 3521 300 3558 munus
324 3507 385 3556 illud
396 3507 522 3573 ingratum
542 3505 638 3565 reiecit,
665 3519 815 3569 quemquam
839 3521 888 3555 uon
915 3506 990 3569 plane
1012 3507 1112 3568 abjecit.
1149 3504 1287 3565 Quaerenti
1310 3506 1375 3554 enlm
1397 3502 1514 3553 Daridl

144 3579 314 3631 Fabricio:
335 3578 426 3637 ,audio
447 3582 473 3626 te
486 3575 653 3626 ahrmditater
672 3575 847 3639 hypothesium
858 3576 893 3633 R.
906 3576 963 3627 Uni
983 3577 1114 3627 1111111111.
1152 3576 1252 3637 Quaeso
1271 3582 1301 3626 ut
1318 3577 1398 3639 prtum
1418 3587 1515 3638 qaoque

144 3658 255 3717 tenpore
266 3655 340 3716 prout
351 3648 464 3713 'rythmi
476 3647 521 3697 &bt
533 3652 559 3696 ‘0
571 3647 715 3710 mittum
728 3646 782 3703 itit»
794 3647 881 3704 edu?
894 3648 1022 3712 respondit
1032 3647 1201 3711 Keplerur
1214 3645 1252 3709 (2.
1267 3647 1330 3697 Dec.
1349 3642 1441 3707 thory:

235 3737 376 3818 „Scripsi
400 3736 430 3799 in
453 3735 580 3808 Ursum,
614 3735 668 3797 sed
692 3733 845 3814 mihiipsi
873 3753 933 3797 nou
954 3734 1128 3810 satisfacio;
1161 3742 1283 3813 oportet
1310 3735 1393 3812 prius
1417 3733 1515 3812 inspi-

147 3848 216 3892 cere
240 3827 381 3890 Proclum
403 3834 436 3888 et
458 3824 628 3886 Averroem
651 3823 689 3884 de
712 3823 841 3885 historia
862 3822 1085 3904 hypothesium.
1130 3822 1229 3884 Edam
1252 3821 1428 3902 aliquando,
1464 3821 1515 3883 uhi

145 3917 177 3980 id
199 3915 306 3979 minori
335 3914 451 3978 invidia
472 3912 537 3974 fieri
559 3912 673 3993 poterit
703 3930 791 3991 quam
820 3930 909 3975 nuuc.
957 3911 1029 3973 Fuit
1056 3911 1136 3973 enim
1159 3904 1289 3990 (Ursus)
1313 3929 1398 3972 meus
1422 3916 1515 3972 ante-

144 4005 285 4069 cmross
537 4005 544 4013 ¹

215 4163 266 4216 Hic
290 4175 307 4213 a
328 4159 437 4226 Keplcro
460 4157 592 4209 inchoatus
615 4172 776 4224 nequiorem
801 4156 927 4208 absolutus
949 4155 1046 4207 libellus
1071 4155 1138 4207 inest
1160 4154 1216 4207 Vol.
1236 4153 1269 4205 V.
1292 4142 1516 4221 manuscriptorum

143 4235 387 4303 Petropolitanorum
405 4245 510 4297 eumque
529 4235 662 4293 sequemes
681 4228 798 4281 exhibant
814 4227 931 4294 paginae.
