3838 5824
767 414 851 478 ου
865 415 922 467 111-
1466 415 1527 482 nr

163 574 314 629 carendum
327 574 373 629 hic
387 589 405 628 s
418 573 570 628 collusione
585 574 641 628 ista
653 574 850 640 accidentaria,
871 578 942 646 quod
957 577 1042 632 etiam
1056 577 1165 632 sextilis
1179 577 1218 631 sit
1230 576 1357 647 praecise
1370 577 1527 634 dimidiatus

52 678 64 693 ·
163 655 259 717 ninas,
282 662 312 709 et
336 653 446 711 sextilis
470 652 572 707 testim
585 654 661 708 molli
685 654 861 724 respondeat
903 655 975 712 Nam
998 658 1076 712 docui
1091 673 1153 727 cap.
1169 656 1197 710 6.
1220 655 1526 712 lih.1V.Harmonicc·

162 750 229 797 run,
255 734 353 788 sextili
366 734 533 803 respondere
547 750 602 787 non
616 734 728 788 tertiam
740 737 859 800 mollem,
882 738 929 789 sed
948 737 1078 806 diapente
1098 736 1334 806 epidisdiapsson:
1358 737 1448 806 ipsam
1460 754 1526 791 vero

162 814 274 868 tertiam
288 813 399 867 mollem
413 828 580 866 communem
594 830 656 868 esse
670 814 793 868 sobolem
812 821 869 869 tarn
889 816 1097 887 quinquanqnli,
1121 832 1203 887 quam
1216 816 1375 886 sexanguli,
1398 816 1464 887 quia
1483 816 1527 871 his

161 893 281 947 numeris
297 893 324 957 5,
346 894 364 948 6
385 891 633 962 comprehenditur.
675 894 781 964 Estque
800 911 887 949 causa
908 895 1101 958 diversissima,
1125 911 1196 966 quae
1215 895 1315 949 trinum
1334 895 1360 948 in
1380 896 1448 950 duos
1464 913 1526 966 per·

163 973 250 1026 lectos
264 972 383 1027 sextiles
397 971 494 1025 dividit
516 973 553 1025 ab
567 971 619 1026 illa
633 988 726 1036 causa,
750 991 822 1043 quse
837 974 967 1044 diapente
991 975 1019 1028 in
1034 978 1102 1030 duas
1118 975 1225 1037 tertias,
1250 973 1384 1043 majorem
1398 982 1428 1028 et
1440 976 1526 1030 mino·

162 1068 219 1106 rem
237 1052 341 1107 dividit.
384 1053 414 1107 Id
428 1051 535 1122 quidem
549 1051 594 1104 rel
619 1070 655 1106 ex
669 1053 722 1106 hoc
737 1061 864 1122 apparet,
891 1055 961 1123 quod
983 1062 1079 1124 partes
1104 1062 1169 1107 sunt
1188 1053 1245 1107 illic
1259 1054 1401 1123 aequales,
1422 1054 1468 1108 lrio
1485 1054 1526 1108 in·

162 1131 304 1202 aequales.
346 1131 422 1186 Nihil
444 1129 531 1202 igitur
545 1131 702 1185 detrahitur
720 1133 860 1187 nohilitati
881 1133 983 1189 tertiae
996 1136 1092 1198 durae,
1117 1133 1185 1187 nihil
1200 1133 1307 1187 accedit
1325 1134 1425 1187 tertiae
1439 1134 1524 1198 molli,

161 1212 233 1280 quod
247 1210 358 1265 sextilis
372 1216 417 1263 est
430 1210 567 1264 dimidium
581 1213 615 1264 de
629 1211 710 1275 trino,
726 1212 849 1281 quintilis
865 1230 918 1266 non
932 1214 1011 1276 iteum
1026 1220 1056 1266 et
1070 1221 1166 1284 posset
1179 1230 1233 1268 non
1247 1213 1359 1266 minoris
1372 1213 1426 1267 hoc
1440 1213 1524 1267 sesti·

161 1289 238 1354 mari,
262 1291 334 1361 quod
357 1289 481 1361 quintilis
504 1289 542 1342 sit
555 1290 691 1344 dimidium
715 1292 749 1344 de
773 1291 910 1362 biquintili
934 1290 982 1347 dc.
1023 1293 1158 1364 Equidem
1180 1310 1235 1348 non
1257 1292 1369 1346 minima
1390 1306 1457 1363 pars
1480 1298 1525 1348 est

161 1370 292 1424 solertiae
307 1371 344 1423 ah
357 1368 513 1439 hujusmodi
529 1369 704 1424 concursibus
719 1370 910 1425 accidentariis
925 1389 1033 1436 cavere,
1053 1373 1108 1443 qui,
1133 1379 1165 1425 ut
1186 1373 1323 1442 qnondam
1335 1372 1416 1426 Siren
1428 1371 1525 1427 Sicula

161 1449 328 1520 umqum
343 1456 437 1511 mutu,
457 1450 498 1502 sic
511 1447 565 1519 ipsi
579 1449 810 1519 philosophantes
823 1451 972 1521 voluptate
993 1451 1156 1522 apparentis
1174 1450 1385 1522 pulchritudinis
1409 1451 1523 1522 aptique

159 1544 309 1598 responsus
324 1523 361 1595 (si
375 1528 484 1599 quidem
504 1528 768 1583 hicadhaerescant
781 1530 964 1586 admiratione
978 1531 1062 1601 capti,
1085 1532 1132 1586 uhi
1147 1546 1234 1585 causa
1256 1529 1336 1585 nulla
1349 1530 1523 1586 estelterius

160 1609 189 1663 in
201 1602 308 1675 altero)
322 1608 455 1671 detinent,
469 1618 502 1662 ut
515 1609 550 1662 ad
565 1624 678 1677 scopum
691 1610 867 1678 prsehnitum
881 1611 1014 1665 scientiae
1028 1611 1174 1680 pervenire
1188 1627 1243 1665 non
1256 1609 1372 1680 possint

241 1687 345 1750 Quinta
358 1696 505 1741 causaest
527 1689 643 1741 erectos
658 1690 795 1743 secundae
819 1698 848 1743 et
862 1690 955 1753 efficit,
979 1699 1011 1744 ut
1027 1691 1150 1761 quintilis
1174 1688 1360 1760 imperfectior
1382 1695 1522 1759 aspectus,

159 1768 245 1822 tertia
258 1768 328 1821 dura
350 1766 536 1837 imperfectior
550 1761 656 1837 (potius
680 1768 796 1822 alterium
819 1764 945 1839 generis)
954 1770 1142 1824 consonantia
1164 1769 1214 1822 sit:
1235 1787 1290 1823 non
1309 1768 1402 1831 efficit,
1429 1773 1461 1821 ut
1474 1768 1523 1822 ille

159 1853 290 1918 aspectus
313 1848 396 1918 plane
420 1845 522 1900 nullius
546 1847 693 1910 efficaciae,
716 1847 787 1901 haec
801 1849 984 1903 consonantia
1007 1846 1110 1903 nullius
1125 1849 1162 1903 sit
1176 1846 1333 1903 suavitatis.
1375 1847 1448 1902 Nam
1470 1849 1523 1902 hoc

154 1927 216 1995 ,iam
239 1927 340 1981 dudum
361 1928 394 1980 de
417 1926 541 1980 omnibus
566 1927 685 1997 quinque
708 1926 910 1995 objectionibus
933 1936 996 1983 erat
1019 1929 1175 1991 dicendum
1198 1930 1269 1998 quod
1293 1925 1315 1981 si
1333 1925 1471 1990 valerent,
1494 1927 1523 1981 in

159 2007 263 2061 musica
286 2023 375 2077 aeque
398 2007 527 2060 valerent
549 2022 583 2060 ac
605 2007 634 2060 in
657 2007 771 2077 negotio
795 2016 972 2077 aspectuum:
996 2025 1047 2062 nec
1069 2009 1142 2063 ratio
1166 2008 1227 2061 ulla
1244 2005 1375 2071 redditur,
1399 2021 1448 2060 eur
1467 2005 1523 2061 hac

158 2100 262 2142 cautu
281 2087 399 2141 veleant
418 2085 484 2149 illic,
506 2102 561 2139 uon
581 2087 696 2140 valeant
708 2086 762 2141 hic.

237 2163 292 2239 gg)
312 2167 357 2220 De
370 2166 524 2236 octanqnls
545 2166 631 2220 stella
651 2182 697 2219 res
712 2172 757 2219 est
770 2166 837 2221 siis„
879 2166 935 2220 Cur
955 2166 1026 2220 enim
1049 2165 1101 2220 illa
1121 2182 1182 2221 cum
1202 2167 1351 2236 sesqnadro
1364 2163 1524 2221 eliminatur

158 2264 209 2302 sea
221 2246 312 2318 magis
326 2253 513 2316 postponatur
525 2263 563 2299 ex
577 2245 746 2315 aspectibus,
770 2263 826 2300 non
848 2245 914 2300 item
932 2264 948 2299 e
968 2246 1073 2301 musica
1088 2245 1245 2300 eliminetur
1268 2254 1353 2300 sexta
1375 2244 1463 2300 minor
1484 2262 1523 2300 cx

158 2326 310 2398 malo
324 2333 405 2381 nota:
429 2324 490 2394 ejus
504 2326 544 2389 rei
559 2341 659 2379 csusss
673 2341 728 2396 ego
742 2325 866 2396 explicui
887 2325 937 2380 lib.
954 2325 1001 2380 tv.
1016 2327 1149 2380 Hermon.
1165 2340 1227 2395 cap.
1242 2325 1270 2379 6.
1312 2324 1425 2379 Scilicet
1437 2323 1523 2380 etiam

156 2408 231 2462 circa
244 2408 317 2460 hunc
331 2420 423 2477 aequa
435 2406 505 2459 hunt
531 2413 587 2459 tam
601 2404 629 2459 in
643 2404 747 2458 musica
761 2421 844 2476 quam
866 2405 939 2459 inter
952 2412 1090 2476 aspectus,
1117 2407 1207 2477 moad
1229 2404 1422 2475 proportiones
1446 2404 1522 2474 ipsas

157 2484 253 2542 test
273 2486 307 2539 ad
322 2484 354 2549 8,
379 2491 444 2538 sunt
462 2484 535 2538 eninr
551 2484 680 2555 utrinque
695 2484 781 2538 viles:
807 2491 838 2538 at
857 2492 973 2555 propter
987 2501 1147 2539 concursum
1158 2484 1198 2539 in
1215 2501 1272 2538 una
1294 2483 1416 2538 sectione
1439 2484 1523 2539 trium

157 2564 364 2637 proportionum
379 2562 410 2628 3,
427 2564 444 2617 5
460 2570 490 2616 et
504 2564 535 2627 5,
551 2563 570 2620 8
584 2574 615 2618 et
629 2562 660 2627 3,
676 2563 707 2627 8,
732 2563 810 2633 cujus
825 2565 897 2619 ratio
919 2563 992 2618 inter
1011 2573 1141 2635 aspectus
1159 2565 1281 2618 habetur
1294 2564 1380 2628 nulla
1403 2562 1523 2618 nobilior

138 2636 202 2700 'est
222 2645 294 2698 hoec
313 2643 479 2714 octogonica
499 2650 577 2697 secta
596 2644 624 2697 in
649 2643 762 2697 musica

236 2718 290 2793 hh)
310 2725 367 2778 Imo
391 2739 456 2777 vero
471 2728 501 2776 et
519 2723 565 2776 hic
588 2729 730 2793 operetur,
754 2728 827 2776 teste
842 2722 1018 2791 experientia
1040 2728 1071 2775 et
1091 2721 1258 2776 contrariam
1278 2721 1457 2793 ootsnguiari
1471 2738 1521 2775 ex·

155 2803 262 2876 peritur
276 2804 415 2858 formum
433 2803 460 2856 in
480 2802 598 2865 musica;
623 2803 728 2856 nullam
741 2801 813 2855 enim
827 2802 976 2855 sectionem
994 2801 1164 2870 peculiarem
1178 2801 1335 2855 constituit:
1359 2801 1421 2854 vide
1435 2816 1520 2870 saepo

155 2885 311 2956 allegatum
327 2899 388 2953 cap.
404 2884 431 2937 6.
447 2884 495 2937 lib.
510 2884 557 2937 IV.
572 2883 704 2936 Hermon.
747 2882 829 2935 Vides
852 2880 941 2952 igitur
954 2872 1166 2935 csussm'illam
1191 2880 1314 2951 quintam
1338 2897 1400 2934 esse
1422 2882 1455 2933 de
1478 2879 1519 2932 ni·

155 2965 227 3027 hilo;
249 2964 330 3036 quasi
343 2963 390 3034 qni
404 2980 459 3017 non
473 2962 590 3033 implent
602 2962 756 3031 planitiem,
780 2961 799 3014 ii
813 2978 868 3015 non
882 2960 991 3030 possint
1012 2960 1071 3014 lieri
1090 2968 1230 3030 aspectus.
1272 2960 1342 3013 Nam
1356 2959 1410 3012 etsi
1424 2959 1520 3029 singu-

155 3045 247 3101 larum
266 3044 420 3114 specierum
438 3060 493 3097 non
514 3041 638 3112 implent,
660 3049 691 3096 at
711 3041 827 3110 implent
845 3040 1014 3109 junctnmm.

235 3122 267 3189 ii>
288 3121 435 3194 Separatio
459 3123 555 3192 aliqua
572 3122 732 3176 necessaria
750 3120 811 3184 fuit,
836 3121 884 3173 sed
906 3119 958 3174 illa
972 3121 1007 3174 ob
1022 3118 1122 3173 causss
1146 3118 1230 3189 longe
1245 3117 1325 3181 alias,
1351 3133 1433 3188 quam
1447 3132 1519 3188 qnae

67 3248 74 3255 .
155 3205 200 3259 hic
219 3206 281 3259 loco
302 3203 398 3274 quinto
419 3208 653 3257 commemoratur.

234 3276 290 3351 kk)
313 3282 435 3352 Optime:
457 3276 541 3336 ralet¹
557 3282 628 3336 enim
647 3282 700 3335 hoc
718 3281 807 3350 ipsum
825 3281 911 3335 etiam
929 3279 956 3333 in
970 3295 1038 3333 rora
1052 3290 1147 3332 causa.
1177 3275 1246 3330 Vide
1260 3276 1391 3329 Hermon.
1406 3274 1455 3331 lih.
1471 3275 1516 3330 Ν.

235 3360 269 3428 11)
290 3363 350 3416 Hoc
363 3361 474 3415 nimium
489 3368 534 3415 est
547 3367 577 3415 et
590 3361 757 3415 contrarium
770 3361 932 3430 praemisso.
974 3358 1003 3413 Si
1026 3368 1141 3429 propter
1159 3356 1301 3427 angulum,
1324 3354 1420 3426 utique
1435 3355 1518 3410 etiam

156 3452 270 3515 propter
291 3443 425 3514 figuram,
449 3458 512 3496 nem
535 3448 566 3495 et
586 3442 679 3513 tigura
700 3458 751 3511 per
774 3441 893 3512 angulos
909 3437 1086 3494 constituitur
1102 3445 1132 3491 et
1145 3437 1311 3508 sngrrlorunr
1324 3436 1449 3491 delectus
1469 3451 1520 3505 per

154 3525 260 3597 hanss
282 3523 324 3577 ht.
365 3522 419 3576 Sed
440 3522 502 3575 ride
526 3522 684 3592 scrupulum
707 3522 741 3574 de
764 3521 856 3592 figura
870 3520 987 3575 centrsli
1010 3527 1040 3573 et
1062 3521 1096 3573 de
1110 3515 1350 3576 circumferentiali
1373 3531 1520 3571 excussum

156 3605 203 3659 hb·
225 3601 585 3752 Irvnmlngizlpgiggriphus
600 3679 793 3750 complectitur
806 3686 893 3734 totam
912 3679 970 3733 iere
986 3676 1192 3748 dispositionem
1205 3675 1430 3730 Harmonicsrum
1444 3691 1518 3729 meo·

155 3778 225 3819 rem.
267 3763 338 3816 Nam
361 3776 503 3815 commune
529 3761 596 3815 illud
620 3759 825 3830 geometricum,
849 3768 982 3829 tanquam
1012 3772 1124 3811 causam
1147 3755 1362 3826 archetypicam,
1387 3755 1517 3824 praemisi

155 3844 204 3899 lih.
220 3843 241 3898 1.
257 3850 287 3897 et
300 3842 350 3906 IL,
374 3841 438 3912 qnid
452 3857 518 3895 rero
541 3841 610 3895 illud
624 3847 754 3893 causetur
776 3839 804 3893 in
827 3838 941 3903 musica,
962 3837 1102 3908 explicari
1116 3836 1164 3891 lih.
1179 3836 1242 3897 111„
1265 3835 1329 3903 quid
1351 3834 1379 3888 in
1398 3835 1517 3905 aspecti·

235 3998 284 4067 nn)
305 4002 422 4056 Frustra
441 4000 494 4054 has
509 4016 608 4054 causas
622 4018 658 4053 ex
673 3996 827 4053 Ptolemaei
841 3994 950 4051 musicis
973 4000 1140 4065 expectatus
1160 4007 1234 4047 ame
1249 4011 1319 4059 osse,
1347 3996 1436 4048 lector
1459 3992 1517 4062 ipse

154 4085 235 4148 dicet,
261 4082 412 4153 siquando
434 4087 563 4135 auctores
585 4080 614 4133 hi
638 4097 698 4134 cum
714 4078 781 4133 meis
796 4076 868 4132 notis
883 4076 1009 4139 edantur,
1032 4075 1094 4129 Deo
1109 4072 1194 4126 vitam
1208 4082 1389 4146 prorogante.
1419 4076 1517 4143 (comp.

154 4177 240 4222 annot
261 4165 318 4231 38.)
358 4159 467 4216 Haeret
491 4160 562 4214 enim
582 4160 759 4214 Ptolemaeus
786 4157 813 4212 in
841 4154 977 4217 numeris,
1006 4161 1039 4207 ut
1059 4169 1156 4215 causa,
1179 4151 1238 4205 sins
1263 4160 1393 4224 respectu
1413 4150 1517 4222 figura·

154 4261 228 4309 rum,
260 4249 293 4297 ut
321 4240 426 4297 numeri
452 4240 604 4301 numerati;
636 4239 732 4310 itaque
758 4244 788 4291 et
813 4234 971 4291 harmonias
996 4234 1142 4287 nonnullas
1171 4248 1232 4286 cum
1252 4233 1393 4287 veteribus
1414 4229 1517 4300 injuste

154 4323 309 4395 proscribit,
332 4328 362 4375 et
381 4320 533 4375 intervalla
553 4320 688 4389 quaedam
709 4320 782 4372 inter
802 4316 935 4371 concinna
955 4313 1055 4383 recipit
1075 4313 1152 4367 nullo
1173 4311 1284 4366 illorum
1304 4312 1410 4367 merito.
1448 4310 1518 4365 Vide

155 4404 250 4458 Harm.
272 4418 350 4458 meae
371 4401 420 4456 lib.
442 4391 543 4465 111⁰)
927 4400 933 4406 “

235 4478 285 4553 aa)
304 4484 348 4537 De
375 4481 419 4535 his
447 4483 562 4550 praeter
588 4476 792 4548 propositiones
818 4491 837 4529 a
856 4472 1018 4545 Dasypodio
1038 4470 1194 4540 exscriptas
1224 4468 1292 4524 nihil
1318 4470 1380 4524 ridi.
1421 4471 1518 4540 Neque

156 4570 250 4619 tamen
270 4579 335 4634 spes
356 4569 409 4625 est,
431 4560 460 4614 in
479 4558 594 4613 Euclide
614 4563 755 4627 repertum
775 4554 818 4621 iri,
839 4571 911 4625 quae
924 4553 1110 4615 Ptolemaeus,
1133 4566 1205 4619 quae
1219 4549 1399 4622 Porphyrius,
1422 4558 1520 4604 aetate

156 4643 333 4713 posteriores,
351 4659 411 4701 non
429 4640 545 4694 hahent.
563 4630 599 4703 ⁸⁴)

743 4795 935 4808 -——-=-
