3788 5828
483 3294 572 3365 Quod
597 3296 623 3356 si
647 3293 797 3358 crassitiei
826 3291 908 3355 orbis
931 3292 1056 3354 Terreni
1086 3300 1283 3355 accenseatur
1311 3303 1446 3374 systema
1468 3292 1604 3367 Lunare,
1636 3309 1707 3371 ergo
1731 3291 1756 3353 si

393 3385 455 3447 ima
487 3383 661 3462 superficies
695 3382 776 3443 orbis
799 3381 922 3442 Terreni
947 3387 979 3440 et
1001 3381 1119 3442 Lunam
1148 3382 1404 3461 comprehendens
1433 3390 1481 3443 est
1507 3377 1605 3455 1000,
1641 3396 1759 3443 summa

394 3471 526 3532 Veneris
542 3471 632 3533 estin
649 3469 816 3549 Cupernico
831 3463 907 3532 847.
939 3466 982 3529 Et
996 3467 1121 3530 Terreni
1145 3471 1227 3531 orbis
1242 3490 1308 3533 cum
1324 3472 1411 3533 Luna
1434 3489 1565 3532 summus
1589 3488 1695 3549 margo
1711 3476 1759 3532 est

396 3556 478 3624 801:
504 3559 530 3621 si
554 3567 579 3629 (ς
601 3559 662 3622 ima
684 3559 779 3621 habet
806 3554 898 3620 1000.
937 3555 995 3618 Hic
1019 3556 1108 3618 velim
1131 3564 1162 3619 te
1186 3558 1351 3622 identidem
1374 3561 1525 3639 respicere
1549 3556 1588 3620 ad
1611 3558 1759 3621 tabellam

396 3647 466 3711 huic
481 3646 558 3709 libro
572 3648 783 3727 praemissam,
799 3665 905 3724 nempe
921 3645 959 3706 ad
975 3645 1064 3724 hujus
1078 3646 1317 3725 interpositionis
1338 3648 1572 3728 qualemcunque
1586 3647 1758 3728 imaginem.

486 3734 533 3796 En
566 3755 707 3798 numeros
730 3734 893 3815 parallelos
926 3734 1109 3817 propinquos
1132 3733 1307 3810 invicem,⁰)
1339 3743 1369 3797 et
1392 3736 1504 3798 Martis
1526 3735 1645 3816 quidem
1669 3746 1760 3816 atque

397 3822 529 3886 Veneris
554 3825 686 3886 cosdem.
734 3823 864 3886 Telluris
886 3841 958 3886 veru
983 3831 1014 3886 et
1033 3823 1173 3886 Mercurii
1197 3843 1254 3885 non
1279 3824 1438 3888 admodum
1454 3822 1641 3899 diversos,‘)
1666 3824 1760 3886 solius

398 3913 486 3976 iovis
509 3912 665 3975 immodice
691 3913 908 3992 discrepantes,
934 3912 987 3974 sed
1011 3912 1089 3992 qnod
1113 3912 1143 3973 in
1168 3920 1257 3974 tanta
1271 3912 1417 3975 distantia
1441 3932 1528 3975 nemo
1543 3913 1677 3975 miretur.
1719 3912 1762 3975 Et

397 4001 428 4063 iu
452 4000 554 4062 Marte
579 4002 697 4080 quidem
721 4011 811 4082 atque
835 4001 968 4070 Venere,
992 4000 1098 4062 vicinis
1122 4001 1187 4062 orbi
1207 4001 1350 4077 Telluris,
1375 4003 1461 4064 videa
1485 4011 1629 4082 quantam
1648 4002 1762 4064 efficiat

400 4089 608 4152 diversitatem
634 4090 783 4152 orbiculus
811 4091 914 4152 Lunae
940 4089 1111 4152 accensitus
1134 4089 1284 4151 crassitiei
1308 4090 1389 4152 orbis
1413 4089 1554 4154 Terreni:
1580 4091 1629 4172 qui
1659 4099 1761 4154 tamen

401 4177 553 4241 urbiculus
576 4178 628 4240 vix
652 4175 672 4241 3
696 4179 837 4258 scrupula
861 4187 982 4258 aequat,
1008 4177 1140 4259 qualium
1164 4178 1245 4240 orbis
1268 4178 1380 4240 Terrae
1404 4178 1497 4240 habet
1520 4175 1572 4242 60.
1587 4180 1614 4251 ⁶)

490 4266 579 4329 Unde
611 4267 753 4345 colligere
785 4276 889 4347 potes,
924 4286 1012 4347 quam
1042 4264 1129 4329 facile
1163 4267 1403 4329 animadversum
1437 4267 1557 4342 luisset,
1591 4274 1763 4348 quantaque

401 4372 590 4418 numerorum
615 4356 771 4417 extitisset
793 4355 1005 4436 inaequalitas,
1029 4357 1055 4419 si
1081 4356 1155 4417 haec
1179 4364 1285 4417 contra
1300 4356 1376 4418 coeli
1400 4363 1539 4419 naturam
1562 4362 1762 4429 tentarentur,

402 4443 461 4504 hoc
490 4452 556 4515 est,
590 4445 615 4505 si
638 4443 723 4506 Deua
754 4443 819 4523 ipse
850 4446 880 4505 iu
909 4445 1061 4507 creatione
1090 4463 1148 4504 non
1178 4444 1215 4504 ad
1245 4444 1300 4506 has
1327 4444 1536 4524 proportiones
1565 4444 1763 4523 respexisset.

315 4582 319 4593 .
403 4526 496 4593 Certe
520 4533 597 4594 enim
622 4533 783 4601 fortuitum
808 4533 864 4594 hoc
888 4552 1043 4594 essenon
1067 4541 1185 4612 potest,
1219 4542 1340 4595 uttam
1366 4533 1550 4614 propinquae
1581 4533 1645 4595 sint
1666 4534 1765 4596 iuter·

402 4619 493 4681 vallis
513 4619 604 4684 ·hisce
627 4622 837 4702 proportiones
861 4640 1037 4701 corpomm,
1070 4640 1137 4683 cum
1166 4630 1289 4702 propter
1312 4622 1392 4695 alia,
1427 4632 1489 4684 tum
1512 4621 1660 4696 maxime,
1695 4622 1766 4703 quia

404 4707 484 4770 idem
500 4709 571 4771 ordo
587 4716 636 4771 est
649 4710 883 4782 intervallcmm,
901 4728 989 4787 quern
1004 4728 1094 4788 supra
1110 4708 1276 4771 rationibus
1292 4710 1413 4789 optimis
1435 4709 1609 4787 corporibus
1625 4710 1763 4790 ascripsi,

403 4795 474 4858 vide
497 4814 563 4877 cap.
588 4795 619 4861 3.
665 4798 745 4859 Nam
770 4799 827 4860 etsi
853 4794 917 4863 635
942 4819 961 4860 a
984 4795 1049 4861 577
1074 4799 1242 4880 discrepat,
1277 4797 1349 4860 nulli
1374 4805 1474 4860 tamen
1500 4798 1695 4880 propinquior
1717 4808 1766 4861 est

404 4895 495 4967 atquc
517 4884 586 4947 huic
609 4884 677 4967 ipsi.
