<?xml version="1.0" encoding="UTF-8"?>
<!DOCTYPE html PUBLIC "-//W3C//DTD XHTML 1.0 Transitional//EN"
    "http://www.w3.org/TR/xhtml1/DTD/xhtml1-transitional.dtd">
<html xmlns="http://www.w3.org/1999/xhtml" xml:lang="en" lang="en">
 <head>
  <title>
</title>
<meta http-equiv="Content-Type" content="text/html;charset=utf-8" />
  <meta name='ocr-system' content='tesseract 3.04.00' />
  <meta name='ocr-capabilities' content='ocr_page ocr_carea ocr_par ocr_line ocrx_word'/>
</head>
<body>
  <div class='ocr_page' id='page_1' title='image "./joanniskepleria27frisgoog_0310.png"; bbox 0 0 3814 5818; ppageno 0'>
   <div class='ocr_carea' id='block_1_1' title="bbox 741 327 1524 401">
    <p class='ocr_par' dir='ltr' id='par_1_1' title="bbox 741 327 1524 401">
     <span class='ocr_line' id='line_1_1' title="bbox 741 327 1524 401; baseline -0.023 1"><span class='ocrx_word' id='word_1_1' title='bbox 741 335 945 401; x_wconf 68' lang='lat' dir='ltr'><strong>omum</strong></span> <span class='ocrx_word' id='word_1_2' title='bbox 1458 327 1524 401; x_wconf 58' lang='grc' dir='ltr'><strong>πω</strong></span> 
     </span>
    </p>
   </div>
   <div class='ocr_carea' id='block_1_2' title="bbox 159 491 1644 1029">
    <p class='ocr_par' dir='ltr' id='par_1_2' title="bbox 159 491 1644 1029">
     <span class='ocr_line' id='line_1_2' title="bbox 163 491 1524 592; baseline -0.009 -26"><span class='ocrx_word' id='word_1_3' title='bbox 163 509 297 592; x_wconf 72' lang='lat' dir='ltr'><strong>pinquis</strong></span> <span class='ocrx_word' id='word_1_4' title='bbox 324 520 398 566; x_wconf 79' lang='lat' dir='ltr'><strong>uero</strong></span> <span class='ocrx_word' id='word_1_5' title='bbox 428 501 669 576; x_wconf 67' lang='lat' dir='ltr'><strong>annotationes,</strong></span> <span class='ocrx_word' id='word_1_6' title='bbox 702 498 831 565; x_wconf 70' lang='lat' dir='ltr'><strong>artifieio</strong></span> <span class='ocrx_word' id='word_1_7' title='bbox 860 493 1149 561; x_wconf 69' lang='lat' dir='ltr'><strong>demonstrationum</strong></span> <span class='ocrx_word' id='word_1_8' title='bbox 1171 492 1354 568; x_wconf 59' lang='lat' dir='ltr'><strong>destitutam</strong></span> <span class='ocrx_word' id='word_1_9' title='bbox 1387 491 1467 573; x_wconf 82' lang='lat' dir='ltr'><strong>quod</strong></span> <span class='ocrx_word' id='word_1_10' title='bbox 1481 510 1524 587; x_wconf 52' lang='lat' dir='ltr'><strong>xex</strong></span> 
     </span>
     <span class='ocr_line' id='line_1_3' title="bbox 162 580 1523 683; baseline -0.012 -24"><span class='ocrx_word' id='word_1_11' title='bbox 162 598 216 660; x_wconf 84' lang='lat' dir='ltr'><strong>iila</strong></span> <span class='ocrx_word' id='word_1_12' title='bbox 239 596 330 674; x_wconf 70' lang='lat' dir='ltr'><strong>rouge</strong></span> <span class='ocrx_word' id='word_1_13' title='bbox 350 592 520 657; x_wconf 68' lang='lat' dir='ltr'><strong>Ptoisrnan</strong></span> <span class='ocrx_word' id='word_1_14' title='bbox 542 590 739 654; x_wconf 74' lang='lat' dir='ltr'><strong>aromaticae</strong></span> <span class='ocrx_word' id='word_1_15' title='bbox 761 589 814 653; x_wconf 84' lang='lat' dir='ltr'><strong>lib.</strong></span> <span class='ocrx_word' id='word_1_16' title='bbox 837 587 895 651; x_wconf 69' lang='lat' dir='ltr'><strong>IX„</strong></span> <span class='ocrx_word' id='word_1_17' title='bbox 919 585 1005 648; x_wconf 87' lang='lat' dir='ltr'><strong>initio</strong></span> <span class='ocrx_word' id='word_1_18' title='bbox 1030 582 1120 646; x_wconf 79' lang='lat' dir='ltr'><strong>facile</strong></span> <span class='ocrx_word' id='word_1_19' title='bbox 1142 581 1245 662; x_wconf 79' lang='lat' dir='ltr'><strong>colligi</strong></span> <span class='ocrx_word' id='word_1_20' title='bbox 1268 587 1386 660; x_wconf 74' lang='lat' dir='ltr'><strong>potestt</strong></span> <span class='ocrx_word' id='word_1_21' title='bbox 1417 580 1523 683; x_wconf 46' lang='lat' dir='ltr'><strong>dispe:</strong></span> 
     </span>
     <span class='ocr_line' id='line_1_4' title="bbox 160 669 1524 773; baseline -0.015 -23"><span class='ocrx_word' id='word_1_22' title='bbox 160 693 259 749; x_wconf 77' lang='lat' dir='ltr'><strong>tatum</strong></span> <span class='ocrx_word' id='word_1_23' title='bbox 281 683 374 745; x_wconf 81' lang='lat' dir='ltr'><strong>etism</strong></span> <span class='ocrx_word' id='word_1_24' title='bbox 395 681 479 744; x_wconf 84' lang='lat' dir='ltr'><strong>varie</strong></span> <span class='ocrx_word' id='word_1_25' title='bbox 503 681 570 752; x_wconf 77' lang='lat' dir='ltr'><strong>tuit.</strong></span> <span class='ocrx_word' id='word_1_26' title='bbox 593 698 722 761; x_wconf 84' lang='lat' dir='ltr'><strong>quonam</strong></span> <span class='ocrx_word' id='word_1_27' title='bbox 742 686 834 759; x_wconf 70' lang='lat' dir='ltr'><strong>pwto</strong></span> <span class='ocrx_word' id='word_1_28' title='bbox 857 683 1001 756; x_wconf 86' lang='lat' dir='ltr'><strong>puuctum</strong></span> <span class='ocrx_word' id='word_1_29' title='bbox 1024 678 1140 735; x_wconf 86' lang='lat' dir='ltr'><strong>certum</strong></span> <span class='ocrx_word' id='word_1_30' title='bbox 1163 670 1347 751; x_wconf 78' lang='lat' dir='ltr'><strong>geometrice</strong></span> <span class='ocrx_word' id='word_1_31' title='bbox 1368 669 1524 773; x_wconf 63' lang='lat' dir='ltr'><strong>nerigean</strong></span> 
     </span>
     <span class='ocr_line' id='line_1_5' title="bbox 162 758 1644 859; baseline -0.015 -22"><span class='ocrx_word' id='word_1_32' title='bbox 162 780 264 857; x_wconf 67' lang='lat' dir='ltr'><strong>quom.</strong></span> <span class='ocrx_word' id='word_1_33' title='bbox 288 770 318 832; x_wconf 86' lang='lat' dir='ltr'><strong>in</strong></span> <span class='ocrx_word' id='word_1_34' title='bbox 342 788 400 852; x_wconf 88' lang='lat' dir='ltr'><strong>qno</strong></span> <span class='ocrx_word' id='word_1_35' title='bbox 422 770 548 851; x_wconf 82' lang='lat' dir='ltr'><strong>planeta</strong></span> <span class='ocrx_word' id='word_1_36' title='bbox 571 776 653 831; x_wconf 89' lang='lat' dir='ltr'><strong>stare</strong></span> <span class='ocrx_word' id='word_1_37' title='bbox 677 768 833 831; x_wconf 79' lang='lat' dir='ltr'><strong>ridestnrr</strong></span> <span class='ocrx_word' id='word_1_38' title='bbox 865 782 932 827; x_wconf 87' lang='lat' dir='ltr'><strong>cum</strong></span> <span class='ocrx_word' id='word_1_39' title='bbox 965 762 1042 824; x_wconf 84' lang='lat' dir='ltr'><strong>haec</strong></span> <span class='ocrx_word' id='word_1_40' title='bbox 1068 778 1119 823; x_wconf 88' lang='lat' dir='ltr'><strong>res</strong></span> <span class='ocrx_word' id='word_1_41' title='bbox 1148 778 1207 821; x_wconf 90' lang='lat' dir='ltr'><strong>non</strong></span> <span class='ocrx_word' id='word_1_42' title='bbox 1231 758 1407 859; x_wconf 29' lang='lat' dir='ltr'><strong>aliter-mer</strong></span> <span class='ocrx_word' id='word_1_43' title='bbox 1429 775 1524 859; x_wconf 78' lang='lat' dir='ltr'><strong>prope</strong></span> <span class='ocrx_word' id='word_1_44' title='bbox 1640 786 1644 795; x_wconf 91' lang='lat'><strong>·</strong></span> 
     </span>
     <span class='ocr_line' id='line_1_6' title="bbox 159 846 1524 947; baseline -0.012 -24"><span class='ocrx_word' id='word_1_45' title='bbox 159 880 263 925; x_wconf 83' lang='lat' dir='ltr'><strong>verum</strong></span> <span class='ocrx_word' id='word_1_46' title='bbox 293 858 438 922; x_wconf 76' lang='lat' dir='ltr'><strong>wustitni</strong></span> <span class='ocrx_word' id='word_1_47' title='bbox 464 866 498 920; x_wconf 86' lang='lat' dir='ltr'><strong>et</strong></span> <span class='ocrx_word' id='word_1_48' title='bbox 518 857 702 922; x_wconf 83' lang='lat' dir='ltr'><strong>numerando</strong></span> <span class='ocrx_word' id='word_1_49' title='bbox 730 853 834 936; x_wconf 74' lang='lat' dir='ltr'><strong>colligi</strong></span> <span class='ocrx_word' id='word_1_50' title='bbox 865 852 958 935; x_wconf 79' lang='lat' dir='ltr'><strong>posse</strong></span> <span class='ocrx_word' id='word_1_51' title='bbox 980 849 1144 912; x_wconf 82' lang='lat' dir='ltr'><strong>videretur.</strong></span> <span class='ocrx_word' id='word_1_52' title='bbox 1189 846 1304 911; x_wconf 81' lang='lat' dir='ltr'><strong>Extitit</strong></span> <span class='ocrx_word' id='word_1_53' title='bbox 1329 847 1427 947; x_wconf 40' lang='lat' dir='ltr'><strong>egitur·</strong></span> <span class='ocrx_word' id='word_1_54' title='bbox 1443 852 1524 909; x_wconf 81' lang='lat' dir='ltr'><strong>inter</strong></span> 
     </span>
     <span class='ocr_line' id='line_1_7' title="bbox 161 933 1524 1029; baseline -0.016 -13"><span class='ocrx_word' id='word_1_55' title='bbox 161 958 280 1016; x_wconf 80' lang='lat' dir='ltr'><strong>eeteros</strong></span> <span class='ocrx_word' id='word_1_56' title='bbox 303 956 336 1011; x_wconf 86' lang='lat' dir='ltr'><strong>st</strong></span> <span class='ocrx_word' id='word_1_57' title='bbox 357 948 550 1027; x_wconf 73' lang='lat' dir='ltr'><strong>Pergaeus</strong></span> <span class='ocrx_word' id='word_1_58' title='bbox 573 953 781 1029; x_wconf 79' lang='lat' dir='ltr'><strong>geometra,</strong></span> <span class='ocrx_word' id='word_1_59' title='bbox 805 942 962 1025; x_wconf 74' lang='lat' dir='ltr'><strong>problema</strong></span> <span class='ocrx_word' id='word_1_60' title='bbox 985 935 1179 1019; x_wconf 76' lang='lat' dir='ltr'><strong>geometricis</strong></span> <span class='ocrx_word' id='word_1_61' title='bbox 1203 935 1445 998; x_wconf 78' lang='lat' dir='ltr'><strong>accommodavit</strong></span> <span class='ocrx_word' id='word_1_62' title='bbox 1467 933 1524 995; x_wconf 89' lang='lat' dir='ltr'><strong>de-</strong></span> 
     </span>
    </p>
   </div>
   <div class='ocr_carea' id='block_1_3' title="bbox 159 1021 1527 1295">
    <p class='ocr_par' dir='ltr' id='par_1_3' title="bbox 159 1021 1527 1295">
     <span class='ocr_line' id='line_1_8' title="bbox 161 1021 1524 1125; baseline -0.015 -21"><span class='ocrx_word' id='word_1_63' title='bbox 161 1036 440 1112; x_wconf 73' lang='lat' dir='ltr'><strong>monstrationrirns,</strong></span> <span class='ocrx_word' id='word_1_64' title='bbox 464 1055 560 1118; x_wconf 86' lang='lat' dir='ltr'><strong>esque</strong></span> <span class='ocrx_word' id='word_1_65' title='bbox 584 1035 642 1098; x_wconf 90' lang='lat' dir='ltr'><strong>sibi</strong></span> <span class='ocrx_word' id='word_1_66' title='bbox 664 1034 787 1110; x_wconf 84' lang='lat' dir='ltr'><strong>sumsit,</strong></span> <span class='ocrx_word' id='word_1_67' title='bbox 811 1031 918 1113; x_wconf 86' lang='lat' dir='ltr'><strong>quibus</strong></span> <span class='ocrx_word' id='word_1_68' title='bbox 944 1025 1098 1091; x_wconf 87' lang='lat' dir='ltr'><strong>concessis</strong></span> <span class='ocrx_word' id='word_1_69' title='bbox 1122 1024 1264 1105; x_wconf 84' lang='lat' dir='ltr'><strong>expedire</strong></span> <span class='ocrx_word' id='word_1_70' title='bbox 1287 1021 1524 1125; x_wconf 73' lang='lat' dir='ltr'><strong>demonstratio-</strong></span> 
     </span>
     <span class='ocr_line' id='line_1_9' title="bbox 160 1112 1527 1217; baseline -0.018 -23"><span class='ocrx_word' id='word_1_71' title='bbox 160 1148 229 1193; x_wconf 87' lang='lat' dir='ltr'><strong>nem</strong></span> <span class='ocrx_word' id='word_1_72' title='bbox 260 1134 418 1210; x_wconf 84' lang='lat' dir='ltr'><strong>speraret:</strong></span> <span class='ocrx_word' id='word_1_73' title='bbox 452 1145 529 1207; x_wconf 86' lang='lat' dir='ltr'><strong>qnae</strong></span> <span class='ocrx_word' id='word_1_74' title='bbox 564 1125 684 1206; x_wconf 84' lang='lat' dir='ltr'><strong>quidem</strong></span> <span class='ocrx_word' id='word_1_75' title='bbox 714 1117 935 1186; x_wconf 80' lang='lat' dir='ltr'><strong>demonstratio</strong></span> <span class='ocrx_word' id='word_1_76' title='bbox 967 1112 1308 1216; x_wconf 25' lang='lat' dir='ltr'><strong>admirabilioprofscta</strong></span> <span class='ocrx_word' id='word_1_77' title='bbox 1338 1112 1459 1217; x_wconf 62' lang='lat' dir='ltr'><strong>inpenso</strong></span> <span class='ocrx_word' id='word_1_78' title='bbox 1492 1114 1527 1170; x_wconf 85' lang='lat' dir='ltr'><strong>et</strong></span> 
     </span>
     <span class='ocr_line' id='line_1_10' title="bbox 159 1198 1524 1295; baseline -0.017 -14"><span class='ocrx_word' id='word_1_79' title='bbox 159 1217 332 1281; x_wconf 81' lang='lat' dir='ltr'><strong>inventione</strong></span> <span class='ocrx_word' id='word_1_80' title='bbox 355 1214 565 1288; x_wconf 82' lang='lat' dir='ltr'><strong>solertissima,</strong></span> <span class='ocrx_word' id='word_1_81' title='bbox 589 1216 681 1295; x_wconf 85' lang='lat' dir='ltr'><strong>plane</strong></span> <span class='ocrx_word' id='word_1_82' title='bbox 703 1212 839 1277; x_wconf 85' lang='lat' dir='ltr'><strong>conica</strong></span> <span class='ocrx_word' id='word_1_83' title='bbox 860 1207 927 1289; x_wconf 86' lang='lat' dir='ltr'><strong>ejus</strong></span> <span class='ocrx_word' id='word_1_84' title='bbox 950 1202 1067 1267; x_wconf 86' lang='lat' dir='ltr'><strong>autoris</strong></span> <span class='ocrx_word' id='word_1_85' title='bbox 1090 1209 1183 1282; x_wconf 82' lang='lat' dir='ltr'><strong>ssprt.</strong></span> <span class='ocrx_word' id='word_1_86' title='bbox 1229 1200 1277 1264; x_wconf 89' lang='lat' dir='ltr'><strong>De</strong></span> <span class='ocrx_word' id='word_1_87' title='bbox 1297 1220 1333 1264; x_wconf 90' lang='lat' dir='ltr'><strong>eo</strong></span> <span class='ocrx_word' id='word_1_88' title='bbox 1356 1219 1401 1263; x_wconf 85' lang='lat' dir='ltr'><strong>src</strong></span> <span class='ocrx_word' id='word_1_89' title='bbox 1415 1198 1524 1261; x_wconf 86' lang='lat' dir='ltr'><strong>Ptole·</strong></span> 
     </span>
    </p>
   </div>
   <div class='ocr_carea' id='block_1_4' title="bbox 36 1288 1525 1385">
    <p class='ocr_par' dir='ltr' id='par_1_4' title="bbox 36 1288 1525 1385">
     <span class='ocr_line' id='line_1_11' title="bbox 36 1288 1525 1385; baseline -0.018 -13"><span class='ocrx_word' id='word_1_90' title='bbox 36 1371 38 1374; x_wconf 10' lang='grc' dir='ltr'><em>Α</em></span> <span class='ocrx_word' id='word_1_91' title='bbox 160 1325 264 1369; x_wconf 86' lang='lat' dir='ltr'><strong>naeus</strong></span> <span class='ocrx_word' id='word_1_92' title='bbox 287 1306 426 1385; x_wconf 63' lang='grc' dir='ltr'><strong>(ΑΜ.</strong></span> <span class='ocrx_word' id='word_1_93' title='bbox 448 1304 525 1379; x_wconf 84' lang='lat' dir='ltr'>XII,</span> <span class='ocrx_word' id='word_1_94' title='bbox 557 1304 623 1377; x_wconf 81' lang='lat' dir='ltr'><strong>t.):</strong></span> <span class='ocrx_word' id='word_1_95' title='bbox 656 1302 823 1383; x_wconf 84' lang='lat' dir='ltr'><strong>Supposits</strong></span> <span class='ocrx_word' id='word_1_96' title='bbox 848 1316 909 1360; x_wconf 89' lang='lat' dir='ltr'><strong>una</strong></span> <span class='ocrx_word' id='word_1_97' title='bbox 939 1293 1050 1356; x_wconf 79' lang='lat' dir='ltr'><strong>saitem</strong></span> <span class='ocrx_word' id='word_1_98' title='bbox 1083 1288 1305 1371; x_wconf 85' lang='lat' dir='ltr'><strong>inaequalitate</strong></span> <span class='ocrx_word' id='word_1_99' title='bbox 1336 1297 1453 1362; x_wconf 88' lang='lat' dir='ltr'><strong>motus,</strong></span> <span class='ocrx_word' id='word_1_100' title='bbox 1486 1304 1525 1346; x_wconf 88' lang='lat' dir='ltr'><strong>ea</strong></span> 
     </span>
    </p>
   </div>
   <div class='ocr_carea' id='block_1_5' title="bbox 112 1392 1529 3615">
    <p class='ocr_par' dir='ltr' id='par_1_5' title="bbox 112 1392 1529 3615">
     <span class='ocr_line' id='line_1_12' title="bbox 159 1392 774 1477; baseline -0.005 -18"><span class='ocrx_word' id='word_1_101' title='bbox 159 1414 283 1477; x_wconf 87' lang='lat' dir='ltr'><strong>nempe,</strong></span> <span class='ocrx_word' id='word_1_102' title='bbox 308 1412 385 1475; x_wconf 87' lang='lat' dir='ltr'><strong>qnae</strong></span> <span class='ocrx_word' id='word_1_103' title='bbox 407 1393 448 1455; x_wconf 87' lang='lat' dir='ltr'><strong>sd</strong></span> <span class='ocrx_word' id='word_1_104' title='bbox 470 1392 573 1456; x_wconf 89' lang='lat' dir='ltr'><strong>Solem</strong></span> <span class='ocrx_word' id='word_1_105' title='bbox 595 1392 774 1468; x_wconf 82' lang='lat' dir='ltr'><strong>restituitur,</strong></span> 
     </span>
     <span class='ocr_line' id='line_1_13' title="bbox 158 1472 773 1565; baseline -0.005 -18"><span class='ocrx_word' id='word_1_106' title='bbox 158 1485 311 1565; x_wconf 76' lang='lat' dir='ltr'><strong>geminmn</strong></span> <span class='ocrx_word' id='word_1_107' title='bbox 326 1481 494 1546; x_wconf 87' lang='lat' dir='ltr'><strong>instituisso</strong></span> <span class='ocrx_word' id='word_1_108' title='bbox 510 1484 637 1546; x_wconf 82' lang='lat' dir='ltr'><strong>formam</strong></span> <span class='ocrx_word' id='word_1_109' title='bbox 650 1472 773 1563; x_wconf 78' lang='lat' dir='ltr'><strong>probio-</strong></span> 
     </span>
     <span class='ocr_line' id='line_1_14' title="bbox 158 1570 773 1652; baseline -0.007 -15"><span class='ocrx_word' id='word_1_110' title='bbox 158 1573 259 1637; x_wconf 85' lang='lat' dir='ltr'><strong>mstis.</strong></span> <span class='ocrx_word' id='word_1_111' title='bbox 300 1573 403 1636; x_wconf 88' lang='lat' dir='ltr'><strong>Primo</strong></span> <span class='ocrx_word' id='word_1_112' title='bbox 426 1571 548 1635; x_wconf 75' lang='lat' dir='ltr'><strong>eiham</strong></span> <span class='ocrx_word' id='word_1_113' title='bbox 570 1570 773 1652; x_wconf 79' lang='lat' dir='ltr'><strong>inaequalita-</strong></span> 
     </span>
     <span class='ocr_line' id='line_1_15' title="bbox 158 1664 771 1747; baseline -0.002 -18"><span class='ocrx_word' id='word_1_114' title='bbox 158 1673 223 1729; x_wconf 85' lang='lat' dir='ltr'><strong>tem</strong></span> <span class='ocrx_word' id='word_1_115' title='bbox 245 1666 311 1746; x_wconf 88' lang='lat' dir='ltr'><strong>quis</strong></span> <span class='ocrx_word' id='word_1_116' title='bbox 334 1665 367 1727; x_wconf 90' lang='lat' dir='ltr'><strong>in</strong></span> <span class='ocrx_word' id='word_1_117' title='bbox 389 1664 524 1747; x_wconf 79' lang='lat' dir='ltr'><strong>epinyclo</strong></span> <span class='ocrx_word' id='word_1_118' title='bbox 547 1674 667 1730; x_wconf 71' lang='lat' dir='ltr'><strong>metuat</strong></span> <span class='ocrx_word' id='word_1_119' title='bbox 688 1667 771 1729; x_wconf 88' lang='lat' dir='ltr'><strong>acci-</strong></span> 
     </span>
     <span class='ocr_line' id='line_1_16' title="bbox 159 1754 773 1835; baseline 0.002 -17"><span class='ocrx_word' id='word_1_120' title='bbox 159 1755 245 1829; x_wconf 86' lang='lat' dir='ltr'><strong>dere,</strong></span> <span class='ocrx_word' id='word_1_121' title='bbox 278 1755 323 1817; x_wconf 86' lang='lat' dir='ltr'><strong>ita</strong></span> <span class='ocrx_word' id='word_1_122' title='bbox 352 1760 388 1817; x_wconf 86' lang='lat' dir='ltr'><strong>ut</strong></span> <span class='ocrx_word' id='word_1_123' title='bbox 418 1754 544 1835; x_wconf 79' lang='lat' dir='ltr'><strong>epinycli</strong></span> <span class='ocrx_word' id='word_1_124' title='bbox 575 1764 711 1819; x_wconf 86' lang='lat' dir='ltr'><strong>centrum</strong></span> <span class='ocrx_word' id='word_1_125' title='bbox 741 1756 773 1818; x_wconf 89' lang='lat' dir='ltr'><strong>in</strong></span> 
     </span>
     <span class='ocr_line' id='line_1_17' title="bbox 159 1846 774 1928; baseline 0.005 -21"><span class='ocrx_word' id='word_1_126' title='bbox 159 1846 348 1908; x_wconf 75' lang='lat' dir='ltr'><strong>muoentrico</strong></span> <span class='ocrx_word' id='word_1_127' title='bbox 378 1851 535 1906; x_wconf 84' lang='lat' dir='ltr'><strong>moveatur</strong></span> <span class='ocrx_word' id='word_1_128' title='bbox 561 1847 591 1909; x_wconf 91' lang='lat' dir='ltr'><strong>in</strong></span> <span class='ocrx_word' id='word_1_129' title='bbox 622 1847 774 1928; x_wconf 77' lang='lat' dir='ltr'><strong>signorum</strong></span> 
     </span>
     <span class='ocr_line' id='line_1_18' title="bbox 159 1933 772 2019; baseline 0.002 -23"><span class='ocrx_word' id='word_1_130' title='bbox 159 1935 384 2014; x_wconf 73' lang='lat' dir='ltr'><strong>consequentia,</strong></span> <span class='ocrx_word' id='word_1_131' title='bbox 408 1933 551 1996; x_wconf 79' lang='lat' dir='ltr'><strong>stellein</strong></span> <span class='ocrx_word' id='word_1_132' title='bbox 570 1935 703 2019; x_wconf 83' lang='lat' dir='ltr'><strong>epioyclo</strong></span> <span class='ocrx_word' id='word_1_133' title='bbox 726 1934 772 1999; x_wconf 91' lang='lat' dir='ltr'><strong>si-</strong></span> 
     </span>
     <span class='ocr_line' id='line_1_19' title="bbox 159 2023 772 2110; baseline 0.007 -24"><span class='ocrx_word' id='word_1_134' title='bbox 159 2023 271 2086; x_wconf 86' lang='lat' dir='ltr'><strong>militer</strong></span> <span class='ocrx_word' id='word_1_135' title='bbox 300 2023 333 2085; x_wconf 90' lang='lat' dir='ltr'><strong>iu</strong></span> <span class='ocrx_word' id='word_1_136' title='bbox 364 2026 581 2104; x_wconf 74' lang='lat' dir='ltr'><strong>consequentia</strong></span> <span class='ocrx_word' id='word_1_137' title='bbox 616 2046 655 2089; x_wconf 79' lang='lat' dir='ltr'><strong>ex</strong></span> <span class='ocrx_word' id='word_1_138' title='bbox 684 2035 772 2110; x_wconf 86' lang='lat' dir='ltr'><strong>parte</strong></span> 
     </span>
     <span class='ocr_line' id='line_1_20' title="bbox 159 2111 773 2194; baseline 0.01 -20"><span class='ocrx_word' id='word_1_139' title='bbox 159 2112 326 2193; x_wconf 73' lang='lat' dir='ltr'><strong>superiori:</strong></span> <span class='ocrx_word' id='word_1_140' title='bbox 360 2111 466 2194; x_wconf 87' lang='lat' dir='ltr'><strong>quibus</strong></span> <span class='ocrx_word' id='word_1_141' title='bbox 501 2115 627 2194; x_wconf 85' lang='lat' dir='ltr'><strong>positis,</strong></span> <span class='ocrx_word' id='word_1_142' title='bbox 661 2136 704 2179; x_wconf 90' lang='lat' dir='ltr'><strong>sc.</strong></span> <span class='ocrx_word' id='word_1_143' title='bbox 742 2117 773 2180; x_wconf 79' lang='lat' dir='ltr'>A</span> 
     </span>
     <span class='ocr_line' id='line_1_21' title="bbox 158 2201 772 2276; baseline 0.007 -13"><span class='ocrx_word' id='word_1_144' title='bbox 158 2201 270 2276; x_wconf 84' lang='lat' dir='ltr'><strong>Terra,</strong></span> <span class='ocrx_word' id='word_1_145' title='bbox 312 2208 344 2262; x_wconf 86' lang='lat' dir='ltr'><strong>et</strong></span> <span class='ocrx_word' id='word_1_146' title='bbox 382 2201 493 2263; x_wconf 84' lang='lat' dir='ltr'><strong>circum</strong></span> <span class='ocrx_word' id='word_1_147' title='bbox 537 2222 604 2266; x_wconf 88' lang='lat' dir='ltr'><strong>eam</strong></span> <span class='ocrx_word' id='word_1_148' title='bbox 641 2224 772 2269; x_wconf 88' lang='lat' dir='ltr'><strong>concon·</strong></span> 
     </span>
     <span class='ocr_line' id='line_1_22' title="bbox 112 2287 775 2376; baseline 0.009 -25"><span class='ocrx_word' id='word_1_149' title='bbox 112 2351 115 2357; x_wconf 84' lang='grc'><strong>,</strong></span> <span class='ocrx_word' id='word_1_150' title='bbox 159 2289 235 2352; x_wconf 81' lang='lat' dir='ltr'><strong>trioo</strong></span> <span class='ocrx_word' id='word_1_151' title='bbox 258 2287 327 2363; x_wconf 80' lang='grc' dir='ltr'><strong>ΟΕ,</strong></span> <span class='ocrx_word' id='word_1_152' title='bbox 353 2289 445 2370; x_wconf 86' lang='lat' dir='ltr'><strong>inque</strong></span> <span class='ocrx_word' id='word_1_153' title='bbox 468 2310 504 2354; x_wconf 89' lang='lat' dir='ltr'><strong>eo</strong></span> <span class='ocrx_word' id='word_1_154' title='bbox 528 2293 663 2376; x_wconf 85' lang='lat' dir='ltr'><strong>epicyclo</strong></span> <span class='ocrx_word' id='word_1_155' title='bbox 687 2292 775 2357; x_wconf 74' lang='lat' dir='ltr'><strong>cm</strong></span> 
     </span>
     <span class='ocr_line' id='line_1_23' title="bbox 159 2376 773 2462; baseline 0.007 -21"><span class='ocrx_word' id='word_1_156' title='bbox 159 2376 280 2442; x_wconf 84' lang='lat' dir='ltr'><strong>circaO</strong></span> <span class='ocrx_word' id='word_1_157' title='bbox 301 2385 445 2453; x_wconf 79' lang='lat' dir='ltr'><strong>connum,</strong></span> <span class='ocrx_word' id='word_1_158' title='bbox 470 2386 503 2442; x_wconf 89' lang='lat' dir='ltr'><strong>ot</strong></span> <span class='ocrx_word' id='word_1_159' title='bbox 516 2377 589 2443; x_wconf 82' lang='lat' dir='ltr'><strong>Sole</strong></span> <span class='ocrx_word' id='word_1_160' title='bbox 603 2401 721 2462; x_wconf 84' lang='lat' dir='ltr'><strong>semper</strong></span> <span class='ocrx_word' id='word_1_161' title='bbox 743 2382 773 2445; x_wconf 89' lang='lat' dir='ltr'><strong>in</strong></span> 
     </span>
     <span class='ocr_line' id='line_1_24' title="bbox 158 2467 774 2552; baseline 0.01 -23"><span class='ocrx_word' id='word_1_162' title='bbox 158 2467 240 2529; x_wconf 85' lang='lat' dir='ltr'><strong>linea</strong></span> <span class='ocrx_word' id='word_1_163' title='bbox 252 2468 310 2530; x_wconf 70' lang='grc' dir='ltr'><strong>ΓΑ</strong></span> <span class='ocrx_word' id='word_1_164' title='bbox 323 2474 475 2542; x_wconf 76' lang='lat' dir='ltr'><strong>versante,</strong></span> <span class='ocrx_word' id='word_1_165' title='bbox 499 2469 582 2533; x_wconf 85' lang='lat' dir='ltr'><strong>ducit</strong></span> <span class='ocrx_word' id='word_1_166' title='bbox 595 2471 774 2552; x_wconf 82' lang='lat' dir='ltr'><strong>Apollonius</strong></span> 
     </span>
     <span class='ocr_line' id='line_1_25' title="bbox 160 2553 774 2632; baseline 0.003 -14"><span class='ocrx_word' id='word_1_167' title='bbox 160 2556 269 2618; x_wconf 83' lang='lat' dir='ltr'><strong>lineam</strong></span> <span class='ocrx_word' id='word_1_168' title='bbox 284 2553 404 2618; x_wconf 76' lang='lat' dir='ltr'><strong>Anne</strong></span> <span class='ocrx_word' id='word_1_169' title='bbox 422 2557 524 2632; x_wconf 83' lang='lat' dir='ltr'><strong>talem,</strong></span> <span class='ocrx_word' id='word_1_170' title='bbox 548 2567 582 2623; x_wconf 91' lang='lat' dir='ltr'><strong>nt</strong></span> <span class='ocrx_word' id='word_1_171' title='bbox 604 2561 662 2623; x_wconf 82' lang='grc' dir='ltr'><strong>ΕΗ</strong></span> <span class='ocrx_word' id='word_1_172' title='bbox 685 2561 774 2623; x_wconf 87' lang='lat' dir='ltr'><strong>dimi-</strong></span> 
     </span>
     <span class='ocr_line' id='line_1_26' title="bbox 159 2644 775 2724; baseline 0.008 -17"><span class='ocrx_word' id='word_1_173' title='bbox 159 2644 240 2707; x_wconf 85' lang='lat' dir='ltr'><strong>dium</strong></span> <span class='ocrx_word' id='word_1_174' title='bbox 270 2644 418 2724; x_wconf 85' lang='lat' dir='ltr'><strong>portionis</strong></span> <span class='ocrx_word' id='word_1_175' title='bbox 449 2646 530 2710; x_wconf 88' lang='lat' dir='ltr'><strong>intra</strong></span> <span class='ocrx_word' id='word_1_176' title='bbox 562 2648 703 2713; x_wconf 69' lang='lat' dir='ltr'><strong>neonium</strong></span> <span class='ocrx_word' id='word_1_177' title='bbox 736 2651 775 2712; x_wconf 87' lang='lat' dir='ltr'><strong>ad</strong></span> 
     </span>
     <span class='ocr_line' id='line_1_27' title="bbox 159 2734 777 2808; baseline 0.008 -13"><span class='ocrx_word' id='word_1_178' title='bbox 159 2734 232 2808; x_wconf 82' lang='grc' dir='ltr'><strong>ΔΗ,</strong></span> <span class='ocrx_word' id='word_1_179' title='bbox 266 2734 417 2796; x_wconf 81' lang='lat' dir='ltr'><strong>residuum</strong></span> <span class='ocrx_word' id='word_1_180' title='bbox 450 2736 488 2798; x_wconf 93' lang='lat' dir='ltr'><strong>ab</strong></span> <span class='ocrx_word' id='word_1_181' title='bbox 516 2738 602 2799; x_wconf 84' lang='lat' dir='ltr'><strong>oculo</strong></span> <span class='ocrx_word' id='word_1_182' title='bbox 625 2738 656 2801; x_wconf 82' lang='lat' dir='ltr'>A</span> <span class='ocrx_word' id='word_1_183' title='bbox 684 2739 723 2799; x_wconf 84' lang='lat' dir='ltr'><strong>ad</strong></span> <span class='ocrx_word' id='word_1_184' title='bbox 745 2738 777 2800; x_wconf 87' lang='grc' dir='ltr'>Η</span> 
     </span>
     <span class='ocr_line' id='line_1_28' title="bbox 161 2823 775 2907; baseline 0.003 -22"><span class='ocrx_word' id='word_1_185' title='bbox 161 2840 326 2886; x_wconf 85' lang='lat' dir='ltr'><strong>convexam</strong></span> <span class='ocrx_word' id='word_1_186' title='bbox 353 2823 479 2906; x_wconf 83' lang='lat' dir='ltr'><strong>epicycli</strong></span> <span class='ocrx_word' id='word_1_187' title='bbox 510 2832 642 2907; x_wconf 88' lang='lat' dir='ltr'><strong>partem,</strong></span> <span class='ocrx_word' id='word_1_188' title='bbox 676 2826 716 2889; x_wconf 84' lang='lat' dir='ltr'><strong>sit</strong></span> <span class='ocrx_word' id='word_1_189' title='bbox 745 2826 775 2888; x_wconf 90' lang='lat' dir='ltr'><strong>iu</strong></span> 
     </span>
     <span class='ocr_line' id='line_1_29' title="bbox 160 2912 776 2997; baseline 0.006 -24"><span class='ocrx_word' id='word_1_190' title='bbox 160 2931 198 2974; x_wconf 87' lang='lat' dir='ltr'><strong>oa</strong></span> <span class='ocrx_word' id='word_1_191' title='bbox 219 2913 421 2991; x_wconf 85' lang='lat' dir='ltr'><strong>proportione,</strong></span> <span class='ocrx_word' id='word_1_192' title='bbox 445 2912 476 2975; x_wconf 87' lang='lat' dir='ltr'><strong>in</strong></span> <span class='ocrx_word' id='word_1_193' title='bbox 499 2932 559 2995; x_wconf 90' lang='lat' dir='ltr'><strong>qua</strong></span> <span class='ocrx_word' id='word_1_194' title='bbox 580 2923 629 2977; x_wconf 86' lang='lat' dir='ltr'><strong>est</strong></span> <span class='ocrx_word' id='word_1_195' title='bbox 650 2914 776 2997; x_wconf 84' lang='lat' dir='ltr'><strong>epicyeli</strong></span> 
     </span>
     <span class='ocr_line' id='line_1_30' title="bbox 161 2998 776 3071; baseline 0.013 -13"><span class='ocrx_word' id='word_1_196' title='bbox 161 3000 316 3071; x_wconf 75' lang='lat' dir='ltr'><strong>velocitas,</strong></span> <span class='ocrx_word' id='word_1_197' title='bbox 336 2998 421 3064; x_wconf 83' lang='lat' dir='ltr'><strong>oxC</strong></span> <span class='ocrx_word' id='word_1_198' title='bbox 448 3001 530 3065; x_wconf 84' lang='lat' dir='ltr'><strong>qu</strong></span> <span class='ocrx_word' id='word_1_199' title='bbox 558 3003 599 3065; x_wconf 90' lang='lat' dir='ltr'><strong>ad</strong></span> <span class='ocrx_word' id='word_1_200' title='bbox 625 3004 776 3066; x_wconf 83' lang='lat' dir='ltr'><strong>velocita-</strong></span> 
     </span>
     <span class='ocr_line' id='line_1_31' title="bbox 160 3090 776 3155; baseline 0.006 -4"><span class='ocrx_word' id='word_1_201' title='bbox 160 3096 223 3152; x_wconf 89' lang='lat' dir='ltr'><strong>tem</strong></span> <span class='ocrx_word' id='word_1_202' title='bbox 255 3091 363 3152; x_wconf 79' lang='lat' dir='ltr'><strong>steliae</strong></span> <span class='ocrx_word' id='word_1_203' title='bbox 395 3110 433 3152; x_wconf 86' lang='lat' dir='ltr'><strong>ex</strong></span> <span class='ocrx_word' id='word_1_204' title='bbox 456 3091 483 3153; x_wconf 73' lang='lat'><strong>1⁸*</strong></span> <span class='ocrx_word' id='word_1_205' title='bbox 505 3092 535 3154; x_wconf 87' lang='lat' dir='ltr'><strong>in</strong></span> <span class='ocrx_word' id='word_1_206' title='bbox 566 3090 617 3154; x_wconf 85' lang='lat' dir='ltr'><strong>G:</strong></span> <span class='ocrx_word' id='word_1_207' title='bbox 650 3093 776 3155; x_wconf 87' lang='lat' dir='ltr'><strong>demon-</strong></span> 
     </span>
     <span class='ocr_line' id='line_1_32' title="bbox 160 3177 1527 3261; baseline 0.002 -22"><span class='ocrx_word' id='word_1_208' title='bbox 160 3185 313 3258; x_wconf 85' lang='lat' dir='ltr'><strong>stratque,</strong></span> <span class='ocrx_word' id='word_1_209' title='bbox 336 3179 362 3241; x_wconf 87' lang='lat' dir='ltr'><strong>si</strong></span> <span class='ocrx_word' id='word_1_210' title='bbox 385 3180 510 3259; x_wconf 87' lang='lat' dir='ltr'><strong>planeta</strong></span> <span class='ocrx_word' id='word_1_211' title='bbox 531 3180 562 3242; x_wconf 88' lang='lat' dir='ltr'><strong>iu</strong></span> <span class='ocrx_word' id='word_1_212' title='bbox 585 3180 615 3243; x_wconf 88' lang='lat' dir='ltr'><strong>id</strong></span> <span class='ocrx_word' id='word_1_213' title='bbox 638 3190 782 3261; x_wconf 87' lang='lat' dir='ltr'><strong>punctum</strong></span> <span class='ocrx_word' id='word_1_214' title='bbox 805 3182 835 3246; x_wconf 84' lang='grc' dir='ltr'>Η</span> <span class='ocrx_word' id='word_1_215' title='bbox 858 3181 991 3260; x_wconf 87' lang='lat' dir='ltr'><strong>incidat,</strong></span> <span class='ocrx_word' id='word_1_216' title='bbox 1022 3188 1106 3244; x_wconf 85' lang='lat' dir='ltr'><strong>stare</strong></span> <span class='ocrx_word' id='word_1_217' title='bbox 1131 3179 1230 3244; x_wconf 79' lang='lat' dir='ltr'><strong>visum</strong></span> <span class='ocrx_word' id='word_1_218' title='bbox 1252 3178 1299 3242; x_wconf 88' lang='lat' dir='ltr'><strong>iri.</strong></span> <span class='ocrx_word' id='word_1_219' title='bbox 1347 3177 1402 3242; x_wconf 89' lang='lat' dir='ltr'><strong>Sin</strong></span> <span class='ocrx_word' id='word_1_220' title='bbox 1425 3185 1527 3242; x_wconf 87' lang='lat' dir='ltr'><strong>autem</strong></span> 
     </span>
     <span class='ocr_line' id='line_1_33' title="bbox 161 3266 1529 3354; baseline 0.001 -27"><span class='ocrx_word' id='word_1_221' title='bbox 161 3266 228 3347; x_wconf 89' lang='lat' dir='ltr'><strong>quis</strong></span> <span class='ocrx_word' id='word_1_222' title='bbox 250 3267 336 3329; x_wconf 81' lang='lat' dir='ltr'><strong>malit</strong></span> <span class='ocrx_word' id='word_1_223' title='bbox 358 3268 437 3330; x_wconf 85' lang='lat' dir='ltr'><strong>hanc</strong></span> <span class='ocrx_word' id='word_1_224' title='bbox 460 3268 719 3350; x_wconf 82' lang='lat' dir='ltr'><strong>inaequalitatem,</strong></span> <span class='ocrx_word' id='word_1_225' title='bbox 743 3291 819 3354; x_wconf 86' lang='lat' dir='ltr'><strong>quae</strong></span> <span class='ocrx_word' id='word_1_226' title='bbox 843 3279 1020 3352; x_wconf 86' lang='lat' dir='ltr'><strong>respectum</strong></span> <span class='ocrx_word' id='word_1_227' title='bbox 1033 3270 1128 3333; x_wconf 84' lang='lat' dir='ltr'><strong>habet</strong></span> <span class='ocrx_word' id='word_1_228' title='bbox 1150 3270 1190 3332; x_wconf 86' lang='lat' dir='ltr'><strong>ad</strong></span> <span class='ocrx_word' id='word_1_229' title='bbox 1205 3268 1319 3343; x_wconf 84' lang='lat' dir='ltr'><strong>Solem,</strong></span> <span class='ocrx_word' id='word_1_230' title='bbox 1342 3285 1397 3349; x_wconf 90' lang='lat' dir='ltr'><strong>per</strong></span> <span class='ocrx_word' id='word_1_231' title='bbox 1420 3286 1529 3330; x_wconf 87' lang='lat' dir='ltr'><strong>eccon·</strong></span> 
     </span>
     <span class='ocr_line' id='line_1_34' title="bbox 161 3355 779 3433; baseline 0.01 -15"><span class='ocrx_word' id='word_1_232' title='bbox 161 3355 269 3418; x_wconf 79' lang='lat' dir='ltr'><strong>tticum</strong></span> <span class='ocrx_word' id='word_1_233' title='bbox 284 3355 507 3433; x_wconf 85' lang='lat' dir='ltr'><strong>administrare,</strong></span> <span class='ocrx_word' id='word_1_234' title='bbox 526 3358 687 3422; x_wconf 86' lang='lat' dir='ltr'><strong>valituram</strong></span> <span class='ocrx_word' id='word_1_235' title='bbox 700 3360 779 3425; x_wconf 86' lang='lat' dir='ltr'><strong>hanc</strong></span> 
     </span>
     <span class='ocr_line' id='line_1_35' title="bbox 159 3443 774 3528; baseline 0.01 -21"><span class='ocrx_word' id='word_1_236' title='bbox 159 3445 308 3507; x_wconf 86' lang='lat' dir='ltr'><strong>rationem</strong></span> <span class='ocrx_word' id='word_1_237' title='bbox 330 3445 450 3508; x_wconf 90' lang='lat' dir='ltr'><strong>nonnisi</strong></span> <span class='ocrx_word' id='word_1_238' title='bbox 471 3446 501 3508; x_wconf 86' lang='lat' dir='ltr'><strong>in</strong></span> <span class='ocrx_word' id='word_1_239' title='bbox 527 3443 774 3528; x_wconf 69' lang='lat' dir='ltr'><strong>isuperioribns,</strong></span> 
     </span>
     <span class='ocr_line' id='line_1_36' title="bbox 161 3534 776 3615; baseline 0.005 -18"><span class='ocrx_word' id='word_1_240' title='bbox 161 3534 209 3615; x_wconf 87' lang='lat' dir='ltr'><strong>qni</strong></span> <span class='ocrx_word' id='word_1_241' title='bbox 224 3535 303 3596; x_wconf 88' lang='lat' dir='ltr'><strong>omni</strong></span> <span class='ocrx_word' id='word_1_242' title='bbox 318 3542 492 3615; x_wconf 75' lang='lat' dir='ltr'><strong>aspectuum</strong></span> <span class='ocrx_word' id='word_1_243' title='bbox 511 3535 609 3598; x_wconf 80' lang='lat' dir='ltr'><strong>forms</strong></span> <span class='ocrx_word' id='word_1_244' title='bbox 623 3557 689 3600; x_wconf 91' lang='lat' dir='ltr'><strong>cum</strong></span> <span class='ocrx_word' id='word_1_245' title='bbox 704 3536 776 3602; x_wconf 85' lang='lat' dir='ltr'><strong>Sole</strong></span> 
     </span>
    </p>
   </div>
   <div class='ocr_carea' id='block_1_6' title="bbox 49 3624 776 3705">
    <p class='ocr_par' dir='ltr' id='par_1_6' title="bbox 49 3624 776 3705">
     <span class='ocr_line' id='line_1_37' title="bbox 49 3624 776 3705; baseline 0.004 -18"><span class='ocrx_word' id='word_1_246' title='bbox 49 3680 53 3687; x_wconf 91' lang='lat'>.</span> <span class='ocrx_word' id='word_1_247' title='bbox 160 3624 395 3703; x_wconf 79' lang='lat' dir='ltr'><strong>configerentur,</strong></span> <span class='ocrx_word' id='word_1_248' title='bbox 424 3632 456 3686; x_wconf 87' lang='lat' dir='ltr'><strong>et</strong></span> <span class='ocrx_word' id='word_1_249' title='bbox 479 3631 617 3705; x_wconf 89' lang='lat' dir='ltr'><strong>oportere</strong></span> <span class='ocrx_word' id='word_1_250' title='bbox 641 3633 776 3689; x_wconf 86' lang='lat' dir='ltr'><strong>centrum</strong></span> 
     </span>
    </p>
   </div>
   <div class='ocr_carea' id='block_1_7' title="bbox 158 3711 848 4959">
    <p class='ocr_par' dir='ltr' id='par_1_7' title="bbox 158 3711 848 4959">
     <span class='ocr_line' id='line_1_38' title="bbox 160 3711 776 3793; baseline 0.008 -20"><span class='ocrx_word' id='word_1_251' title='bbox 160 3712 249 3793; x_wconf 88' lang='lat' dir='ltr'><strong>hujus</strong></span> <span class='ocrx_word' id='word_1_252' title='bbox 273 3711 432 3775; x_wconf 86' lang='lat' dir='ltr'><strong>ecoentrici</strong></span> <span class='ocrx_word' id='word_1_253' title='bbox 460 3713 542 3776; x_wconf 86' lang='lat' dir='ltr'><strong>circa</strong></span> <span class='ocrx_word' id='word_1_254' title='bbox 565 3720 699 3777; x_wconf 85' lang='lat' dir='ltr'><strong>centrum</strong></span> <span class='ocrx_word' id='word_1_255' title='bbox 722 3736 776 3778; x_wconf 82' lang='lat' dir='ltr'><strong>zo-</strong></span> 
     </span>
     <span class='ocr_line' id='line_1_39' title="bbox 160 3800 777 3882; baseline 0.006 -20"><span class='ocrx_word' id='word_1_256' title='bbox 160 3800 239 3863; x_wconf 80' lang='lat' dir='ltr'><strong>diaci</strong></span> <span class='ocrx_word' id='word_1_257' title='bbox 263 3801 430 3882; x_wconf 85' lang='lat' dir='ltr'><strong>aequaliter</strong></span> <span class='ocrx_word' id='word_1_258' title='bbox 445 3800 510 3865; x_wconf 86' lang='lat' dir='ltr'><strong>Soli</strong></span> <span class='ocrx_word' id='word_1_259' title='bbox 524 3803 637 3865; x_wconf 81' lang='lat' dir='ltr'><strong>moveri</strong></span> <span class='ocrx_word' id='word_1_260' title='bbox 655 3805 686 3867; x_wconf 90' lang='lat' dir='ltr'><strong>in</strong></span> <span class='ocrx_word' id='word_1_261' title='bbox 703 3823 777 3868; x_wconf 90' lang='lat' dir='ltr'><strong>cou-</strong></span> 
     </span>
     <span class='ocr_line' id='line_1_40' title="bbox 161 3890 776 3971; baseline 0.01 -20"><span class='ocrx_word' id='word_1_262' title='bbox 161 3890 333 3971; x_wconf 88' lang='lat' dir='ltr'><strong>sequentia,</strong></span> <span class='ocrx_word' id='word_1_263' title='bbox 367 3891 489 3953; x_wconf 83' lang='lat' dir='ltr'><strong>stellam</strong></span> <span class='ocrx_word' id='word_1_264' title='bbox 516 3892 642 3964; x_wconf 82' lang='lat' dir='ltr'><strong>veroin</strong></span> <span class='ocrx_word' id='word_1_265' title='bbox 666 3913 776 3957; x_wconf 87' lang='lat' dir='ltr'><strong>eccen-</strong></span> 
     </span>
     <span class='ocr_line' id='line_1_41' title="bbox 160 3979 778 4064; baseline 0.008 -23"><span class='ocrx_word' id='word_1_266' title='bbox 160 3979 247 4055; x_wconf 85' lang='lat' dir='ltr'><strong>trioo‚</strong></span> <span class='ocrx_word' id='word_1_267' title='bbox 271 3979 352 4042; x_wconf 84' lang='lat' dir='ltr'><strong>circe</strong></span> <span class='ocrx_word' id='word_1_268' title='bbox 375 3988 511 4043; x_wconf 84' lang='lat' dir='ltr'><strong>centrum</strong></span> <span class='ocrx_word' id='word_1_269' title='bbox 532 3980 627 4062; x_wconf 86' lang='lat' dir='ltr'><strong>ipsine</strong></span> <span class='ocrx_word' id='word_1_270' title='bbox 642 3984 671 4045; x_wconf 89' lang='lat' dir='ltr'><strong>in</strong></span> <span class='ocrx_word' id='word_1_271' title='bbox 685 4002 778 4064; x_wconf 88' lang='lat' dir='ltr'><strong>prae·</strong></span> 
     </span>
     <span class='ocr_line' id='line_1_42' title="bbox 161 4068 777 4150; baseline 0.008 -20"><span class='ocrx_word' id='word_1_272' title='bbox 161 4068 313 4145; x_wconf 84' lang='lat' dir='ltr'><strong>cedentia,</strong></span> <span class='ocrx_word' id='word_1_273' title='bbox 336 4069 563 4150; x_wconf 78' lang='lat' dir='ltr'><strong>inaequalitatis</strong></span> <span class='ocrx_word' id='word_1_274' title='bbox 584 4070 669 4134; x_wconf 78' lang='lat' dir='ltr'><strong>iius</strong></span> <span class='ocrx_word' id='word_1_275' title='bbox 684 4071 777 4135; x_wconf 88' lang='lat' dir='ltr'><strong>motui</strong></span> 
     </span>
     <span class='ocr_line' id='line_1_43' title="bbox 160 4155 777 4241; baseline 0.006 -22"><span class='ocrx_word' id='word_1_276' title='bbox 160 4157 339 4238; x_wconf 83' lang='lat' dir='ltr'><strong>aequaliter.</strong></span> <span class='ocrx_word' id='word_1_277' title='bbox 386 4155 504 4229; x_wconf 82' lang='lat' dir='ltr'><strong>Quibus</strong></span> <span class='ocrx_word' id='word_1_278' title='bbox 527 4158 636 4223; x_wconf 86' lang='lat' dir='ltr'><strong>iterum</strong></span> <span class='ocrx_word' id='word_1_279' title='bbox 659 4161 777 4241; x_wconf 87' lang='lat' dir='ltr'><strong>positis,</strong></span> 
     </span>
     <span class='ocr_line' id='line_1_44' title="bbox 161 4247 777 4322; baseline 0.008 -14"><span class='ocrx_word' id='word_1_280' title='bbox 161 4265 204 4309; x_wconf 85' lang='lat' dir='ltr'><strong>sc.</strong></span> <span class='ocrx_word' id='word_1_281' title='bbox 226 4248 253 4309; x_wconf 81' lang='lat' dir='ltr'><strong>F</strong></span> <span class='ocrx_word' id='word_1_282' title='bbox 274 4248 384 4322; x_wconf 84' lang='lat' dir='ltr'><strong>Terra,</strong></span> <span class='ocrx_word' id='word_1_283' title='bbox 408 4247 455 4320; x_wconf 87' lang='lat' dir='ltr'><strong>N,</strong></span> <span class='ocrx_word' id='word_1_284' title='bbox 481 4247 509 4310; x_wconf 87' lang='grc' dir='ltr'>Ε</span> <span class='ocrx_word' id='word_1_285' title='bbox 541 4257 645 4311; x_wconf 88' lang='lat' dir='ltr'><strong>centro</strong></span> <span class='ocrx_word' id='word_1_286' title='bbox 668 4270 777 4315; x_wconf 86' lang='lat' dir='ltr'><strong>eccen-</strong></span> 
     </span>
     <span class='ocr_line' id='line_1_45' title="bbox 161 4334 777 4410; baseline 0.01 -13"><span class='ocrx_word' id='word_1_287' title='bbox 161 4334 243 4410; x_wconf 88' lang='lat' dir='ltr'><strong>trici,</strong></span> <span class='ocrx_word' id='word_1_288' title='bbox 276 4337 358 4399; x_wconf 85' lang='lat' dir='ltr'><strong>circa</strong></span> <span class='ocrx_word' id='word_1_289' title='bbox 385 4336 411 4397; x_wconf 75' lang='lat' dir='ltr'>F</span> <span class='ocrx_word' id='word_1_290' title='bbox 443 4355 541 4400; x_wconf 88' lang='lat' dir='ltr'><strong>annuo</strong></span> <span class='ocrx_word' id='word_1_291' title='bbox 573 4347 655 4400; x_wconf 88' lang='lat' dir='ltr'><strong>motu</strong></span> <span class='ocrx_word' id='word_1_292' title='bbox 688 4340 777 4403; x_wconf 84' lang='lat' dir='ltr'><strong>volu-</strong></span> 
     </span>
     <span class='ocr_line' id='line_1_46' title="bbox 160 4422 776 4508; baseline 0.008 -23"><span class='ocrx_word' id='word_1_293' title='bbox 160 4423 214 4486; x_wconf 80' lang='lat' dir='ltr'><strong>biri</strong></span> <span class='ocrx_word' id='word_1_294' title='bbox 235 4424 287 4487; x_wconf 84' lang='lat' dir='ltr'><strong>via</strong></span> <span class='ocrx_word' id='word_1_295' title='bbox 308 4422 410 4502; x_wconf 68' lang='grc' dir='ltr'><strong>ΝΕΩ,</strong></span> <span class='ocrx_word' id='word_1_296' title='bbox 444 4425 475 4488; x_wconf 84' lang='grc' dir='ltr'><strong>Α</strong></span> <span class='ocrx_word' id='word_1_297' title='bbox 498 4444 568 4488; x_wconf 88' lang='lat' dir='ltr'><strong>vero</strong></span> <span class='ocrx_word' id='word_1_298' title='bbox 595 4428 720 4508; x_wconf 81' lang='lat' dir='ltr'><strong>planeta</strong></span> <span class='ocrx_word' id='word_1_299' title='bbox 747 4429 776 4490; x_wconf 88' lang='lat' dir='ltr'><strong>iu</strong></span> 
     </span>
     <span class='ocr_line' id='line_1_47' title="bbox 161 4513 777 4579; baseline 0.006 -4"><span class='ocrx_word' id='word_1_300' title='bbox 161 4514 328 4576; x_wconf 87' lang='lat' dir='ltr'><strong>eccsntrico</strong></span> <span class='ocrx_word' id='word_1_301' title='bbox 346 4532 452 4577; x_wconf 86' lang='lat' dir='ltr'><strong>versus</strong></span> <span class='ocrx_word' id='word_1_302' title='bbox 465 4513 550 4578; x_wconf 84' lang='lat' dir='ltr'><strong>BOT</strong></span> <span class='ocrx_word' id='word_1_303' title='bbox 563 4524 677 4579; x_wconf 86' lang='lat' dir='ltr'><strong>motum</strong></span> <span class='ocrx_word' id='word_1_304' title='bbox 691 4536 777 4579; x_wconf 88' lang='lat' dir='ltr'><strong>corn·</strong></span> 
     </span>
     <span class='ocr_line' id='line_1_48' title="bbox 160 4601 848 4686; baseline 0.006 -22"><span class='ocrx_word' id='word_1_305' title='bbox 160 4602 337 4665; x_wconf 84' lang='lat' dir='ltr'><strong>mutationis</strong></span> <span class='ocrx_word' id='word_1_306' title='bbox 352 4601 535 4684; x_wconf 79' lang='lat' dir='ltr'><strong>(Gopemico</strong></span> <span class='ocrx_word' id='word_1_307' title='bbox 556 4604 683 4676; x_wconf 71' lang='lat' dir='ltr'><strong>dictum)</strong></span> <span class='ocrx_word' id='word_1_308' title='bbox 706 4623 778 4686; x_wconf 86' lang='lat' dir='ltr'><strong>por·</strong></span> <span class='ocrx_word' id='word_1_309' title='bbox 823 4628 848 4681; x_wconf 62' lang='lat' dir='ltr'>A</span> 
     </span>
     <span class='ocr_line' id='line_1_49' title="bbox 160 4689 779 4775; baseline 0.002 -22"><span class='ocrx_word' id='word_1_310' title='bbox 160 4689 296 4766; x_wconf 74' lang='lat' dir='ltr'><strong>triente:</strong></span> <span class='ocrx_word' id='word_1_311' title='bbox 326 4691 408 4756; x_wconf 85' lang='lat' dir='ltr'><strong>ducit</strong></span> <span class='ocrx_word' id='word_1_312' title='bbox 435 4712 552 4756; x_wconf 85' lang='lat' dir='ltr'><strong>rursum</strong></span> <span class='ocrx_word' id='word_1_313' title='bbox 578 4696 678 4775; x_wconf 72' lang='lat' dir='ltr'><strong>peri*</strong></span> <span class='ocrx_word' id='word_1_314' title='bbox 700 4694 779 4755; x_wconf 88' lang='lat' dir='ltr'><strong>Ter·</strong></span> 
     </span>
     <span class='ocr_line' id='line_1_50' title="bbox 160 4778 780 4853; baseline 0.005 -12"><span class='ocrx_word' id='word_1_315' title='bbox 160 4797 226 4842; x_wconf 86' lang='lat' dir='ltr'><strong>ram</strong></span> <span class='ocrx_word' id='word_1_316' title='bbox 248 4780 360 4843; x_wconf 87' lang='lat' dir='ltr'><strong>lineam</strong></span> <span class='ocrx_word' id='word_1_317' title='bbox 375 4778 478 4853; x_wconf 85' lang='lat' dir='ltr'><strong>taioni,</strong></span> <span class='ocrx_word' id='word_1_318' title='bbox 502 4791 537 4846; x_wconf 92' lang='lat' dir='ltr'><strong>ut</strong></span> <span class='ocrx_word' id='word_1_319' title='bbox 559 4781 709 4845; x_wconf 84' lang='lat' dir='ltr'><strong>medietas</strong></span> <span class='ocrx_word' id='word_1_320' title='bbox 724 4780 780 4845; x_wconf 86' lang='lat' dir='ltr'><strong>OT</strong></span> 
     </span>
     <span class='ocr_line' id='line_1_51' title="bbox 158 4866 779 4959; baseline 0.006 -26"><span class='ocrx_word' id='word_1_321' title='bbox 158 4867 258 4933; x_wconf 86' lang='lat' dir='ltr'><strong>lineae</strong></span> <span class='ocrx_word' id='word_1_322' title='bbox 272 4866 327 4933; x_wconf 88' lang='grc' dir='ltr'><strong>ΒΤ</strong></span> <span class='ocrx_word' id='word_1_323' title='bbox 340 4868 450 4933; x_wconf 73' lang='lat' dir='ltr'><strong>ducas</strong></span> <span class='ocrx_word' id='word_1_324' title='bbox 473 4871 696 4959; x_wconf 86' lang='lat' dir='ltr'><strong>proportionem</strong></span> <span class='ocrx_word' id='word_1_325' title='bbox 710 4889 779 4937; x_wconf 82' lang='lat' dir='ltr'><strong>eam</strong></span> 
     </span>
    </p>
   </div>
   <div class='ocr_carea' id='block_1_8' title="bbox 0 0 1913 5812">
    <p class='ocr_par' dir='ltr' id='par_1_8' title="bbox 0 0 1913 5812">
     <span class='ocr_line' id='line_1_52' title="bbox 0 0 1913 5812; baseline 0 0"><span class='ocrx_word' id='word_1_326' title='bbox 0 0 1913 5812; x_wconf 95' lang='lat' dir='ltr'><strong> </strong></span> 
     </span>
    </p>
   </div>
  </div>
 </body>
</html>
