3814 5818
384 310 450 397 326
516 332 518 338 '
807 313 908 365 Litsrae
921 311 1029 385 Keplsrl
1045 309 1196 377 aliorumque
1214 314 1316 362 mutuas

465 473 613 544 ,Excuses
628 478 677 547 ue,
696 491 755 537 ,cnr
774 471 850 537 mibi
872 492 930 535 nou
956 472 1141 548 satisfacias,
1165 471 1284 533 interea
1307 472 1412 535 sedulo
1432 495 1457 535 a
1474 491 1522 534 rue
1544 471 1651 534 literas
1673 469 1741 532 exi-

383 564 443 644 gis.
490 560 597 636 Scias,
621 580 669 623 me
694 561 829 640 cogitare
852 562 1036 640 posthac'te
1059 561 1179 634 ulcisci,
1205 581 1263 622 non
1287 562 1369 640 prius
1393 561 1575 635 rescribere,
1600 579 1689 640 quam
1710 560 1741 621 in

386 650 576 729 astrologicis
601 650 780 728 quibusdam
803 650 900 712 literis
923 651 999 713 meis
1022 650 1172 729 prioribus
1197 649 1393 712 satisfeceris.

472 740 618 818 Princeps
633 739 754 818 quidam
769 747 858 802 natus
874 747 923 801 est
943 736 1038 812 1578,
1063 736 1115 803 25.
1133 737 1202 802 Oct.
1223 739 1251 800 b.
1278 732 1338 819 3¹1,
1362 758 1391 818 p.
1408 760 1446 802 m.
1469 739 1523 802 alt.
1538 737 1599 816 poli
1615 727 1700 814 48²1,
1719 732 1742 799 ⁰.

384 830 471 895 Mars
494 847 549 907 per
572 825 616 891 3⁰
637 829 717 891 ultra
740 828 888 891 calculum
911 828 1012 890 Stadii
1035 838 1068 890 et
1090 828 1247 890 Maestlini
1270 829 1377 891 fuerat.
1425 829 1470 889 De
1495 835 1592 888 morte
1609 824 1742 888 Cardani

384 918 457 980 nibil
475 916 555 981 scio.
601 917 648 978 De
672 917 864 997 astrologicis
889 919 981 980 etiam
1005 918 1078 979 nihil
1101 917 1240 997 posthac,
1265 916 1322 978 nisi
1346 918 1429 996 prins
1452 936 1508 997 per
1530 924 1636 996 partes
1656 914 1742 995 judi-

377 1018 447 1083 'ces,
472 1006 615 1087 quidquid
638 1006 666 1067 in
692 1025 759 1067 mea
782 1007 997 1069 dissertatione
1020 1006 1130 1086 probes
1153 1006 1202 1067 vol
1220 1004 1357 1085 rejicias.
1561 1062 1566 1067 .

474 1096 526 1159 Ad
557 1095 718 1174 epistolam
746 1095 775 1157 d.
799 1092 851 1158 30.
879 1091 1134 1168 Jan.'(9..Feb.)
1168 1095 1322 1173 scriptam.
1368 1102 1447 1165 (vide
1464 1115 1539 1166 snpra
1556 1117 1580 1165 p.
1600 1096 1674 1162 ³23.)

475 1184 534 1247 Pro
559 1183 823 1245 observationibus
843 1181 899 1248 29.
923 1184 994 1247 Jan.
1018 1186 1135 1264 gratias
1159 1203 1226 1263 ago.

476 1272 509 1335 lu
533 1270 699 1334 Gennania
730 1272 798 1351 plus
832 1274 966 1353 frigoris,
1001 1274 1071 1354 quia
1098 1273 1173 1334 haec
1201 1272 1322 1351 propior
1355 1270 1483 1350 frigidae
1514 1271 1595 1332 adria
1617 1270 1743 1350 regioni.

387 1361 545 1426 Maritima
566 1360 770 1440 profundiora,
796 1371 826 1423 et
849 1361 913 1441 ipse
936 1370 1042 1423 aestus
1065 1362 1220 1423 madorem
1244 1362 1347 1435 affert,
1373 1361 1450 1439 quod
1473 1359 1511 1420 D.
1533 1350 1744 1423 cancellarius

386 1453 522 1514 Francus
546 1450 663 1512 erudite
686 1450 811 1511 monuit.
859 1451 980 1513 Nivium
995 1469 1065 1512 vero
1089 1451 1157 1530 plus
1181 1450 1211 1510 in
1227 1446 1403 1525 Germania,
1429 1449 1499 1527 qnia
1517 1449 1586 1528 plus
1600 1449 1640 1511 ibi
1655 1468 1743 1511 mon-

387 1540 470 1614 tium,
494 1540 573 1600 unde
597 1539 672 1607 haec
695 1539 824 1601 materia
847 1540 980 1601 exhalat.
1139 1592 1149 1609 s

410 1634 433 1643 ''
476 1629 620 1690 Boreas
654 1625 902 1689 aGroenlandia
925 1627 1010 1689 venit
1037 1646 1095 1706 per
1122 1627 1252 1689 medium
1277 1644 1422 1687 oceanum
1455 1625 1535 1687 inter
1556 1625 1745 1689 Britanniam

389 1724 421 1778 et
443 1715 690 1795 Scaudinaviarn,
714 1717 744 1781 h.
760 1736 786 1778 e.
811 1717 1044 1796 Nordwegiam:
1070 1716 1162 1795 igitur
1184 1715 1294 1777 mitior.
1331 1710 1459 1779 'Contra
1478 1713 1642 1777 Caecius
1666 1715 1749 1776 venit

388 1825 425 1867 ex
451 1806 505 1866 illa
527 1824 620 1885 prope
645 1805 785 1883 regione,
810 1806 860 1867 obi
892 1806 1029 1867 Draco
1062 1805 1170 1869 media
1187 1810 1305 1873 aestimo
1329 1822 1479 1864 summurn
1501 1803 1617 1865 invenit
1638 1803 1745 1883 frigus.

388 1894 546 1973 Allabitnr
577 1902 698 1969 ventum
731 1895 846 1970 fluxus,
884 1902 919 1957 ut
946 1913 1074 1974 aquam,
1107 1902 1270 1974 propterea
1291 1892 1322 1953 in
1347 1893 1489 1954 circulum
1513 1892 1595 1967 abit,
1634 1909 1693 1954 non
1717 1892 1747 1953 iu

392 1991 518 2045 rectum.
564 1982 646 2045 Nam
668 1982 799 2061 impetus
823 2002 859 2044 eo
883 2002 977 2062 nsque
1002 1983 1084 2045 illum
1107 2001 1166 2044 non
1190 1987 1295 2062 posset
1318 1981 1452 2056 deferre,
1486 1983 1545 2044 nisi
1567 1983 1665 2067 fluxus
1688 1982 1745 2042 ad-

388 2072 522 2151 juvaret.
568 2071 690 2133 Ventus
714 2079 762 2133 est
783 2073 881 2134 flumas
905 2072 995 2142 aeris,
1020 2070 1054 2134 u't
1076 2086 1173 2151 aquae
1188 2073 1298 2133 fluxos.
1335 2065 1519 2149 Principium
1542 2071 1654 2133 fluendi
1674 2070 1747 2132 facit

392 2158 528 2221 ebullitio
552 2179 590 2220 ex
619 2159 781 2222 altissimis
804 2161 964 2224 montibus.
1018 2161 1068 2223 Ab
1099 2180 1134 2222 eo
1153 2156 1291 2239 ⁴frtrstipio
1324 2158 1454 2221 materia
1485 2160 1598 2240 partim
1628 2160 1746 2238 frigore,

390 2248 504 2328 partim
527 2268 584 2310 sua
605 2248 759 2328 gravitate
787 2251 872 2322 (nam
896 2257 949 2311 aer
971 2248 1002 2310 in
1026 2250 1150 2311 aethere
1173 2248 1275 2329 gravis
1299 2249 1363 2323 est)
1396 2248 1564 2311 devolvitur
1587 2256 1620 2309 et
1641 2249 1673 2309 in
1697 2268 1748 2309 sn·

393 2337 513 2416 perficis
537 2337 617 2398 atris
641 2336 715 2399 facit
739 2339 881 2400 circulum
905 2338 997 2400 aliurn
1021 2358 1059 2400 ex
1082 2337 1152 2412 alio,
1178 2337 1342 2400 latissimos
1364 2337 1488 2399 ultimos
1512 2345 1543 2399 et
1566 2337 1746 2407 laxissimos.

482 2424 642 2488 Genesin
666 2426 968 2504 Districlrstenii
992 2427 1113 2502 nescio;
1137 2426 1258 2489 incivile
1281 2434 1339 2501 est,
1365 2427 1495 2505 petendo
1519 2445 1585 2489 eam
1605 2426 1747 2488 refricare

393 2515 524 2576 dolorem
547 2515 664 2596 patris..

482 2602 657 2667 Cometes
698 2611 773 2684 puto
814 2623 940 2687 corpora
981 2604 1142 2687 perspicua
1182 2604 1230 2664 vel
1270 2603 1441 2683 pellucida‚
1483 2604 1566 2665 intus
1603 2601 1747 2687 mpteriae

392 2692 510 2779 ratione
535 2692 701 2754 colorata.'
729 2690 876 2777 Transito
896 2693 998 2775 itaque
1022 2692 1174 2771 ,radiorum
1191 2689 1273 2775 Solis
1297 2693 1477 2767 colorantur.
1524 2690 1571 2767 De
1596 2690 1652 2755 hoc
1674 2688 1746 2765 nihil

393 2779 507 2853 dubito.
555 2780 712 2857 Quomodo
734 2770 842 2859 'aether
865 2780 1006 2861 limpidus
1029 2782 1085 2859 ipos
1109 2782 1224 2863 colores
1248 2781 1408 2860 suscipiat,
1434 2800 1500 2853 cum
1524 2780 1606 2851 Solis
1630 2787 1663 2841 et
1684 2779 1747 2849 Lu·

392 2889 450 2933 nae
474 2871 576 2933 radios
599 2889 657 2932 non
682 2871 842 2951 suscipiat,
871 2871 1029 2951 plurimum
1053 2869 1184 2950 disputo,
1208 2888 1315 2948 parum
1337 2870 1408 2931 mibi
1433 2880 1548 2932 consto.
1596 2869 1746 2930 Interdum

369 2967 475 3039 ,pnto,
501 2959 660 3021 materiam
685 2978 753 3020 esse
777 2959 858 3021 circa
882 2968 1028 3037 cometam
1052 2965 1115 3020 tam
1140 2960 1201 3039 late
1226 2977 1401 3037 expansam,
1427 2979 1503 3040 qnae
1522 2957 1655 3037 excipiat
1672 2958 1747 3017 hanc

393 3048 639 3131 illustrationem,
670 3057 703 3131 ut
726 3046 885 3137 pulvisculi
910 3047 1012 3111 Solem
1036 3049 1066 3108 in
1091 3046 1218 3109 obscura
1241 3042 1380 3122 cam'era;
1413 3056 1484 3110 tunc
1507 3067 1600 3129 causa
1624 3043 1746 3109 visionis

393 3142 477 3215 esset
490 3135 519 3197 in
536 3135 712 3197 collectione
727 3145 760 3197 et
776 3136 1026 3215 multiplicatione
1041 3135 1201 3201 radiorum.
1238 3136 1392 3209 Interdum
1412 3136 1485 3203 mihi
1503 3144 1535 3201 et
1551 3135 1600 3201 hic
1615 3135 1747 3208 (semer)

392 3225 458 3303 ipse
482 3222 601 3285 videtur
624 3224 803 3295 materiatus
827 3233 859 3284 et
872 3225 1004 3289 colorum
1023 3243 1129 3303 capax,
1154 3226 1333 3305 praesertim
1353 3227 1423 3305 quia
1446 3224 1596 3289 latissima
1620 3225 1683 3304 eJ'us
1701 3231 1749 3286 est

392 3311 556 3383 illustratio
581 3331 600 3372 a
623 3318 758 3385 cometa,
792 3312 885 3375 radiis
905 3310 993 3381 Solis.
1015 3313 1164 3375 refractis.
1211 3314 1293 3377 Tunc
1322 3313 1414 3393 igitur
1441 3314 1566 3388 accidit,
1596 3320 1637 3387 ut,
1672 3311 1749 3393 quod

393 3407 441 3461 est
464 3398 676 3477 propinquum,
712 3398 960 3481 inconspectum
987 3419 1045 3462 noc
1069 3401 1182 3463 veniat.
1231 3401 1385 3473 Interdum
1417 3413 1505 3482 puto,
1543 3401 1671 3467 caudam
1695 3420 1746 3462 co-

392 3495 493 3556 metae
516 3489 686 3567 pertingere
710 3488 788 3553 infra
811 3490 938 3563 Lunam,
964 3497 995 3550 et
1018 3491 1096 3555 hano
1118 3509 1241 3561 causam
1265 3511 1332 3553 esse
1348 3491 1523 3571 apparentis
1547 3491 1662 3558 caum
1676 3509 1747 3572 pro-

391 3575 541 3657 jectionis,
567 3585 599 3645 et
621 3577 714 3647 radiis
737 3577 818 3640 illius
842 3579 968 3649 colorari
993 3578 1149 3643 materiam
1173 3580 1287 3645 adriam
1311 3582 1501 3645 crassiorem.
1547 3579 1746 3643 Dilatatioais

394 3684 488 3737 cansa
519 3666 601 3739 venit
634 3686 672 3737 ex
703 3667 820 3746 legibus
853 3667 979 3747 opticis,
1013 3668 1216 3748 refringantur
1245 3669 1322 3730 radii
1354 3670 1392 3735 ad
1415 3669 1682 3750 perpendiculum.
1706 3677 1747 3741 et,

393 3754 528 3827 sectione
552 3754 644 3830 facta,
669 3763 830 3819 transeunt
853 3756 883 3818 in
907 3756 1077 3836 oppositam
1100 3765 1227 3836 partem.
1588 3752 1595 3759 ’

480 3843 528 3917 De
553 3843 812 3907 incurvatione
837 3845 908 3925 quid
931 3864 989 3909 non
1014 3845 1064 3919 sit,
1089 3846 1189 3909 dicere
1212 3864 1344 3925 possum,
1369 3853 1403 3906 at
1427 3863 1485 3913 uon
1502 3844 1572 3926 quid
1591 3844 1641 3912 sit.
1680 3844 1747 3907 Nou

394 3939 443 4006 cst
464 3932 641 4010 parallaxis,
667 3942 700 3995 nt
723 3934 826 4014 Tycha
849 3934 986 4012 putavit;
1011 3953 1081 3999 nam
1103 3934 1270 4014 parallaxis
1295 3952 1332 3996 ex
1357 3934 1449 3996 rectis
1472 3954 1531 3997 non
1554 3942 1659 4013 potest
1678 3932 1748 3996 red·

343 4062 348 4069 .
395 4020 464 4081 dere
489 4039 590 4082 curva.
636 4021 705 4083 Non
729 4031 778 4085 est
801 4030 835 4087 ut
857 4023 962 4097 Lunae
985 4022 1178 4093 illuminatio.
1213 4042 1289 4103 quae
1313 4042 1385 4091 vere
1417 4032 1465 4087 est
1498 4042 1590 4085 curva
1620 4022 1750 4085 circula-

393 4107 476 4179 riter.
524 4108 570 4169 'fu
593 4107 619 4175 si
643 4128 689 4171 me
713 4111 908 4182 refutaveris,
933 4130 991 4173 uon
1016 4131 1063 4175 rue
1087 4112 1231 4175 offendes.
1280 4110 1506 4179 obscurissima
1529 4119 1578 4175 est
1601 4111 1748 4192 quaestio.

393 4196 459 4269 Nec
483 4214 538 4272 ego
561 4196 662 4279 plures
687 4198 747 4260 vidi
772 4213 842 4260 un‘o
866 4200 936 4263 anni
963 4196 1046 4267 1596
1070 4199 1242 4265 Novembri.
1291 4209 1368 4272 (vide
1385 4209 1470 4261 Prota
1493 4226 1518 4274 p.
1540 4195 1614 4271 tad.)

465 4284 635 4355 ¹fabricius
655 4279 691 4349 [d.
712 4284 735 4349 f.
756 4283 825 4349 (tt.)
837 4282 938 4352 Febr.]:
968 4286 1059 4340 Scribis
1077 4289 1108 4372 de
1127 4294 1208 4339 terras
1227 4294 1296 4339 motu
1313 4291 1338 4339 in
1357 4287 1439 4355 Rheni
1457 4295 1540 4355 tractu
1558 4287 1594 4357 (v.
1607 4304 1628 4353 p.
1641 4285 1748 4354 pili).

395 4352 471 4421 Cnpio
497 4361 593 4417 tempus
618 4371 647 4406 co
684 4371 775 4406 oscsre.
813 4350 880 4407 Nihil
904 4373 949 4407 nos
966 4358 1007 4409 bic
1026 4374 1147 4409 cenamus
1166 4357 1210 4411 ee.
1250 4356 1303 4429 Ego
1323 4375 1353 4409 ex
1371 4361 1444 4427 ruina
1468 4363 1546 4424 partis
1565 4360 1669 4424 alicujus
1686 4362 1748 4425 inte·

394 4424 463 4474 riorls
482 4425 615 4501 dissolutae
633 4372 846 4490 fastradanam
866 4431 1002 4480 cadtatem
1016 4431 1155 4480 inferiorem
1174 4436 1256 4483 murae
1274 4430 1355 4481 motus
1374 4430 1480 4482 existere
1492 4428 1560 4496 puto.
1597 4431 1669 4482 Sicut
1686 4432 1749 4505 enirn

394 4498 469 4558 rupti.
485 4498 577 4549 urtam
594 4502 653 4547 sunt
670 4500 774 4558 montes,
794 4499 917 4559 lta,haud
935 4499 1008 4550 dubie
1025 4503 1052 4550 in
1070 4507 1138 4552 tarra
1156 4514 1278 4553 cavsmse
1297 4501 1472 4565 amplissimas,
1491 4505 1561 4568 qnasi
1581 4509 1668 4559 antra,
1685 4516 1748 4571 quas

395 4567 570 4621 combustibdir
581 4570 695 4631 materis,
715 4570 753 4621 vel
771 4571 866 4636 liquida
884 4572 1033 4630 substantia,
1052 4573 1092 4622 vel
1109 4573 1189 4624 simds
1207 4573 1265 4639 qnid
1283 4574 1377 4637 implet.

481 4638 685 4720 Keplerus:
724 4642 761 4705 ad
790 4642 923 4723 prolixas
953 4643 1021 4707 illas
1052 4644 1077 4706 1.
1101 4644 1190 4709 Febr.
1216 4645 1316 4709 datas.
1355 4644 1485 4723 Tempus
1516 4654 1615 4707 terrae
1651 4652 1748 4710 motus

394 4729 515 4806 quaeris
530 4727 640 4790 rectius
655 4749 693 4791 ex
707 4730 904 4792 relationibus
920 4730 1082 4795 historicis.
1111 4733 1243 4796 Videtur
1260 4730 1309 4797 15.
1327 4733 1411 4812 Sept
1428 4733 1520 4795 fuisse
1536 4753 1614 4797 anno
1632 4728 1727 4797 tout.

482 4817 601 4897 Negas,
636 4818 747 4911 moveri
770 4826 884 4881 terram
906 4828 1056 4896 vestram,
1091 4822 1250 4884 coufirmat
1277 4830 1308 4884 te
1332 4819 1424 4886 Corn.
1450 4820 1587 4887 Gemma.
1634 4822 1747 4885 Ειεω-
