3788 5828
389 340 455 423 seo
988 335 1149 393 neum.

387 503 480 572 gentis,
497 500 539 567 qul
556 497 617 551 mihi
635 502 691 551 erat
711 495 870 559 domesticus,
889 510 946 553 osss
963 495 1026 549 liber
1043 500 1127 553 noster
1145 492 1176 547 de
1196 490 1302 545 Cumis
1319 491 1380 543 sunl
1396 486 1440 539 77.
1453 487 1604 554 urentium
1621 486 1747 552 lugubre

387 582 471 632 meur,
500 578 526 623 et
543 570 691 635 paulopost
709 581 784 631 quem
802 565 902 619 Ursus
918 567 966 617 iste
986 565 1052 629 spud
1069 580 1110 617 me
1128 564 1212 617 iuuat
1228 563 1347 618 sensuit,
1366 561 1469 626 ideoque
1487 574 1562 624 uam
1578 557 1752 611 frudulenter

388 650 490 710 egerat,
517 655 547 693 ex
572 639 661 691 ceteris
679 640 741 691 meh
766 637 883 687 studiosis
902 639 1028 702 cognitum
1045 636 1141 685 hebuit
1180 633 1271 687 Motu
1290 635 1367 691 etiem
1384 633 1553 683 testimouium
1570 630 1674 680 scribae.
1685 628 1751 680 Hah.

387 715 443 767 Viri
460 713 526 767 Erici
544 710 677 775 Lsngii,
696 711 736 769 cui
754 707 834 761 Ursus
850 714 910 761 tenc
928 708 1052 763 inserriit,
1071 707 1113 770 qui
1132 706 1208 757 etism
1226 709 1325 767 wastin
1344 710 1414 760 erat,
1434 717 1492 752 cnm
1508 704 1557 753 iste
1574 716 1647 751 suum
1663 700 1752 751 brun

388 787 520 837 comitetur
538 795 637 843 mecum
655 780 711 833 luit.
739 778 821 840 (luem
840 778 1049 843 testificationem
1060 778 1165 840 ipsemet
1177 775 1263 829 Ericus
1282 773 1545 839 postenhlsgdehnrgi
1564 773 1590 821 ln
1607 773 1753 835 praesentis

387 857 479 921 publici
495 854 586 905 notsrii
605 850 767 908 confirmarit,
787 856 813 898 et
830 863 995 913 quaecunque
1012 848 1076 901 slits
1094 846 1170 901 Ursus
1189 847 1214 897 in
1233 846 1326 897 famoso
1344 847 1392 895 isto
1409 846 1501 908 scripto
1518 842 1609 899 hebet,
1628 849 1753 908 qnatenus

388 928 434 981 sibi
453 940 486 976 ea
503 925 534 974 de
552 939 580 973 re
597 922 723 987 quippiam
742 920 881 977 constabat,
902 920 1036 971 falsissima
1054 933 1109 971 esse
1127 924 1234 971 teststus
1253 924 1300 973 ests
1319 922 1402 969 namo
1421 916 1452 966 de
1474 913 1507 965 12
1519 914 1670 976 ejuscemodi
1687 928 1752 978 pm·

389 999 444 1054 etis,
463 1009 526 1061 quae
545 994 580 1043 illi
597 992 806 1057 proponebsutur,
825 1006 840 1040 e
858 990 919 1039 libro
937 991 985 1041 illo
997 990 1093 1043 famoso
1113 989 1250 1052 excerptis,
1269 987 1382 1052 publico,
1400 988 1437 1037 uti
1455 992 1560 1043 rotant,
1579 987 1753 1043 lustnrnento,

388 1069 453 1135 quod
472 1067 534 1119 nlits
551 1060 660 1121 ridebis;
679 1063 737 1113 hinc
755 1069 840 1113 cetere
858 1062 1010 1121 metuetis
1499 1057 1528 1106 Τ.
1547 1056 1662 1107 Brshe.

460 1226 515 1284 His,
533 1237 599 1290 quse
617 1222 692 1272 refert
710 1218 795 1283 Tyeho
813 1220 845 1269 de
864 1219 927 1270 Urso
946 1219 1058 1284 ullisque,
1078 1221 1119 1284 qni
1137 1220 1214 1282 ipsius
1231 1218 1381 1282 hypotheses
1398 1218 1445 1267 sihi
1463 1218 1617 1281 arrogarim,
1636 1228 1685 1264 neo
1702 1229 1755 1264 non

390 1299 422 1351 de
440 1297 504 1355 illls,
523 1297 565 1361 qui
582 1296 662 1358 ipsum
681 1298 768 1341 contre
786 1290 980 1343 calumniatores
1000 1291 1169 1348 defenderint,
1187 1289 1254 1339 hnec
1270 1289 1386 1339 addenda
1403 1294 1469 1337 sunt

461 1437 601 1489 iacchus
620 1434 749 1485 Curtius
768 1430 970 1489 sSenli’senaun,
988 1430 1303 1496 imperiiprocaneellsrlus
1322 1427 1351 1491 (b
1364 1425 1454 1490 15⁰4),
1473 1429 1640 1479 acunumiae
1653 1431 1756 1491 ejusque

391 1509 549 1574 antesignani
561 1505 685 1571 Tychonis
704 1503 782 1553 cultor
792 1517 823 1555 ao
833 1503 964 1559 nedictus,
987 1503 1125 1552 transmisit
1136 1502 1247 1565 Tyohoni
1260 1501 1375 1552 Gnessrls
1387 1499 1511 1563 Rudolphi
1522 1499 1549 1548 11
1569 1496 1754 1563 „privilegim“

391 1581 457 1646 quod
467 1579 627 1645 praemissum
647 1582 685 1625 est
697 1574 764 1637 operi
774 1574 903 1636 inscripto:
926 1574 1099 1623 Astronomise
1112 1574 1268 1622 instaurasse
1280 1572 1518 1636 Progymnssmata,
1538 1571 1624 1620 (istem
1644 1568 1686 1618 13.
1695 1569 1755 1620 Jun.

394 1649 476 1705 toto,
502 1648 589 1698 addita
606 1646 665 1703 ills,
689 1658 763 1708 quum
788 1643 848 1695 dicit
871 1658 946 1706 suprs
963 1643 1062 1706 Tyoho,
1086 1643 1191 1707 epistole
1218 1640 1254 1703 (d.
1283 1636 1326 1690 28.
1344 1642 1402 1692 ,lun
1424 1639 1521 1703 ibbo),
1547 1642 1572 1690 ln
1595 1654 1646 1705 qus
1671 1640 1757 1697 refert,

392 1730 503 1773 autorem
530 1733 557 1768 se
576 1719 652 1767 tuisse
670 1715 773 1765 Ceessri
793 1713 869 1772 „illud
886 1716 924 1763 its
941 1714 1062 1764 scribendi
1092 1721 1118 1763 et
1135 1727 1285 1778 sponsorem,
1313 1727 1373 1762 reru
1396 1714 1422 1762 in
1441 1727 1471 1762 eo
1490 1712 1624 1762 Gsewem
1641 1710 1756 1762 testssi.“

392 1792 466 1853 Qnse
483 1791 515 1840 de
531 1789 594 1839 Urso
612 1788 663 1836 illio
681 1787 754 1843 dicit,
782 1784 847 1834 bueo
875 1790 973 1834 tuntum
989 1793 1060 1835 sunt:
1095 1785 1133 1834 Er
1150 1783 1182 1833 N.
1202 1783 1233 1833 N.
1254 1784 1368 1848 plagiarii
1387 1784 1424 1832 tui
1446 1783 1544 1840 libello,
1570 1796 1644 1846 quern
1666 1781 1757 1832 tunda-

390 1869 502 1913 mentum
521 1859 712 1910 unonomicnm
729 1856 868 1919 inscripsit,
887 1856 1008 1920 unicoque
1026 1858 1079 1918 ejus
1098 1856 1288 1920 disgrsmmste,
1306 1854 1372 1918 qnod
1393 1853 1473 1904 Paulo
1486 1853 1603 1904 Witishlo
1622 1853 1756 1910 mucuns,

391 1933 516 1985 eonstmfi
529 1966 536 1978 ·
551 1965 557 1978 .
572 1965 579 1977 .
597 1943 687 1981 norem
706 1926 887 1990 sphaericomm
903 1927 1081 1991 triangulorum
1098 1927 1259 1990 geometriam
1278 1922 1323 1974 dic.

462 1999 654 2052 Rothmsnni
673 1999 777 2055 literae,
803 1998 829 2046 in
852 1998 939 2062 quibus
957 2004 1030 2047 terat
1047 1996 1137 2047 Ursum
1159 2012 1203 2060 pro
1225 1996 1333 2048 meritis.
1360 1995 1436 2047 datse
1455 2002 1514 2046 sunt
1532 1995 1637 2046 ceretis
1655 1992 1681 2043 7.
1701 1993 1757 2043 ost.

393 2074 463 2139 Sept
485 2068 555 2122 rtet
571 2068 610 2134 (in
630 2068 771 2131 ,Tychonis
788 2067 882 2117 Brahei
899 2067 967 2119 Dsni
986 2067 1152 2132 Epistolarnm
1167 2067 1283 2116 Astron*
1303 2068 1345 2117 lib.
1364 2067 1385 2116 1.
1404 2083 1428 2132 p.
1451 2064 1515 2128 33),
1540 2067 1664 2131 ipsiusque
1679 2066 1760 2115 rerba

392 2152 466 2195 sunt:
495 2143 570 2193 Plura
588 2141 734 2195 scriberem,
760 2140 906 2203 praesertim
924 2140 955 2189 de
973 2141 1067 2203 impuro
1085 2139 1127 2188 illo
1144 2139 1268 2188 nebulone
1284 2137 1317 2188 N.
1336 2137 1368 2188 B„
1388 2138 1465 2197 Urso,
1482 2140 1525 2202 qui
1542 2139 1662 2202 superiori
1677 2136 1760 2186 hieme

392 2216 461 2280 npud
473 2214 553 2264 Tuum
564 2210 658 2262 hcell
676 2209 881 2275 typograpln'csm
899 2210 1028 2260 literarum
1048 2209 1218 2260 collectionem
1238 2217 1264 2259 et
1279 2209 1468 2267 ordinationem,
1486 2214 1516 2259 ut
1527 2210 1621 2272 opinor,
1640 2209 1760 2261 exercuit.

393 2285 514 2352 modo
534 2284 630 2332 scilicet
646 2281 687 2330 hic
705 2287 731 2330 te
750 2282 864 2330 conviciis
882 2281 1040 2344 proscindere
1066 2296 1115 2330 nou
1134 2281 1250 2338 desierit,
1276 2286 1303 2330 et
1325 2281 1446 2344 quomodo
1468 2287 1496 2330 te
1518 2280 1685 2340 defenderim,
1711 2277 1762 2328 nisi

393 2357 513 2422 angustis
530 2354 646 2419 temporis
663 2365 704 2402 me
722 2351 859 2415 impediret.

466 2425 550 2490 Tycho
578 2426 604 2473 in
630 2423 708 2473 literis
735 2423 785 2471 suis
812 2422 921 2484 proxime
944 2423 1102 2486 sequentihus
1125 2421 1214 2471 Ursum
1240 2437 1291 2471 non
1317 2428 1440 2487 tangens,
1466 2423 1493 2471 in
1520 2420 1707 2486 posterioribus,
1734 2422 1760 2469 in

394 2498 484 2563 qulbus
500 2495 649 2560 hypodserin
667 2507 738 2543 snam
757 2492 865 2556 explicet
889 2490 925 2554 (sl
944 2492 1048 2542 Uranib
1067 2491 1110 2541 21.
1129 2493 1199 2543 Febr.
1221 2490 1317 2554 1589),
1342 2493 1381 2542 his
1405 2493 1437 2542 sd
1455 2492 1524 2543 illum
1542 2493 1620 2543 redit:
1648 2490 1761 2542 hlirsbsr

394 2569 467 2620 raldo
486 2568 518 2619 sb
536 2568 615 2623 initio,
634 2563 816 2629 cnmlegerem
834 2565 861 2611 in
879 2564 928 2613 tuis
946 2564 1033 2623 literis,
1053 2562 1090 2612 Ill.
1105 2563 1212 2626 Principi
1223 2563 1300 2614 husee
1312 2578 1382 2614 mess
1393 2564 1542 2627 hypotheses
1560 2565 1626 2627 prins
1645 2565 1760 2627 cognitus

395 2640 487 2697 inisse,
514 2643 599 2703 utpote
625 2636 664 2700 qul
690 2649 734 2684 ess
757 2635 783 2683 in
802 2640 929 2684 entomate
948 2634 1054 2699 quodam
1073 2649 1201 2698 expressus
1219 2634 1331 2686 heberet.
1367 2634 1456 2699 Neque
1473 2637 1535 2685 satis
1554 2637 1667 2700 cogitur
1682 2636 1761 2699 potui,

395 2712 438 2775 qui
455 2710 481 2760 id
498 2709 551 2758 herl
568 2712 669 2771 posset,
694 2705 815 2769 siquidem
832 2706 924 2768 optime
941 2705 1001 2755 mihi
1021 2707 1133 2755 conscius
1151 2719 1249 2767 essem,
1266 2721 1307 2756 me
1325 2721 1342 2755 s
1359 2706 1427 2756 nullo
1445 2707 1586 2755 mortalium
1603 2706 1650 2755 hss
1667 2720 1761 2771 cogno·
1784 2706 1796 2717 '

395 2781 469 2838 risse,
487 2781 629 2845 prinsquam
647 2778 752 2840 ipsemet
771 2791 800 2826 ex
820 2776 1030 2826 observationibus
1048 2791 1078 2826 eo
1095 2775 1263 2840 perduoehsr,
1283 2777 1395 2841 qnodque
1413 2778 1511 2827 interes
1527 2792 1626 2827 meeum
1643 2776 1762 2826 latsserlnt

396 2858 474 2905 antes
492 2865 542 2900 non
561 2848 711 2914 publicntsc.
748 2846 842 2896 Verum
860 2854 991 2912 postquem
1008 2846 1104 2896 libellus
1129 2848 1200 2897 istius
1219 2847 1275 2898 Ursi
1293 2846 1469 2906 Dithmnrsici,
1492 2862 1565 2913 quem
1584 2846 1717 2912 sliqusnelq
1735 2848 1762 2896 in

396 2921 544 2986 quibusdem
564 2921 597 2970 sd
614 2934 654 2969 me
674 2919 738 2968 dade
757 2918 834 2967 literis
853 2918 927 2984 digno
941 2919 1021 2983 elogio
1034 2919 1135 2978 ornasti,
1155 2919 1275 2983 impurum
1288 2919 1416 2984 appellans
1428 2919 1585 2977 nebulonem,
1602 2918 1662 2968 mihi
1679 2925 1761 2968 usus·

394 2993 485 3043 mlssns
502 2999 570 3042 esset
588 3004 605 3041 s
623 2990 656 3040 D.
671 2991 701 3040 G.
714 2987 871 3041 Bellenha
876 2991 942 3056 gio,
962 2988 1128 3055 hlagdeburgi
1146 2989 1260 3057 degenti,
1279 2992 1321 3053 qui
1338 2992 1415 3040 etism
1428 2990 1520 3040 dudum
1539 2989 1761 3043 snteslndicsrst.

393 3065 440 3114 hes
459 3069 558 3114 nostes
575 3061 727 3126 hypotheses
745 3059 791 3108 sibi
810 3066 869 3110 snte
887 3062 1013 3110 biennium
1026 3074 1042 3109 n
1054 3061 1160 3125 quodum
1173 3076 1228 3111 meo
1240 3061 1342 3127 fugitivo
1360 3062 1470 3111 ministro
1487 3062 1684 3112 eommunteatss
1697 3075 1761 3119 esse,

396 3135 503 3199 ideoque
520 3134 603 3184 sciens
622 3146 639 3181 n
655 3146 696 3181 me
713 3132 818 3195 primum
835 3132 967 3187 inventes,
985 3131 1129 3196 dolensque,
1149 3131 1239 3182 Ursum
1255 3134 1331 3183 istum
1350 3133 1395 3182 sihi
1413 3133 1535 3182 immerito
1553 3145 1597 3182 ess
1616 3133 1762 3193 attribuere,

395 3206 486 3255 librum
503 3203 572 3253 illum
591 3202 651 3251 mihi
669 3203 826 3251 innotescere
843 3202 928 3257 soluit,
947 3209 976 3251 ut
993 3202 1084 3253 lurtum
1101 3202 1162 3252 illud
1176 3217 1359 3269 cognoscerem,
1379 3210 1406 3253 et
1423 3205 1455 3254 sb
1474 3204 1529 3253 aliis
1548 3205 1614 3254 lorss
1633 3203 1765 3253 eliminata

395 3275 455 3325 mihi
474 3275 555 3325 denuo
575 3287 722 3323 assererem.
760 3270 797 3319 Es
823 3272 870 3319 isto
894 3274 956 3321 esus
980 3273 1108 3334 perspexi,
1135 3273 1202 3323 ude
1227 3274 1291 3325 hseo
1314 3275 1347 3324 ad
1368 3288 1411 3323 ros
1428 3276 1567 3338 pervenerit
1584 3274 1764 3325 revolutionum

394 3345 542 3397 coelestium
562 3344 694 3397 ordinetio,
716 3340 838 3405 siquidem
856 3342 904 3390 iste
920 3342 1057 3407 plagisn‘us
1075 3343 1174 3401 seruet,
1194 3358 1221 3393 se
1239 3352 1300 3396 snte
1317 3347 1450 3396 triennium
1467 3346 1528 3404 iere,
1549 3354 1680 3410 postquem
1697 3345 1765 3395 hsuc
1811 3364 1816 3373 ·

393 3419 420 3466 in
440 3415 533 3479 sngulo
553 3413 661 3478 quodum
678 3412 747 3476 regni
765 3408 884 3461 Polonise
903 3413 1073 3475 excogitasset
1091 3411 1214 3480 (intellige
1226 3418 1307 3479 potius
1318 3418 1344 3467 in
1357 3415 1439 3466 insula
1450 3419 1521 3481 regni
1532 3416 1633 3467 Denise
1645 3416 1765 3476 Euenus,

394 3486 495 3552 qnando
515 3499 580 3534 anno
600 3480 643 3531 st.
670 3485 696 3531 in
715 3480 852 3544 Septembri
876 3495 931 3531 oum
950 3482 1014 3532 Nob.
1034 3490 1060 3532 et
1078 3483 1188 3534 Doctiss·
1210 3487 1259 3536 riro
1278 3487 1313 3536 D.
1338 3488 1428 3537 Erico
1452 3486 1576 3554 Lsnge,
1602 3489 1683 3538 amico
1708 3500 1765 3537 meo

394 3555 524 3621 singulari,
545 3555 584 3603 cui
603 3559 663 3605 tuno
681 3551 838 3612 inserviebst,
857 3552 898 3603 hic
917 3553 1045 3611 admittet,
1065 3555 1131 3619 spud
1143 3571 1183 3606 me
1199 3557 1264 3607 clsm
1278 3565 1403 3622 exceptus,
1421 3565 1451 3608 ut
1463 3558 1587 3624 quaedam
1599 3559 1676 3609 etism
1688 3554 1762 3619 slis),

394 3628 433 3678 lll.
447 3626 556 3689 Princlpi
568 3624 676 3674 Hassise
695 3621 821 3679 obtulisse,
842 3629 917 3687 sque
936 3624 969 3672 ab
987 3626 1062 3688 ipsius
1082 3626 1168 3687 Celsit,
1188 3629 1284 3679 artifice
1302 3629 1394 3679 lusto
1407 3630 1523 3695 Byrgio
1541 3632 1567 3680 in
1587 3628 1762 3695 oriohsleicum

395 3704 554 3749 eutomstnm
572 3694 688 3744 redactas
707 3707 769 3744 esse.
807 3692 858 3745 Sed
876 3696 938 3744 setis
955 3696 1036 3759 prodit
1057 3697 1149 3748 furtum
1166 3713 1238 3749 suum
1260 3701 1309 3750 iste
1331 3702 1448 3764 impostor
1472 3715 1571 3766 unaque
1593 3703 1763 3766 ignorsntism

395 3770 440 3824 rei,
460 3781 534 3831 quam
554 3766 673 3816 rendltst
705 3764 772 3813 Dum
791 3766 857 3814 enim
876 3767 959 3817 orbern
977 3765 1067 3817 Martis
1084 3768 1196 3819 totsliter
1214 3769 1325 3820 Solsrem
1344 3772 1495 3822 ambientem
1513 3772 1630 3832 delineet,
1648 3772 1762 3822 lmitatur

338 3872 346 3881 .
396 3839 485 3888 lehem
505 3837 630 3902 quandam
648 3836 860 3901 designationem,
879 3851 958 3901 quse,
976 3839 1060 3887 neseio
1078 3854 1128 3903 qus
1144 3841 1254 3895 incutis,
1273 3840 1317 3891 hic
1332 3844 1370 3892 lta
1387 3844 1487 3907 depicta
1505 3850 1571 3903 erat,
1593 3851 1668 3907 atque
1687 3843 1719 3893 ob
1736 3841 1763 3892 ld

397 3918 517 3972 tunquam
536 3909 622 3972 inepte
640 3907 730 3958 alicubi
748 3909 814 3957 inter
832 3907 932 3958 martas
950 3923 1020 3960 mess
1038 3913 1157 3973 protecta,
1177 3924 1251 3975 quern
1270 3914 1406 3964 etiamnum
1419 3915 1452 3965 sd
1463 3927 1552 3964 menne
1563 3914 1652 3973 hobeo,
1671 3914 1762 3963 eodem

397 3981 496 4028 nornine
514 3980 665 4044 requisitum,
686 3984 714 4027 ut
733 3984 800 4027 certo
819 3979 844 4028 id
863 3981 944 4043 ipsum
962 3986 1069 4043 peteret.
1099 3980 1208 4045 Cumque
1226 3983 1312 4034 vitium
1329 3985 1404 4046 istud,
1423 3988 1450 4035 in
1464 3984 1591 4036 schemate
1603 3985 1762 4051 depingendo

398 4051 551 4107 conuulsum,
572 4050 705 4098 emendare
722 4052 868 4113 nequiverit,
886 4050 1038 4101 sufficienter
1051 4051 1245 4117 intelligentibus
1258 4061 1343 4104 notum
1363 4057 1453 4113 reddit,
1473 4071 1500 4106 se
1519 4071 1574 4107 esm
1592 4058 1762 4106 inventionem

396 4135 447 4170 non
465 4120 613 4184 intelligere,
632 4119 710 4169 multo
723 4121 803 4169 minus
816 4123 869 4183 elus
882 4127 994 4172 sutorem
1012 4137 1075 4177 esse,
1093 4128 1150 4172 utut
1168 4122 1208 4173 hio
1227 4127 1389 4188 conquisitum
1407 4129 1452 4178 sibi
1470 4128 1626 4191 impudenter
1644 4139 1763 4191 arrogare

397 4197 425 4241 et
440 4190 478 4239 lll.
497 4189 605 4253 Principi
619 4189 798 4248 Wilhelmo,
817 4198 936 4256 tannsm
955 4194 1077 4256 propriam
1095 4195 1302 4258 excogitationem
1321 4196 1435 4248 dedicare
1453 4213 1503 4248 non
1521 4200 1653 4249 erubuerit
1681 4197 1765 4247 Multa

398 4264 499 4324 insuper
517 4261 570 4310 alia
586 4259 663 4309 hsbet
680 4262 704 4310 in
724 4261 772 4310 isto
790 4261 880 4321 libello,
901 4277 965 4327 quse
983 4263 1043 4313 licet
1055 4278 1105 4312 non
1118 4266 1201 4316 omnis
1213 4264 1270 4317 hinc
1283 4268 1420 4329 abstulerit,
1440 4275 1525 4320 tumen
1542 4273 1633 4334 purtim
1651 4282 1669 4318 s
1686 4269 1763 4325 robis,

398 4332 488 4396 partim
509 4332 540 4380 sb
560 4331 615 4379 allis
633 4330 816 4381 mathematicis
833 4335 859 4383 in
879 4335 1022 4389 Germsnis.
1042 4335 1093 4384 sire
1112 4334 1184 4396 clem,
1204 4336 1255 4386 sive
1272 4338 1356 4402 pslsns
1375 4341 1490 4401 torrent,
1512 4341 1575 4392 adeo
1593 4347 1622 4391 nt
1639 4342 1661 4391 si
1679 4340 1763 4390 eliens

399 4403 546 4459 demuntur,
564 4400 626 4450 nihil
644 4402 696 4451 iere
715 4408 805 4461 restet,
824 4404 890 4469 quod
907 4419 978 4454 sunm
997 4406 1051 4454 erit.

471 4472 522 4525 Sed
539 4472 651 4522 merant
666 4474 715 4523 iste
734 4487 790 4523 cnm
808 4490 852 4525 ruo
872 4476 967 4541 plsgio‚
992 4477 1037 4526 tihi
1056 4484 1083 4525 et
1101 4476 1157 4526 aliis
1175 4479 1289 4537 mnditia,
1314 4481 1380 4544 spnd
1398 4496 1458 4546 quos
1478 4483 1609 4548 aliquando
1627 4484 1690 4541 luit,
1708 4484 1763 4549 quis

399 4542 433 4592 sit
450 4548 476 4593 et
494 4557 570 4608 quem
587 4544 717 4606 perfrictm
735 4545 823 4596 bonta
841 4560 1009 4612 arrogsnsque
1027 4554 1149 4613 nugator,
1167 4550 1229 4601 sets
1247 4558 1398 4615 perspectu

472 4613 544 4674 Quae
562 4613 593 4663 de
612 4613 766 4665 Duncsno
785 4617 870 4680 Tycha
888 4617 962 4667 affert
979 4614 1050 4684 (psg.
1071 4615 1151 4680 224),
1170 4620 1209 4672 his
1227 4623 1375 4673 illustrando
1392 4631 1459 4674 sunt

470 4682 642 4735 Dusosnus
658 4685 1133 4751 Liddellnshbesdoneusisbootss,
1152 4692 1336 4745 amedeis
1353 4695 1453 4759 quidem
1471 4700 1498 4747 et
1515 4698 1686 4749 mominis
1703 4711 1761 4763 ops·

398 4767 454 4804 ¹⁸¹
471 4755 556 4813 dedit,
580 4768 660 4820 taque
678 4756 766 4807 docuit
780 4758 910 4811 Rostochli
927 4766 953 4808 et
971 4759 1135 4820 Eelmstsdli,
1159 4765 1293 4827 medrisse
1310 4772 1395 4816 sutem
1414 4766 1490 4816 coluit
1507 4754 1672 4831 medicinam,
1698 4764 1761 4834 quod

399 4830 507 4876 m
532 4839 592 4890 ⁰1³⁸·
620 4828 673 4889 ⁰11¹!
693 4826 928 4887 „lmlhltnitsd
953 4827 1005 4892 (sd
1030 4829 1121 4894 ΜΝ).
1159 4836 1268 4886 ductus
1286 4833 1423 4887 casello
1448 4833 1522 4901 (prot
1540 4838 1711 4904 philosophiae
1735 4842 1763 4887 et
