3786 5808
398 374 444 445 56
996 376 1158 429 meantem.
1193 404 1197 411 ·

395 560 456 605 sua
479 538 590 601 alicubi
614 537 780 613 addixerit,
805 555 900 619 eaque
925 539 963 600 ad
984 544 1102 617 tempus
1125 546 1276 620 praestet,
1301 545 1426 620 utroque
1450 540 1536 600 modo
1560 545 1655 600 totam
1676 539 1751 602 hanc

399 649 462 695 rem
485 627 542 709 ipsi
565 628 693 690 utilitati
717 627 790 689 lore.
837 626 899 689 Sed
928 626 1014 703 vide,
1047 627 1117 708 quid
1144 636 1242 689 metus
1271 627 1364 690 iaciat
1391 627 1560 690 immanium
1588 628 1750 691 verberum.

367 732 371 743 '
400 717 535 782 Obsecro
549 724 590 789 te,
604 717 790 796 Praeceptor
805 716 985 791 honorande,
1010 717 1134 787 enitere,
1158 724 1192 778 ιι
1210 717 1236 779 si
1252 735 1310 798 qna
1324 717 1455 779 conditio
1475 717 1555 797 apud
1577 735 1632 778 vos
1655 726 1750 792 vacet,

399 809 430 870 iu
454 826 521 869 eam
545 824 601 886 ego
625 807 796 868 succedam.
843 805 960 885 Ubique
984 805 1029 866 ita
1051 824 1099 867 me
1122 824 1234 885 geram,
1258 814 1292 867 ut
1315 813 1434 886 gratum
1457 806 1634 887 discipulum
1656 807 1751 868 decet.

399 895 497 961 Crede
512 895 593 969 mihi,
610 895 637 956 si
650 894 818 974 Tubiugam
833 902 949 956 mature
963 912 1082 969 venero,
1107 895 1217 956 multos
1232 893 1394 977 Styrenses
1408 894 1524 957 nobiles
1539 914 1575 957 eo
1589 902 1752 971 attraxere,

400 987 451 1068 qni
474 985 616 1047 aliorsum
639 985 847 1045 concederent.
894 983 940 1044 De
969 983 1090 1063 negotio
1119 984 1274 1063 eclipsinm
1300 984 1432 1065 gaudeo,
1464 984 1519 1046 tibi
1547 992 1665 1046 cautum
1689 985 1753 1065 jam

401 1075 527 1156 pridem.
554 1105 595 1117 -
619 1073 721 1155 ‘lychc
745 1073 818 1135 mire
840 1072 1085 1154 philosophatur,
1110 1073 1251 1135 utendum
1274 1073 1391 1146 canali,
1422 1093 1459 1134 ne
1483 1092 1535 1136 aer
1558 1073 1754 1135 intercurrens

362 1190 365 1207 ⁴
401 1164 566 1227 confundat
588 1169 621 1224 et
643 1162 795 1224 obliteret,
808 1161 944 1223 radium:
968 1162 1083 1243 optines
1106 1160 1154 1224 hic
1178 1162 1310 1224 nonnihil
1329 1161 1476 1243 indigens.
1510 1164 1592 1226 ldem
1608 1162 1753 1225 aestima·

399 1254 482 1315 tione
506 1252 571 1315 sine
596 1250 707 1313 circino
731 1252 823 1337 facta,
849 1247 868 1314 5
893 1250 1022 1313 testibus
1046 1251 1311 1324 consentientibus,
1336 1252 1500 1327 contendit,
1526 1249 1650 1331 eclipsin
1674 1250 1754 1313 Solis

400 1338 453 1405 30.
465 1341 535 1403 Jnn.
548 1342 655 1415 (ιιι.)
671 1339 764 1402 ιιιιιι
780 1347 897 1402 tautum
912 1336 931 1403 5
943 1339 1004 1421 dig.
1016 1358 1103 1421 quam
1114 1339 1261 1402 Jostelius
1272 1340 1467 1421 Witebergae
1482 1339 1657 1403 aestimavit
1670 1340 1755 1402 simi-

399 1431 468 1493 liter
483 1431 547 1493 siue
562 1430 673 1492 circino
689 1428 708 1492 7
724 1437 755 1491 et
773 1431 853 1491 ultra
872 1428 1043 1509 digitorum,
1066 1448 1122 1509 ego
1139 1428 1256 1492 Graetii
1277 1429 1315 1491 ad
1330 1437 1398 1491 octo
1418 1430 1479 1491 iere
1495 1429 1616 1492 extendi
1631 1430 1754 1492 demeu-

401 1519 507 1596 stravi,
531 1539 597 1581 cum
621 1525 704 1580 certo
728 1526 890 1599 appareret
912 1518 941 1578 iu
957 1518 1049 1599 ¹radio
1073 1519 1217 1598 ampliato
1241 1511 1317 1601 6¹2³,
1341 1528 1374 1580 et
1396 1526 1427 1581 tu
1443 1519 1596 1599 'lbbingae
1620 1518 1758 1581 similiter

399 1608 559 1671 artificiose
592 1627 649 1669 nou
664 1622 668 1629 ’
683 1607 871 1671 aestimando
903 1606 1006 1668 vidisti
1038 1607 1120 1669 ultra
1158 1608 1310 1670 dimidium
1339 1609 1476 1670 deficere.
1534 1606 1597 1670 Sed
1625 1614 1660 1669 ut
1687 1607 1756 1673 illuc

399 1696 535 1773 redeam,
560 1697 778 1759 demonstratio
801 1696 895 1758 totius
919 1696 963 1758 rei
986 1714 1053 1757 cum
1077 1698 1119 1758 sit
1140 1697 1265 1778 pulchra
1288 1704 1320 1759 et
1343 1697 1520 1773 artificiosa,
1544 1697 1665 1758 videtur
1687 1696 1757 1760 mibi

400 1786 510 1866 digna,
539 1805 628 1867 quam
655 1786 736 1869 typis
767 1785 925 1859 mandem,
953 1794 987 1847 ut
1017 1785 1159 1849 hederam
1187 1786 1387 1866 suspendam,
1415 1805 1482 1849 cum
1502 1788 1565 1867 jam
1588 1785 1757 1849 absolutum

400 1875 473 1938 nihil
488 1875 617 1937 habeam
632 1875 722 1938 aliud.
757 1877 862 1955 ltaque
887 1873 913 1936 si
938 1875 979 1937 ιιι
994 1875 1209 1957 typographus,
1234 1875 1342 1938 curabo
1358 1874 1495 1956 imprimi.
1534 1877 1658 1939 interea
1680 1875 1755 1951 vale,

400 1972 431 2028 et
453 1965 512 2029 mei
535 1982 647 2027 memor
670 1965 724 2035 eis,
749 1965 816 2026 dum
839 1963 869 2025 iu
893 1964 1118 2027 calamitatibus
1142 1965 1223 2029 hisce
1248 1983 1360 2041 versor,
1384 1966 1434 2047 qui
1456 1984 1502 2028 me
1523 1966 1661 2029 foelicem
1677 1983 1758 2035 ιιιι·

422 2054 599 2117 cremasti.
1618 2052 1621 2059 “

399 2070 420 2137 p
488 2143 607 2224 Prsgae
632 2138 662 2207 6.
691 2139 741 2207 16.
766 2142 840 2204 Βιι.
866 2160 915 2204 ιι.
943 2138 1037 2206 1600.
1291 2142 1330 2205 Η.
1355 2143 1389 2204 Τ.
1437 2141 1525 2205 Grat.
1551 2143 1715 2227 discipulos

1132 2264 1135 2275 ·
1371 2232 1418 2307 M,
1442 2231 1477 2296 J.
1500 2231 1631 2317 Kepler.

488 2354 526 2418 D.
551 2354 591 2419 D.
616 2354 754 2436 Zieglero
787 2354 945 2437 plurimam
976 2354 1105 2418 salutem
1137 2356 1186 2428 (ut
1213 2362 1246 2417 et
1273 2355 1383 2418 ceteris
1410 2356 1659 2436 praeceptoribus
1686 2355 1759 2418 meis

401 2443 552 2518 omnibus)
575 2442 653 2507 dico.
695 2443 855 2515 Quartana
878 2464 936 2505 nnu
960 2445 1021 2507 fert
1041 2445 1143 2524 plures
1166 2444 1322 2523 epistolas.
1363 2443 1425 2508 Oro
1448 2456 1560 2519 tamen,
1580 2454 1620 2508 ιιι
1643 2445 1760 2508 affinem

401 2552 487 2596 snum
509 2532 548 2597 D.
572 2533 798 2613 Engelhardnm
821 2532 1018 2596 Stnccardiae
1043 2535 1201 2613 degentem
1229 2533 1380 2611 hortetur,
1410 2554 1448 2597 ne
1477 2534 1549 2601 mihi
1576 2555 1637 2597 sua
1670 2552 1759 2615 opera

402 2623 483 2687 desit
506 2622 536 2685 iu
559 2641 607 2698 re,
640 2642 728 2704 quam
759 2623 798 2685 ab
827 2624 893 2703 ipso
916 2622 1110 2702 Engelbardo
1133 2642 1187 2704 per
1210 2623 1316 2685 literas
1339 2624 1433 2703 petii,
1468 2625 1560 2688 etde
1584 2623 1761 2705 quaZieg-

399 2711 462 2776 lero
495 2720 637 2779 constat:
670 2732 712 2775 sc.
745 2721 778 2774 ut
808 2712 846 2777 D.
870 2712 1012 2775 Doldium
1044 2719 1183 2788 moneat,
1217 2720 1250 2775 ιι
1281 2711 1386 2775 literas
1415 2732 1469 2794 per
1495 2719 1621 2794 postam
1650 2713 1689 2776 ad
1715 2731 1761 2775 me

401 2801 554 2864 amaudct.

475 2961 515 3014 Ad
531 2960 594 3012 baec
607 2959 754 3011 Maestlinus
772 2975 822 3010 nou
839 2960 972 3024 respoudit,
991 2961 1138 3026 penitusque
1157 2961 1285 3024 obmutuit,
1304 2960 1416 3027 quamvis
1434 2960 1533 3025 saepius
1552 2958 1696 3028 aKaplero
1713 2924 1763 3012 uro·

402 3034 477 3092 ultus,
492 3047 570 3097 unque
582 3033 616 3083 ad
623 3046 718 3083 aarum
730 3029 805 3093 1605,
818 3047 865 3098 quo
873 3031 978 3082 taudem
987 3031 1096 3096 Keplero
1107 3035 1184 3083 etiam
1197 3038 1272 3098 atque
1285 3034 1361 3084 etiam
1373 3033 1471 3099 roganti
1483 3034 1621 3084 obsecutus
1633 3033 1764 3100 respoudit.

473 3138 536 3190 Cum
552 3141 579 3189 iu
596 3139 760 3201 superioribus
778 3136 958 3188 Maestlini
982 3136 1013 3186 de
1031 3135 1166 3200 Caper-nien
1185 3140 1335 3188 sectandam
1357 3140 1567 3203 proposuerimus,
1598 3155 1648 3190 unu
1672 3137 1716 3189 abo
1737 3153 1765 3189 re

337 3234 340 3239 ·
402 3222 458 3267 stae
474 3216 599 3275 putamus,
618 3212 640 3258 si
655 3210 776 3272 judicium
794 3209 905 3272 eiusdem
924 3207 954 3258 de
968 3207 1068 3257 decreto
1079 3208 1224 3273 pontificali,
1244 3224 1290 3273 quo
1303 3209 1424 3260 damnata
1436 3216 1475 3259 est
1487 3209 1619 3274 (loperuici
1631 3212 1703 3268 ratio,
1722 3209 1761 3261 hle

403 3295 570 3347 apponamus,
590 3293 730 3346 qmuquam
748 3280 931 3343 imperfectum,
951 3278 1016 3343 qaod
1034 3294 1064 3327 eo
1082 3281 1163 3329 minus
1181 3279 1220 3330 hie
1239 3280 1402 3330 omittendum
1421 3295 1565 3340 censemus,
1585 3283 1652 3349 quod
1667 3281 1760 3333 liceat-

404 3354 468 3403 liuus
486 3353 533 3403 sibi
550 3357 718 3417 proposuerat,
737 3351 839 3400 editioni
853 3352 932 3415 operis
945 3349 1083 3413 Ceperuici,
1102 3349 1219 3401 Basileae
1236 3353 1302 3417 typis
1323 3351 1488 3411 recudendae,
1506 3353 1669 3405 Prodromuur
1680 3368 1761 3403 suum·

404 3437 452 3489 que
470 3424 632 3488 appendicem
656 3422 799 3487 adjungere.
839 3420 907 3470 luter
924 3422 1093 3485 manuscripta
1110 3421 1274 3474 bibliothecae
1294 3421 1494 3489 Stnttgnrtiauae
1512 3425 1609 3476 scilicet
1627 3425 1761 3491 deprehen·

404 3495 484 3546 dimas
501 3495 595 3545 haecce
612 3506 689 3543 mauu
706 3491 833 3545 Maeatllni
850 3493 960 3555 scripta:

477 3579 551 3632 ,pag
570 3562 619 3622 to,
637 3570 693 3629 pest
709 3563 905 3628 praelationem,
925 3568 983 3614 ante
1002 3563 1130 3637 eplrtolam
1149 3565 1250 3616 (imeri
1268 3560 1303 3627 ¹⁸)
1322 3567 1509 3631 interponantur
1526 3569 1675 3633 sequeutia:

1002 3671 1164 3721 Addltio.

476 3779 589 3830 Αιιιιιιι
606 3777 662 3829 ιιιι
683 3777 743 3828 hnic
761 3778 887 3842 praesenti
906 3776 1007 3831 editioni
1023 3776 1088 3830 haec
1106 3780 1237 3843 sequentia
1259 3779 1374 3831 addenda
1395 3781 1488 3832 censui.
1518 3779 1584 3830 Exiit
1608 3794 1675 3832 aune
1697 3776 1763 3830 icit

406 3866 437 3905 ex
459 3850 624 3916 typographia
648 3847 768 3899 Gamerae
792 3849 950 3914 apostolicae
975 3849 1071 3902 Rornae
1095 3849 1230 3901 Decretum
1247 3866 1323 3902 manu
1342 3858 1368 3901 et
1391 3853 1470 3918 sigillo
1493 3851 1527 3901 ill.
1550 3849 1625 3901 Card.
1650 3851 1676 3903 S.
1700 3852 1763 3904 Cae-

406 3923 479 3975 ciliae
497 3923 622 3987 dguatum
635 3927 661 3971 ιι
672 3923 801 3978 munitum,
820 3920 860 3971 die
880 3918 1007 3973 biterris.
1028 3926 1098 3985 cnjus
1116 3924 1241 3985 insenptie
1260 3930 1312 3973 est:
1336 3922 1504 3975 Decretum
1517 3923 1544 3974 S.
1563 3925 1763 3990 congregationis

406 3994 444 4045 lli.
464 3992 542 4050 8.,Β.
562 3993 591 4043 E.
612 3992 794 4049 Cardinelium,
814 4008 830 4043 a
849 3991 874 4042 S.
894 3992 927 4042 D.
947 3993 979 4044 N.
997 3993 1075 4044 Paulo
1093 3993 1164 4058 Papa
1181 3992 1213 4043 V.
1245 3993 1387 4061 Sanctaque
1405 3996 1464 4047 rede
1482 3992 1627 4059 Apostolica
1645 3996 1679 4047 ad
1696 3995 1764 4047 Iudi·

407 4081 463 4117 cem
480 4064 609 4115 Librarum
628 4064 807 4129 eorundemque
825 4065 1017 4129 permissionem,
1036 4064 1235 4129 prohibitionem,
1255 4069 1471 4133 expurgationem,
1491 4074 1517 4118 ιι
1533 4068 1722 4132 impressionem
1738 4067 1764 4117 iu

407 4137 522 4188 universa
539 4136 602 4201 Rep.
623 4135 764 4186 (ιιιιιιιιιιιι
781 4136 921 4200 specialiter
939 4136 1125 4201 deputatorum,
1144 4137 1233 4204 ubique
1250 4138 1434 4201 publicandum.

478 4208 514 4258 Eo
527 4209 627 4260 decretu
640 4208 876 4258 interceterahaec
889 4208 1018 4274 leguntur:
1043 4208 1127 4275 ,Quia
1144 4208 1177 4259 ad
1194 4210 1308 4260 notitiam
1327 4226 1346 4260 s.
1361 4210 1558 4277 congregationis
1576 4210 1699 4275 pervenit,
1717 4209 1764 4259 ial-
1799 4240 1803 4251 ι
1830 4262 1834 4273 ,

408 4294 463 4331 sam
490 4280 559 4330 illam
587 4280 725 4329 doctrinam
752 4278 943 4345 Pythagoricam
970 4280 1069 4330 ιιιιιιιι
1091 4281 1226 4344 scripturae
1249 4284 1347 4331 omuino
1371 4282 1543 4332 adversantem
1566 4282 1597 4331 de
1625 4282 1765 4332 mobilitate

408 4352 500 4402 'l'errae
519 4356 546 4401 et
563 4351 734 4400 immobilitate
752 4349 830 4409 Solis,
853 4365 928 4416 quam
945 4351 977 4402 N.
998 4352 1148 4415 coperuicus
1166 4359 1192 4401 ιι
1209 4352 1320 4404 Didacua
1338 4350 1460 4404 Asmnica
1482 4355 1558 4404 etiam
1581 4353 1689 4409 doceat,
1711 4356 1767 4417 jam

408 4422 529 4488 divulgari
557 4429 583 4473 ιι
609 4436 626 4472 a
654 4421 738 4472 multis
765 4423 859 4487 recipi;
896 4424 969 4473 sicuti
999 4423 1082 4473 ridere
1106 4430 1145 4473 est
1168 4438 1197 4473 ex
1229 4425 1338 4489 quadarn
1362 4425 1467 4488 epistola
1490 4426 1612 4489 impressa
1636 4425 1766 4488 cuiusdam

408 4493 437 4546 Ρ.
456 4493 605 4544 carmelitae
616 4492 644 4542 P.
660 4494 692 4547 Α.
704 4493 840 4550 Foscarini,
854 4529 859 4539 .
874 4530 902 4543 ..
922 4494 986 4551 ideo,
1005 4509 1037 4544 ue
1054 4494 1156 4543 ulterius
1174 4495 1312 4558 hujusmodi
1330 4496 1410 4559 opinio
1429 4497 1455 4545 in
1472 4497 1606 4560 perniciem
1626 4495 1766 4544 catholicae

408 4565 519 4616 veritatis
537 4570 628 4629 serpat,
648 4565 752 4622 censuit,
772 4564 850 4614 dictes
863 4564 1027 4630 Gopcruicum
1041 4566 1072 4616 de
1090 4565 1164 4616 revel.
1184 4568 1277 4617 orbium
1290 4573 1316 4617 et
1327 4567 1449 4617 Didacnm
1468 4568 1494 4616 iu
1512 4566 1559 4617 ιιι
1578 4565 1767 4630 suspendendos

410 4650 473 4693 esse,
492 4635 572 4686 donec
590 4637 748 4702 corrigantur.
778 4635 879 4687 Librum
896 4653 953 4689 vern
971 4638 1099 4687 Foscau'ui
1116 4639 1214 4688 omniun
1231 4638 1422 4703 prohibendum¹¹
1443 4637 1534 4689 dc·-
1552 4638 1635 4699 Quae,
1655 4639 1767 4695 obsecro,

411 4707 517 4759 cwdide
534 4707 626 4759 lector!
646 4714 684 4757 est
702 4715 748 4757 tua
766 4708 796 4758 de
814 4707 861 4759 boc
875 4709 913 4759 111.
928 4708 1001 4759 card.
1021 4709 1120 4759 decreto
1133 4709 1255 4761 censura?
1280 4712 1320 4761 Au
1337 4725 1395 4767 unu,
1414 4711 1455 4760 ubi
1472 4712 1577 4775 primum
1596 4710 1652 4772 elue
1669 4709 1769 4774 magul-

410 4779 484 4832 ilcum
501 4778 600 4831 titulum
617 4779 721 4846 legeris,
748 4780 792 4831 tibi
810 4781 956 4844 persuades,
977 4781 1010 4832 ad
1027 4781 1100 4831 istam
1119 4780 1145 4832 S.
1165 4780 1388 4849 Cougragatinuem
1405 4782 1535 4845 deputatos
1554 4794 1611 4833 ease
1629 4781 1695 4831 viror
1713 4794 1768 4844 spe·
1797 4774 1801 4789 '

413 4851 525 4910 cialiter,
548 4866 598 4901 unu
621 4857 719 4901 mutum
736 4852 762 4901 iu
785 4851 897 4902 omuibus
915 4851 941 4903 S·
959 4850 1116 4918 theologiae,
1136 4852 1346 4917 jurisprudentiae
1361 4851 1406 4905 dc.
1429 4854 1551 4916 partibus,
1576 4851 1625 4901 red
1649 4853 1727 4902 etiam
1744 4852 1771 4900 iu

413 4924 479 4975 omui
497 4922 575 4974 ιιιιιιι
592 4922 791 4973 instructissimos
810 4927 836 4975 et
854 4923 1021 4983 doctissimos,
1035 4938 1107 4993 'quor
1124 4924 1187 4975 nihil
1205 4939 1303 4979 eorum.
1328 4938 1392 4989 quae
1411 4924 1514 4989 alicujus
1532 4924 1656 4973 momenti
1672 4924 1700 4972 ιιι
1718 4921 1771 4973 dier
