3788 5828
751 367 915 421 Pacuuium
1448 365 1514 435 233

146 528 228 577 insen
240 525 324 578 libello
337 526 424 586 edidit,
445 541 554 580 manen
567 534 633 587 runt,
654 543 702 581 nec
723 530 801 580 etiam
822 543 854 580 ea
875 528 1066 596 ipseintelligit,
1088 529 1126 581 ite
1149 533 1260 593 atquae
1278 528 1417 579 bouaennt
1436 530 1463 580 in
1476 546 1513 591 eo,

146 600 198 662 ipse
220 597 290 647 falsis
312 598 392 649 rerbis
413 606 541 664 proponat
578 600 663 651 Multa
683 601 828 664 a'ibchone
848 601 924 652 habet
945 607 972 651 et
991 616 1034 666 pru
1056 602 1107 651 suis
1126 600 1246 659 venditat,
1269 614 1333 666 quae
1350 603 1377 651 in
1390 601 1514 665 Tychonis

147 668 206 719 libro
229 670 274 719 tibi
295 672 439 719 monstrari.
487 671 676 738 Triangnlomm
702 673 778 736 ipsius
801 673 914 722 doctrina
933 673 993 722 nihil
1016 671 1175 722 memorabile
1195 671 1272 722 hebet
1299 673 1363 735 quod
1384 688 1434 722 non
1457 674 1515 723 alibi

145 740 233 791 meiius
246 741 364 804 scriptum
377 748 465 792 exstet
503 741 575 802 Quae
596 758 653 793 vero
672 744 698 792 in
711 756 744 793 ea
756 745 887 794 observatu
906 744 983 809 digna
995 750 1061 801 sunt.
1083 744 1136 808 ipse
1159 758 1209 792 non
1227 742 1349 807 intelligit,
1372 743 1428 794 ideo
1451 744 1514 794 false

146 818 173 862 et
192 812 278 875 inepte
295 813 419 876 proponit.
455 812 547 863 Mirmn
568 828 626 879 ergo
638 815 699 864 mihi
710 814 843 872 rideretur.
865 816 887 864 ui
907 830 923 865 a
942 821 968 864 te
989 829 1062 878 snper
1083 820 1152 865 astra
1173 815 1209 865 uic
1227 814 1377 864 eveheretur.
1416 815 1513 880 Dignus

146 884 231 946 itaque
244 887 320 940 esset,
344 890 372 932 ut
384 889 473 934 conus
484 886 564 948 ipsum
578 892 604 936 te
616 900 745 951 purgares.
765 887 830 951 quod
850 891 897 937 tua
916 885 1073 936 humanitate
1094 891 1225 949 tantopere
1240 886 1357 941 abutitur.
1379 887 1437 950 quia
1459 902 1515 937 rere

146 968 196 1003 nou
209 954 292 1015 modo,
309 960 335 1004 te
355 955 494 1006 istiusmodi
515 959 667 1007 ornamentis
687 958 767 1021 ipsum
784 958 860 1007 luisse
884 957 1021 1023 dignatum.
1043 956 1077 1017 (E
1095 958 1175 1006 literis
1192 957 1215 1006 d.
1236 957 1259 1006 d.
1281 954 1322 1004 14.
1341 956 1390 1006 Jul.
1410 953 1465 1015 38.)

218 1094 314 1155 Quibus
334 1093 497 1159 Kepleruu
515 1095 580 1147 haec
598 1097 726 1161 respondit
747 1097 789 1160 (ex
809 1110 847 1162 ep.
871 1098 894 1148 d.
917 1095 941 1147 t.
957 1097 1019 1149 Deo.
1041 1094 1075 1147 98
1097 1099 1166 1148 data.
1200 1096 1285 1162 comp.
1304 1114 1329 1162 p.
1349 1094 1383 1145 39
1402 1103 1429 1148 et
1447 1092 1514 1153 etp:

236 1237 388 1318 Tyobonis
410 1237 517 1300 literas
540 1238 671 1301 nondum
693 1239 771 1309 ridi,
791 1258 925 1301 mearum
949 1240 988 1301 ad
1012 1239 1096 1301 illum
1120 1240 1276 1319 exemplar
1300 1241 1379 1319 apud
1402 1247 1433 1302 te
1458 1259 1513 1301 ex-

147 1334 230 1388 stare
254 1326 382 1405 gaudeo.
428 1327 507 1388 Nam
530 1328 674 1407 prodigus
698 1346 763 1389 sum
786 1328 955 1389 verborum.
1002 1326 1119 1406 Scripsi
1132 1329 1284 1407 profectu,
1311 1347 1368 1409 quo
1387 1348 1435 1390 me
1458 1348 1512 1390 oa-

146 1415 244 1476 lamus
270 1415 421 1489 ducebat,
455 1424 563 1477 contra
594 1434 683 1495 quam
707 1417 746 1478 ad
778 1424 896 1478 tautum
919 1417 1015 1478 virum
1044 1417 1154 1479 decuit.
1200 1416 1313 1479 Earum
1345 1418 1422 1478 adeo
1456 1435 1513 1478 uon

146 1503 268 1565 memini
292 1503 431 1583 amplius.
478 1505 604 1566 Utinam
626 1504 806 1567 observatur
830 1505 1081 1585 diligentissimus
1105 1506 1176 1567 olim
1200 1525 1285 1567 aure
1299 1513 1400 1567 motae
1426 1504 1515 1567 dubi-

147 1592 273 1655 tationis
297 1592 335 1653 de
364 1592 433 1654 fixis
465 1593 648 1655 mentionem
672 1594 797 1655 faceret.
845 1591 1016 1656 Observavi
1045 1613 1101 1673 ego
1130 1593 1282 1671 triangulo
1307 1595 1373 1657 rudi
1398 1594 1515 1675 (qualia
1596 1630 1605 1647 ι

81 1744 83 1747 .
147 1683 230 1744 fuere
245 1679 492 1743 Patriercharum
515 1682 812 1762 adilaviotuguria)
829 1680 932 1747 uum.
953 1681 1089 1756 Octobri,
1116 1682 1288 1755 Decembri,
1315 1679 1410 1746 1598.
1426 1683 1514 1743 Mar-

147 1770 201 1844 tio,
225 1768 409 1850 Septembri.
455 1770 590 1832 Primam
607 1770 717 1832 falsam
733 1772 828 1833 fuisse
850 1791 1015 1833 consensus
1034 1771 1223 1850 sequentium
1252 1779 1394 1833 testatur.
1433 1771 1513 1832 Nam

148 1859 175 1921 si
198 1866 331 1938 quaest
354 1858 524 1921 differentia
546 1858 716 1921 altitudinis
739 1860 864 1922 lixarum
889 1861 1016 1922 diversis
1041 1860 1112 1921 anni
1131 1860 1326 1939 temporibus,
1350 1860 1404 1921 illa
1418 1859 1514 1921 minor

148 1956 197 2010 est
229 1955 372 2011 sextante
401 1947 529 2026 gradum
562 1967 632 2010 nem
666 1949 832 2028 quadrante
864 1968 932 2010 meo
965 1949 1105 2028 scrupula
1130 1949 1300 2012 consectari
1330 1967 1388 2010 uon
1418 1948 1513 2027 potui.

148 2036 216 2116 Ego
239 2055 311 2097 vero
342 2055 380 2097 ex
402 2036 500 2116 prima
528 2036 608 2097 falsa
637 2036 850 2099 observatione
876 2036 997 2117 putavi,
1030 2036 1229 2098 differentiam
1259 2039 1322 2098 fore
1357 2036 1514 2098 semissem

149 2126 274 2205 gradus.
322 2123 357 2186 Si
378 2124 408 2184 in
431 2124 536 2203 primis
560 2134 592 2187 et
615 2127 752 2204 partibus
774 2126 862 2205 primi
886 2126 1049 2206 majoribus
1069 2125 1152 2186 nulla
1171 2133 1220 2186 est
1236 2125 1416 2198 differentia,
1442 2144 1515 2186 sane

149 2222 182 2275 et
205 2232 263 2292 ego
286 2213 446 2294 plurimum
469 2214 621 2276 movebor.
669 2213 746 2286 Quis
770 2216 848 2276 euim
873 2216 991 2288 credat,
1023 2221 1142 2275 tautam
1166 2232 1234 2275 esse
1257 2215 1383 2276 lixarum
1408 2214 1516 2275 altitu-

150 2303 261 2365 dinem.
289 2307 405 2375 (Spectat
415 2309 455 2360 his
465 2310 590 2375 Ksplerua
602 2312 786 2362 observationes
799 2312 887 2363 sullae
898 2313 999 2378 polaris,
1013 2326 1077 2377 quae
1088 2310 1206 2376 leguntur
1217 2325 1293 2375 supra
1305 2327 1330 2375 p.
1346 2307 1401 2374 ta.)

239 2392 290 2453 Ad
313 2390 452 2453 Ursum
479 2390 586 2470 scripsi
622 2410 700 2452 anno
725 2389 777 2456 95.
808 2402 945 2467 aestate,
979 2394 1152 2473 priusquam
1177 2392 1346 2471 Tubingam
1371 2393 1514 2454 venirem.

150 2479 274 2560 Impulit
297 2499 343 2542 me
357 2479 488 2565 'quidam
512 2498 550 2540 ex
573 2481 747 2559 proceribus
771 2482 939 2562 Wagauus,
960 2482 1008 2562 qui
1033 2500 1099 2543 oum
1123 2481 1257 2543 crebrius
1281 2481 1413 2561 Pragam
1438 2501 1514 2542 veu-

151 2570 232 2641 uitet,
263 2569 293 2630 in
318 2568 446 2632 hominis
479 2569 619 2630 notitiam
643 2570 728 2631 veuit
756 2590 882 2651 eumque
913 2571 1032 2651 plurimi
1066 2571 1150 2631 lacit.
1197 2570 1419 2650 Argumentum
1452 2571 1515 2631 tale

151 2660 225 2730 iere,
249 2657 338 2738 quale
361 2657 391 2717 iu
415 2656 567 2738 Tyobonis
591 2657 735 2737 epistola:
765 2678 832 2720 cum
856 2660 898 2720 sit
920 2659 966 2720 vir
987 2658 1107 2738 publice
1131 2665 1238 2732 notus,
1264 2677 1302 2720 er
1325 2659 1411 2738 cnjus
1436 2659 1514 2720 scri-

149 2747 212 2828 ptis
245 2746 361 2809 discam
393 2748 552 2827 (quantum
575 2746 674 2807 obiter
705 2747 852 2809 volvendo
886 2747 1055 2826 intelligere
1087 2746 1270 2827 potuerim),
1305 2747 1372 2807 ideo
1401 2766 1449 2808 me
1481 2755 1516 2809 ut

150 2835 330 2915 discipulum
353 2842 384 2896 et
403 2835 547 2913 juvenem
571 2835 700 2913 abipso
723 2836 838 2914 majore
867 2843 971 2897 aetate
994 2843 1098 2914 petere
1123 2853 1279 2895 censuram
1304 2852 1393 2912 super
1417 2854 1513 2915 nego-

58 2978 63 2985 .
151 2925 193 2988 tio
217 2922 238 2987 5
262 2942 427 3004 corporum,
453 2923 531 3003 quod
555 2922 745 3003 paucissimis
769 2924 869 2985 verbis
893 2932 926 2985 et
948 2922 1079 2986 numeris
1104 2922 1264 2984 delineari.
1313 2923 1346 2983 Si
1371 2922 1442 3002 quid
1466 2922 1514 2983 hic

151 3012 417 3084 estvadulationie,
441 3013 504 3091 ejus
527 3014 647 3091 culpam
670 3012 749 3091 gerit
773 3012 914 3092 splendor
938 3013 1024 3073 aulae
1050 3010 1237 3085 Caesareae,
1261 3019 1294 3072 et
1316 3012 1383 3089 ejus
1409 3018 1513 3071 secta-

151 3112 209 3178 tor,
244 3120 327 3163 meus
355 3101 454 3161 laetor
477 3100 645 3180 Waganus.
690 3101 767 3162 Post
798 3100 1012 3181 sesquianuum
1042 3099 1214 3178 respoudit,
1248 3098 1433 3178 exemplaria
1456 3100 1514 3160 mei

152 3191 246 3271 libelli
270 3198 388 3268 petens,
412 3189 551 3267 misitque
567 3189 792 3267 chronologiam
816 3190 947 3251 suumin
968 3188 1208 3272 lormapatenti.
1254 3187 1420 3266 Rescripsi,
1446 3186 1513 3248 misi

152 3279 348 3359 exemplaria.
396 3278 511 3339 Laudis
541 3278 567 3338 si
591 3278 661 3357 quid
681 3278 784 3341 addidi
810 3279 904 3360 (quod
928 3278 1044 3355 nescio,
1077 3285 1147 3339 nam
1171 3298 1191 3338 a
1213 3285 1244 3337 te
1273 3277 1360 3338 modo
1385 3275 1514 3338 descen-

152 3362 288 3449 deram),
318 3367 347 3429 id
372 3368 486 3428 factum
510 3384 618 3428 censeo
647 3375 770 3448 propter
797 3370 913 3448 priores
945 3369 1060 3430 literas.
1107 3367 1190 3428 Movi
1213 3366 1360 3446 quaedam
1384 3365 1514 3426 chrono-

152 3458 267 3538 logica,
291 3457 413 3536 placere
436 3455 508 3516 mihi
533 3455 608 3529 dixi,
643 3458 721 3537 quod
744 3476 802 3518 uon
828 3464 972 3538 sequatur
988 3456 1118 3518 'fictitios
1141 3456 1209 3517 illos
1234 3461 1364 3516 autores.
1411 3453 1515 3515 Mirari

152 3566 198 3609 me
222 3544 285 3608 dixi
307 3543 502 3623 multiplicem
526 3544 590 3624 ejus
614 3544 786 3620 lectionem,
811 3548 860 3627 qui
884 3546 1110 3626 chronologiam
1133 3545 1226 3607 talem
1250 3543 1382 3605 scribere
1405 3551 1515 3622 potue·

152 3636 201 3699 rit.
247 3634 328 3696 Petii
352 3633 489 3694 omnibus
513 3632 621 3704 modis,
645 3641 679 3695 nt
701 3653 857 3695 censuram
880 3636 911 3696 iu
935 3636 1070 3698 libellum
1092 3653 1190 3697 meum
1204 3633 1276 3696 mihi
1290 3632 1403 3695 mittat
1443 3632 1515 3693 ideo

152 3724 232 3786 enim
260 3723 432 3786 institutam
464 3720 712 3801 publicationem,
746 3730 871 3785 etcum
903 3742 1000 3785 rerum
1029 3724 1133 3786 harum
1157 3723 1324 3785 scientibus
1353 3721 1514 3800 disputem.

153 3811 265 3886 Oravi,
299 3820 333 3873 nt
356 3810 493 3893 Tychcni
520 3810 624 3872 mittat
646 3811 812 3890 exemplar,
847 3811 968 3892 ejusque
999 3830 1105 3892 opera,
1140 3812 1167 3871 si
1191 3830 1250 3889 qua
1283 3810 1410 3883 habeat,
1443 3808 1516 3869 mihi

152 3902 258 3964 mittat
288 3900 363 3962 meis
397 3898 535 3961 nummis.
582 3899 709 3974 Postea,
744 3908 814 3961 ante
839 3919 950 3961 anuum
973 3901 1092 3980 opinor,
1123 3917 1189 3959 cum
1213 3897 1286 3960 nibil
1307 3897 1512 3976 responderet,

152 3999 187 4054 at
209 4009 309 4054 coram
332 3996 437 4050 nostro
460 3990 643 4062 monetario,
667 3989 717 4069 qui
739 3989 858 4069 Pragae
883 3996 964 4063 erat,
989 4008 1036 4050 me
1059 3988 1231 4062 laudasset,
1256 4006 1373 4047 rursum
1397 3985 1515 4064 scripsi,

151 4099 263 4159 urgens
285 4079 415 4158 petitam
439 4095 605 4140 censuram.
651 4077 843 4158 Exprobravi
872 4077 930 4156 ipsi
953 4086 1181 4156 praeposteram
1212 4074 1441 4147 abstinentiam,
1467 4073 1517 4153 qui

152 4187 289 4231 nummos
320 4188 339 4229 a
372 4165 506 4228 Caesare
539 4174 680 4246 acceptos
714 4168 813 4230 soleat
845 4168 895 4239 (ut
925 4165 974 4227 hic
998 4166 1138 4244 ajebant)
1171 4165 1323 4226 remittere
1356 4162 1415 4232 illi,
1449 4180 1516 4223 cum
1558 4236 1564 4246 Δ

151 4264 259 4336 posset
282 4255 318 4318 iis
341 4255 520 4319 benefacere
544 4256 711 4317 studiorum
734 4255 895 4318 eorundem
910 4255 1074 4317 cultoribus
1094 4262 1126 4315 et
1143 4254 1225 4315 mibi.
1272 4254 1356 4314 Haec
1371 4252 1416 4313 ita
1426 4252 1516 4332 jocu-

152 4345 269 4409 lariter.
316 4344 380 4407 Sed
408 4343 487 4406 nihil
509 4344 675 4421 respondit.
723 4343 756 4406 Si
781 4345 852 4425 quid
875 4343 919 4405 illi
951 4344 981 4405 in
1006 4362 1041 4404 os
1064 4362 1130 4405 sum
1160 4343 1294 4404 locutus:
1328 4341 1407 4402 male
1431 4339 1515 4413 facit,

153 4435 202 4515 qui
226 4434 257 4495 id
281 4434 319 4495 ad
343 4452 414 4495 suos
438 4452 537 4495 mores
561 4440 592 4494 et
615 4432 746 4494 animum
768 4433 873 4505 trahit,
898 4432 976 4513 quud
996 4448 1053 4509 ego
1077 4432 1197 4509 ingenio
1221 4430 1322 4493 tribui.
1368 4428 1453 4490 Nihil
1477 4428 1517 4489 ad

153 4542 200 4585 me
224 4522 379 4603 pertinuit,
405 4521 474 4601 quid
498 4522 549 4583 ille
573 4522 691 4583 furatus
714 4540 753 4583 ex
775 4522 901 4585 aliorum
923 4519 1078 4582 laboribus
1101 4528 1193 4593 esset,
1218 4520 1416 4597 exprobrare:
1440 4535 1516 4578 cau·

155 4630 222 4674 sam
252 4628 352 4672 meam
386 4610 443 4691 egi.
490 4609 553 4672 Sed
577 4610 653 4672 bene
677 4609 787 4671 babet:
822 4610 870 4689 qui
899 4608 1075 4688 discipulum
1099 4627 1132 4668 se
1156 4608 1222 4687 ejus
1252 4607 1407 4687 professus
1440 4612 1516 4670 crat.

154 4719 220 4763 eum
239 4699 374 4781 judicem
397 4718 431 4761 se
455 4699 535 4762 inter
559 4708 591 4761 et
605 4699 777 4780 Tychonem
800 4699 920 4778 publice
944 4702 1089 4759 ostentat.
1138 4694 1284 4757 Gratulor
1305 4693 1377 4755 mihi
1401 4693 1438 4754 de
1457 4692 1516 4753 ho-

153 4808 225 4852 nore
249 4806 406 4862 concesso,
429 4807 487 4868 quo
511 4789 541 4850 in
559 4795 712 4869 posterum
735 4794 805 4848 utar
828 4786 965 4849 candide.
1011 4783 1199 4862 Discipulum
1215 4782 1319 4850 audiit.
1344 4780 1413 4859 quid
1428 4780 1516 4841 exul-

153 4877 228 4943 tet?
274 4875 311 4940 Si
339 4876 472 4959 judicem
502 4896 548 4939 me
582 4876 783 4963 appellasset,
818 4877 920 4941 forsan
949 4872 1029 4939 uliud
1054 4873 1208 4957 quippiam
1236 4868 1393 4933 audiisset.
1441 4865 1517 4934 Cum
