3838 5824
366 338 411 417 88
966 350 1129 405 Prooemlm

367 514 431 576 Ime
455 512 520 576 also
549 512 578 575 in
607 513 665 575 eim
687 512 887 577 kunststuclrh
910 532 947 575 zu
969 513 1141 577 erforschen
1160 520 1365 577 vnvonubtten
1384 531 1458 596 seyn
1482 513 1607 577 nderdt.
1648 515 1728 577 Fir-

369 610 436 664 eten
467 602 526 664 vnd
549 602 630 663 Hem
661 602 760 664 haben
784 602 910 663 solliche
939 602 1050 665 seclren
1080 603 1163 664 nicht
1193 603 1330 666 vendes
1361 602 1515 682 tigliehen
1540 602 1727 677 Gebrauchs,

368 691 496 753 sondern
520 709 577 752 ron
602 690 657 752 der
683 691 785 752 Kunst
816 710 934 771 wegen:
968 691 1016 752 die
1039 692 1132 754 kunst
1155 692 1228 755 aber
1263 691 1404 754 bestehet
1425 692 1456 754 iu
1479 691 1648 777 imitatione
1670 713 1728 754 na-

367 786 470 855 turae,
495 780 535 841 da
557 798 591 841 es
614 779 698 841 nicht
720 780 775 841 mit
798 780 926 859 Zeigern
949 780 1088 859 angehet.

455 867 537 930 Wsn
562 869 636 930 eber
659 868 706 929 die
731 868 803 931 sech
833 869 887 929 mit
910 876 994 931 ernst
1017 868 1218 948 euzugreiffen
1243 876 1340 942 were,
1376 869 1467 949 glaub
1495 868 1545 931 ich
1567 869 1639 945 nol,
1673 871 1730 932 das

367 957 424 1019 mir
447 957 518 1018 sehr
540 957 743 1019 beibrderlich
767 976 840 1038 seyn
864 958 982 1031 winde,
1008 959 1119 1019 endere
1143 956 1334 1036 dergleiohen
1354 958 1487 1020 Werclrh
1512 957 1590 1019 euch
1612 978 1650 1020 zu
1672 960 1728 1021 b'e-

369 1045 535 1126 sichtigeu,
568 1046 628 1107 dan
661 1047 714 1107 ioh
738 1046 803 1108 biss
826 1045 899 1107 dato
930 1045 1020 1108 lrhein
1045 1046 1172 1107 anderes
1196 1047 1346 1125 gesebeu,
1380 1047 1428 1109 uls
1456 1047 1512 1108 nie
1542 1046 1583 1108 im
1605 1047 1730 1110 Bericht

367 1136 535 1196 venneldet
561 1135 691 1199 worden.
738 1135 842 1196 Wolte
866 1135 917 1196 loli
941 1135 1011 1197 Wol
1044 1135 1151 1208 seben,
1186 1136 1224 1197 ob
1252 1136 1335 1197 eines
1363 1136 1512 1215 gesunden
1540 1136 1657 1205 ulirde,
1690 1138 1727 1199 da

367 1223 495 1298 beedes,
528 1223 657 1285 imitatio
691 1231 815 1287 naturae
847 1232 879 1284 et
910 1223 1025 1286 indices
1056 1223 1115 1306 bey
1141 1225 1295 1286 einander.
1343 1225 1411 1286 Dan
1444 1224 1540 1286 meins
1568 1223 1729 1287 erachteus

368 1312 466 1374 lrlrans
489 1312 574 1373 nicht
597 1331 688 1395 sepo,
714 1313 772 1374 den
797 1332 830 1373 es
855 1312 947 1375 leidet
968 1313 1006 1373 Je
1030 1313 1095 1374 eins
1119 1313 1175 1375 das
1199 1313 1292 1375 ander
1310 1313 1406 1387 nicht,
1432 1314 1491 1375 und
1510 1312 1553 1375 iet
1567 1313 1656 1376 ellein
1681 1314 1728 1376 die

369 1401 451 1480 frag,
475 1400 610 1463 wdllichs
634 1402 729 1463 nuder
751 1402 846 1463 denen
870 1400 1056 1464 lunstlicher
1078 1401 1138 1463 vnd
1162 1402 1327 1465 aierlicher.

457 1488 602 1551 Bisslrero
625 1508 694 1550 vom
719 1489 862 1553 Werclsh.
907 1488 978 1552 Jem
1002 1491 1040 1552 ed
1065 1490 1136 1553 alia.

437 1631 496 1681 lam
514 1629 652 1694 Keplerus,
675 1630 773 1680 rediens
792 1631 824 1681 ed
843 1637 987 1681 consuetum
1004 1609 1158 1688 sermonem,
1183 1629 1261 1679 letine
1280 1632 1361 1696 pergit
1379 1629 1412 1680 ad
1431 1628 1631 1696 chronologiam,
1656 1644 1731 1695 quam
1770 1670 1775 1679 ,

367 1700 475 1765 pluribus
494 1708 547 1750 tum
564 1716 609 1764 per
625 1701 711 1751 literas
731 1716 786 1750 curn
803 1701 939 1752 Maestliuo
957 1701 1173 1767 penemtsbstur,
1193 1708 1219 1750 et
1238 1701 1376 1753 concludit.
1394 1700 1563 1767 theologorum
1582 1702 1731 1752 minutiones

366 1772 507 1837 ponderans
527 1770 656 1837 Copemici
673 1774 814 1823 sententiae
832 1774 928 1824 eminus
946 1772 1129 1838 obloquentium
1148 1769 1207 1833 (rid.
1227 1785 1302 1835 supru
1319 1788 1343 1836 p.
1354 1768 1410 1833 38).
1481 1840 1485 1845 .

440 1862 512 1948 llaec
530 1903 629 1946 tautum
648 1896 679 1945 de
698 1910 772 1960 opere
791 1895 937 1948 mechanico
956 1897 1043 1947 sddit:

457 1985 552 2049 Tuum
580 2003 712 2064 agnosco
743 1985 829 2047 fidem
866 1995 1011 2066 perpetua
1041 1985 1226 2066 gratitudine
1259 1987 1482 2049 celebrandam.
1529 1985 1653 2049 Utinam
1686 1987 1731 2051 its

367 2093 416 2138 res
440 2075 637 2154 expediatur,
670 2083 705 2135 nt
727 2085 852 2154 uterque
876 2075 1032 2138 laetemur.
1080 2072 1220 2149 Quaeso,
1254 2074 1401 2138 siminus
1425 2093 1601 2155 responsum
1626 2076 1728 2141 statim

366 2182 525 2244 accepero,
550 2162 681 2238 scribas,
710 2163 780 2244 qnid
805 2164 934 2227 futnmm
958 2183 1095 2227 censeas.
1143 2165 1176 2227 lu
1201 2164 1322 2227 decreto
1347 2164 1450 2227 videor
1474 2161 1727 2245 agnoscere'Lu-

367 2271 434 2314 cem
458 2251 652 2315 Osiendrum.

436 2391 554 2441 Lstiuum
567 2393 692 2456 scriptum,
710 2393 776 2457 quod
789 2394 815 2442 iu
828 2393 986 2458 sequentibus
997 2392 1074 2444 literis
1086 2398 1208 2443 memoret
1224 2392 1382 2451 licendum,
1396 2393 1474 2445 deest
1494 2393 1601 2447 Schema
1613 2394 1646 2444 sd
1657 2407 1729 2459 prae·
1816 2439 1819 2444 .

365 2463 443 2525 missa
459 2464 585 2527 pertinens
603 2478 620 2513 a
637 2463 707 2515 nobis
725 2465 842 2515 ombsum
860 2472 906 2525 est,
926 2465 992 2529 quod
1010 2472 1037 2515 et
1054 2467 1148 2528 majore
1163 2465 1243 2515 iorms
1255 2472 1322 2515 esset
1333 2464 1510 2531 effingentem,
1529 2473 1564 2525 et.
1583 2480 1648 2531 quae
1660 2467 1729 2530 Kap-

365 2532 431 2587 letus
449 2535 576 2598 proponit,
596 2536 672 2585 etiam
690 2535 782 2585 omissa
800 2535 966 2586 delineatione
986 2536 1091 2599 intelligi
1109 2542 1219 2599 pessunt.

438 2605 476 2655 Ex
494 2605 622 2656 Meestliui
644 2606 721 2655 literis
747 2604 782 2667 (d.
803 2608 827 2657 d.
847 2603 1030 2668 t..(tt.)Ju1.
1052 2603 1132 2668 1508)
1156 2607 1316 2671 responsoriis
1340 2606 1404 2659 haec
1428 2608 1605 2658 desumsimus:
1639 2608 1732 2673 Accepi

367 2675 419 2725 heri
437 2675 522 2726 literas
540 2684 596 2726 tuas
616 2692 671 2726 cum
690 2677 775 2726 rotulis
794 2676 838 2740 (ex
854 2685 926 2742 parte
945 2674 1108 2738 conductis).
1138 2679 1171 2728 sd
1196 2678 1377 2743 designandum
1402 2680 1478 2728 animi
1502 2679 1537 2729 tui
1563 2681 1687 2729 intentum
1705 2681 1731 2729 in

366 2746 511 2797 lubricando
530 2763 603 2811 opere
622 2750 795 2799 astronomieo.
832 2749 976 2799 Institutum
995 2756 1065 2799 tuum
1088 2749 1148 2799 mihi
1171 2748 1303 2799 admodum
1320 2749 1412 2813 plueret.
1452 2749 1520 2800 Deus
1538 2751 1660 2815 largiatur
1676 2750 1730 2801 leli·

367 2818 491 2870 sittim
509 2832 659 2869 successum.
696 2819 768 2884 Ego,
796 2827 927 2885 postquem
955 2822 1096 2887 diligentiae
1118 2821 1229 2886 relegero
1255 2826 1281 2870 et
1307 2822 1391 2873 omnia
1408 2820 1558 2872 sufficienter
1575 2824 1731 2886 pensitarero

368 2886 420 2952 (ut,
443 2890 464 2938 si
482 2892 609 2954 quaesitus
627 2891 703 2951 fuero,
722 2893 872 2956 respondere
895 2890 1011 2955 poesim),
1039 2893 1129 2942 curabo
1153 2892 1186 2944 sd
1204 2890 1241 2940 111.
1260 2892 1395 2956 principem
1413 2892 1548 2943 transferri.
1585 2893 1729 2944 Maluissem

367 2966 452 3011 autern
470 2966 599 3025 utrumque
618 2967 687 3012 tuum
705 2966 838 3028 scriptum,
865 2964 1040 3015 Germanicum
1058 2969 1084 3015 et
1102 2962 1219 3014 Leonum
1245 2960 1356 3027 (praeter
1376 2963 1505 3027 epistolam
1524 2963 1615 3014 adme
1634 2964 1728 3021 domm,

366 3045 431 3097 quae
450 3032 525 3080 etiam
543 3034 654 3096 priosta,
674 3048 738 3098 qnae
757 3036 883 3085 internos
901 3042 987 3085 mutuo
1006 3042 1078 3089 sunt.
1098 3031 1234 3095 continet),
1252 3049 1303 3083 nou
1320 3033 1380 3084 mihi
1403 3035 1521 3098 inscripta
1540 3050 1610 3092 esse,
1629 3034 1673 3085 sed
1692 3034 1730 3085 rel

366 3102 510 3162 indefinite,
529 3109 648 3167 tanquam
667 3105 700 3153 ad
718 3107 827 3169 quemvis
846 3106 971 3165 lectorem,
990 3106 1029 3156 rel
1048 3106 1081 3156 sd
1098 3106 1179 3169 ipsum
1197 3106 1331 3170 principem
1350 3105 1427 3154 inisse
1446 3105 1550 3156 directa.
1580 3106 1647 3157 Nam
1665 3120 1731 3170 quae

366 3175 392 3224 ln
409 3175 533 3236 prooemio
554 3174 680 3233 „defensio
698 3177 831 3239 propositi·
851 3178 888 3226 tui
906 3184 957 3233 est,
983 3192 1033 3241 qna
1053 3176 1183 3240 „exempla
1200 3176 1300 3229 retera“
1320 3176 1380 3227 mihi
1396 3178 1502 3233 recitas,
1528 3177 1587 3227 milri
1605 3178 1728 3233 dicuumr,

366 3245 438 3309 quasi
455 3245 500 3295 tibi
519 3246 655 3295 contrarius
679 3247 795 3302 fuissem.
822 3244 926 3311 ideoque
949 3251 986 3298 tui
1011 3249 1127 3312 propositi
1151 3247 1210 3296 milri
1233 3250 1341 3299 catones
1359 3248 1465 3299 fuissent
1488 3248 1649 3305 reddendae,
1673 3264 1730 3299 cum

367 3321 453 3365 tamen
470 3315 535 3365 haec
554 3317 642 3367 eadem
661 3317 774 3380 exempla
792 3333 838 3382 ego
857 3324 917 3368 ante
940 3320 1061 3375 noverim.
1087 3324 1205 3382 tuumque
1226 3319 1274 3368 hoc
1299 3320 1426 3369 inventum
1452 3333 1518 3369 nunc
1543 3320 1672 3385 aliquoties
1691 3319 1729 3369 ill.

366 3385 469 3450 principi
484 3385 515 3435 de
528 3387 621 3449 optima
634 3394 695 3436 nota
708 3388 939 3446 commendaverim,
959 3396 993 3446 et,
1014 3391 1034 3438 si
1052 3394 1081 3439 tu
1099 3388 1218 3455 languere
1236 3390 1363 3448 noluisses,
1381 3390 1441 3441 mihi
1458 3391 1617 3449 incubuisset,
1637 3399 1665 3440 ut
1683 3406 1731 3457 ego

367 3455 435 3505 hisce
453 3456 569 3519 exemplis
587 3464 614 3506 te
631 3471 781 3508 reroearem.
820 3458 869 3508 Sed
889 3459 922 3509 ad
939 3463 1047 3514 tertium.
1066 3462 1181 3511 nimirum
1199 3460 1238 3511 vel
1255 3464 1389 3526 principem
1417 3462 1456 3512 rel
1473 3462 1499 3512 in
1517 3476 1610 3529 genere
1628 3463 1661 3513 td
1678 3463 1729 3513 lec·

368 3531 460 3586 torem,
480 3533 510 3577 ut
528 3534 553 3577 et
571 3530 637 3591 ipse,
660 3529 719 3578 lloet
736 3531 814 3592 primo
832 3531 923 3583 iutuitu
940 3546 990 3581 uon
1009 3532 1147 3598 intelliget,
1172 3533 1363 3584 oblectationem
1380 3535 1408 3583 iu
1426 3548 1456 3584 eo
1475 3541 1593 3598 quaeret.
1620 3533 1731 3585 defensio

367 3596 431 3648 haec
450 3597 579 3664 dirigenda
597 3600 693 3648 fuisset.
707 3633 714 3647 .
728 3632 756 3649 ..
793 3599 890 3650 Videbo
907 3607 1005 3659 umen,
1029 3605 1050 3652 si
1068 3604 1143 3654 serbe
1159 3603 1205 3653 illa
1227 3604 1268 3656 rel
1290 3611 1387 3655 munta
1414 3604 1452 3655 rel
1475 3605 1605 3656 obliterare
1628 3607 1727 3669 possim,

367 3680 400 3718 ue
419 3667 484 3718 Cels.
503 3669 579 3733 ipsius
598 3671 733 3730 existimet,
757 3685 798 3721 me
817 3671 884 3722 aliud
901 3674 960 3736 ipsi,
979 3676 1128 3724 contrarium
1149 3676 1195 3724 tibi
1223 3676 1364 3739 scripsisse,
1388 3677 1454 3727 uude
1472 3676 1633 3726 metuendum
1651 3682 1726 3733 esset,

308 3742 313 3751 '
367 3753 399 3789 ue
417 3745 496 3789 totum
514 3740 560 3791 hoc
578 3748 648 3789 tuum
665 3742 793 3791 inventum
811 3749 837 3793 et
856 3759 915 3807 opus
934 3744 1000 3819 apud
1020 3744 1084 3795 Cels.
1103 3746 1179 3810 ipsius
1193 3736 1309 3800 silescat.

439 3811 537 3876 Alioqui
554 3812 642 3861 rnodns
661 3818 686 3862 et
703 3812 784 3863 iorms
806 3817 858 3878 ejus
881 3817 917 3864 tui
940 3817 1024 3881 scripti
1046 3816 1205 3868 vehementer
1228 3817 1327 3881 placet,
1355 3823 1394 3866 est
1418 3819 1484 3867 enim
1508 3817 1581 3868 valde
1606 3817 1730 3868 eruditum

367 3883 494 3946 scripturn,
513 3884 578 3947 quod
595 3884 680 3947 procui
699 3884 772 3935 dubio
791 3892 817 3935 et
834 3887 937 3951 principi
956 3893 982 3937 et
1000 3887 1145 3939 coudliarlis
1158 3887 1246 3938 harem
1257 3902 1339 3938 rerum
1350 3888 1545 3953 intelligentibus
1557 3897 1656 3955 prum
1673 3890 1729 3940 erlt.

438 3951 561 4003 Numeros
586 3955 720 4005 rotulamm
748 3970 882 4027 earumque
907 3960 1021 4022 periodos
1047 3960 1156 4010 nondum
1183 3961 1330 4009 examinari.
1369 3959 1491 4011 Videntur
1515 3967 1601 4011 tamen
1618 3961 1731 4012 nonnulli

367 4026 463 4074 numeri
481 4024 592 4076 dentium
610 4028 682 4076 nimis
700 4030 794 4095 magui,
813 4030 927 4079 nimlmm
945 4029 1012 4081 ultre
1030 4027 1083 4080 200
1100 4038 1127 4080 et
1145 4027 1205 4079 300.
1234 4029 1286 4080 Hos
1306 4044 1381 4097 aegre
1396 4033 1479 4095 capiet
1497 4036 1552 4081 rote
1570 4033 1633 4082 adeo
1653 4032 1731 4092 exilis,

368 4100 394 4144 et
411 4095 545 4146 verendum
564 4104 616 4154 est,
640 4105 669 4147 ut
686 4100 736 4147 sint
754 4099 868 4150 diuturni.
905 4100 963 4152 Meo
981 4104 1057 4169 igitur
1071 4102 1165 4165 iudicio
1190 4108 1330 4164 praestaret
1353 4103 1565 4166 superimpositio;
1593 4116 1652 4153 uam
1671 4102 1729 4154 ulhll

367 4166 482 4223 referret,
500 4183 544 4232 pro
563 4183 614 4218 uns
632 4168 694 4218 duas
711 4170 764 4220 fieri
782 4178 858 4221 rotas.
1197 4176 1200 4187 ’

439 4237 479 4288 De
497 4253 594 4289 esnone
612 4241 638 4289 lu
658 4237 728 4290 0000
747 4255 825 4292 anuos
844 4250 872 4293 ut
890 4244 923 4292 sis
941 4244 1074 4301 sollicitus,
1093 4256 1154 4308 epm
1172 4258 1222 4295 uon
1241 4250 1295 4301 est;
1313 4246 1362 4293 imo
1381 4257 1428 4295 uec
1447 4244 1478 4295 de
1496 4245 1570 4301 suuis
1590 4241 1654 4303 100,
1673 4247 1732 4310 qula

332 4316 340 4327 “
367 4307 474 4367 ιιιὲθοὶι,
500 4310 610 4375 singulas
633 4311 767 4363 terdiorm
785 4315 898 4378 periodos
917 4317 1012 4370 metiri.
1039 4321 1066 4366 et
1089 4328 1145 4366 oum
1165 4317 1200 4367 eis
1219 4316 1367 4367 velociorem
1386 4328 1469 4365 cresso
1487 4316 1560 4366 modo
1578 4329 1730 4380 comparere.

367 4377 433 4430 Nam
453 4381 479 4431 iu
496 4380 534 4429 his
552 4381 662 4432 thessmi
680 4390 786 4434 naturae
805 4399 961 4450 nequequam
985 4387 1101 4451 explicari
1123 4393 1244 4450 possunt;
1272 4387 1379 4444 sufficit.
1404 4384 1544 4449 hujusmodi
1567 4402 1643 4451 opera
1665 4388 1732 4437 iutra

368 4446 403 4497 30
422 4464 501 4501 annos
519 4467 568 4501 uon
587 4453 735 4503 sensibiliter
753 4468 848 4513 errare,
867 4457 968 4520 etquid
987 4464 1055 4514 tum,
1082 4458 1129 4507 etsi
1148 4456 1270 4509 Saturnus
1286 4464 1344 4521 post
1362 4457 1424 4507 dues
1444 4458 1571 4522 periodos,
1590 4458 1615 4506 h.
1634 4464 1656 4508 e.
1675 4465 1733 4521 post

368 4516 404 4568 00
422 4535 509 4582 sonos,
528 4536 578 4571 uuo
597 4530 672 4588 atque
685 4525 764 4575 sltero
776 4527 864 4591 gradu,
883 4528 1011 4578 ueletiam
1023 4529 1100 4578 tribus
1113 4528 1229 4594 gradibus
1242 4527 1358 4579 aberret?
1387 4527 1461 4578 Gerte
1478 4543 1561 4593 pauca
1578 4530 1627 4579 ridi
1645 4529 1730 4592 liujus·

368 4591 433 4641 modl
446 4595 611 4644 iustrumenta
623 4592 684 4655 (imo
697 4594 812 4655 nulium).
831 4598 920 4662 quibus
932 4598 996 4648 Solis
1013 4604 1094 4649 metus
1112 4608 1210 4649 sumus
1228 4594 1295 4649 ultra
1312 4595 1388 4650 365⁰
1406 4599 1500 4651 babent
1517 4601 1596 4650 men
1606 4601 1730 4665 qudam

368 4668 420 4713 tem
438 4664 494 4713 diei
533 4665 587 4730 Ego
605 4672 673 4717 certe
691 4668 795 4732 plurimo
813 4669 897 4719 labore
914 4670 1017 4719 tendam
1036 4670 1155 4732 eiusmodi
1172 4685 1302 4728 numeros,
1325 4672 1367 4735 qui
1385 4672 1462 4720 etiam
1480 4671 1644 4735 quadrantem
1662 4671 1731 4721 illum

368 4732 491 4796 hubent,
511 4736 620 4787 invenire
637 4740 715 4800 potui.
751 4739 805 4791 Nec
823 4746 909 4790 temen
927 4741 971 4788 illa
988 4754 1084 4806 organa
1102 4740 1211 4792 Urenica
1227 4747 1359 4805 propterea
1376 4743 1446 4806 parri
1464 4741 1535 4791 liunt.

440 4805 526 4855 Metuo
545 4812 645 4863 autem,
669 4823 701 4857 ne
720 4810 784 4859 istus
802 4810 952 4872 objectiones
971 4816 996 4861 et
1021 4811 1195 4865 difficultates.
1222 4826 1283 4876 ques
1301 4813 1435 4874 inscripto
1452 4818 1496 4862 tuo
1514 4812 1604 4862 multus
1623 4813 1666 4861 tibi
1685 4812 1731 4876 ipsi

370 4873 464 4939 objicis,
484 4890 502 4928 a
518 4877 643 4928 uouuullls
661 4878 742 4928 sciolis
761 4880 836 4931 veluti
850 4895 961 4931 enormes
974 4883 1165 4933 exorbitetionss
1177 4884 1340 4948 accipiantur,
1360 4890 1435 4949 etque
1447 4883 1513 4949 apud
1525 4885 1659 4949 prinoipem
1671 4896 1731 4939 eus·
