3814 5818
700 369 732 419 ἃ·
749 369 823 435 νῦν
839 368 1002 435 melei·-
1470 369 1538 437 nte

156 529 223 602 ,rei
244 528 324 591 bauo
345 546 426 603 asse,
449 527 528 606 qnod
551 527 667 590 enaim
690 527 761 589 uuio
783 533 902 589 tautum
924 525 1052 589 oonlusa
1072 524 1134 598 sit,
1157 523 1219 600 oui,
1252 526 1278 587 ai
1300 516 1363 607 qua
1383 546 1424 591 ex
1447 530 1538 593 sociis

177 617 280 681 causis
304 617 392 692 desit,
417 617 544 678 effectus
567 617 709 678 intereat.
757 613 838 685 Quid
863 615 949 694 agis,
974 614 1015 675 mi
1036 613 1178 675 Fabrici?
1200 633 1239 674 an
1263 633 1320 693 ego
1342 616 1461 679 meliori
1485 637 1537 680 ar·

177 713 321 786 gumento
350 706 464 783 possim
492 705 637 784 probare,
672 703 890 783 experientiam
913 696 1180 765 esse’coulusnm?
1226 701 1312 764 Scito
1340 703 1457 785 itaque,
1489 725 1537 769 me

177 795 269 875 piane
292 802 390 855 mcum
414 793 586 855 consentire
609 792 640 853 in
664 793 720 854 hoo
744 800 931 870 argumento.

249 897 433 948 Fabricius:
453 896 665 947 Transltibns
683 895 763 946 multa
781 896 867 945 tribuis
884 900 983 959 propter
1001 896 1140 957 subjectum
1157 894 1234 952 reale,
1253 896 1444 960 aireplanetann
1456 900 1537 963 ipsum

175 976 337 1034 praesentem
356 970 566 1027 clamitantem
584 968 840 1033 proiectiouibua
858 980 915 1015 sero
934 965 1040 1015 eandem
1059 967 1089 1015 ob
1108 979 1210 1017 cansam
1228 966 1289 1016 nibil
1307 967 1361 1017 dea
1399 968 1453 1035 Ego
1467 972 1534 1021 dico:

178 1042 301 1091 trauntur
319 1040 409 1090 nullim
427 1041 523 1089 virtutis
542 1048 589 1098 est,
608 1041 656 1089 nisi
675 1039 759 1105 aliqua
776 1039 872 1102 speeies
889 1037 1044 1100 profectuum
1061 1037 1134 1086 simul
1154 1038 1286 1087 coincidet

190 1109 194 1115 ’
266 1111 471 1191 Keplerus:
495 1112 562 1190 Ego
586 1131 708 1175 causam
732 1110 804 1185 diri,
829 1119 862 1170 tu
876 1110 960 1170 nulla
975 1107 1165 1170 dictacausa
1188 1110 1369 1172 contrarium
1389 1111 1533 1175 affinnas.

174 1200 242 1263 Hoc
267 1199 343 1262 habe
367 1218 421 1280 pro
446 1208 544 1272 certo,
577 1218 726 1279 uunquam
750 1198 823 1260 mibi
845 1197 975 1259 transire
999 1196 1180 1259 Mercurium
1202 1216 1258 1277 per
1282 1208 1380 1261 ortum
1404 1207 1458 1262 aut
1480 1220 1534 1263 oo-

175 1309 293 1366 casum,
330 1289 399 1370 quin
424 1289 574 1351 catarrhis
602 1296 657 1350 aut
679 1287 740 1350 alvi
764 1290 845 1348 fluxu
868 1286 1011 1347 infestor:
1038 1304 1188 1365 nunquam
1211 1287 1358 1363 Martem,
1383 1290 1452 1369 quin
1474 1309 1533 1370 pa·
1634 1320 1639 1329 ·

174 1389 263 1442 ratae
288 1378 360 1439 mibi
384 1378 447 1439 sint
463 1378 540 1439 ‘lites
564 1386 595 1437 et
619 1377 777 1456 dispositio
803 1376 832 1436 in
855 1395 903 1437 me
927 1374 992 1455 ipso
1017 1373 1177 1437 cholerica.

248 1484 430 1535 Fabricius:
452 1483 594 1545 Quaeritur,
614 1497 645 1532 an
665 1481 717 1532 Sol
735 1483 900 1532 transiens
924 1481 1001 1531 loca
1018 1480 1173 1544 spherica
1192 1480 1342 1547 astrologica
1358 1483 1398 1533 rel
1416 1482 1532 1534 directio-

173 1570 236 1606 uum
253 1556 346 1622 gradem
364 1556 461 1605 morbos
478 1555 568 1604 intono
586 1552 682 1619 possit?
719 1554 773 1619 Ego
792 1553 843 1603 tale
861 1553 920 1618 quid
938 1552 1109 1602 animadverti.

263 1627 469 1706 Keplerus:
493 1626 602 1689 Nullus
625 1627 751 1706 planeta
775 1624 894 1686 adhoc
919 1632 966 1685 esi
990 1624 1155 1686 conditus'
1187 1623 1230 1686 Ut
1245 1640 1317 1703 ergo
1342 1623 1453 1685 ceteris
1475 1624 1533 1687 hoc

172 1735 228 1798 per
252 1715 392 1777 accidens
416 1714 536 1788 evenit,
573 1715 670 1775 itaet
694 1712 773 1789 Soli,
805 1722 839 1776 nt
870 1713 900 1774 in
925 1731 979 1774 suo
1003 1731 1129 1773 excessu
1154 1719 1262 1773 noceat
1285 1710 1530 1778 inflammatione.

172 1804 238 1867 Sed
269 1824 306 1866 ne
336 1803 539 1883 proportionis
563 1802 766 1878 obliviscaris,
800 1800 883 1864 Solis
907 1801 1020 1864 reditus
1044 1800 1271 1873 intra-annum,
1305 1798 1431 1863 Saturni
1453 1802 1533 1865 iutra

172 1890 218 1956 30
241 1888 346 1982 annos.
393 1891 592 1972 Experientia
615 1900 716 1953 umen
741 1892 769 1952 in
792 1899 913 1971 promtu
936 1908 994 1951 nou
1019 1899 1076 1965 est,
1102 1908 1138 1951 ac
1161 1889 1262 1950 nescio
1286 1908 1325 1949 au
1349 1890 1450 1952 fuerit.

244 1999 426 2049 Fabricius:
454 1997 521 2058 Quid
539 1998 570 2047 do
593 1996 835 2061 intelligentiis
862 1995 1031 2046 stellarum
1049 1996 1152 2052 senuas,
1179 1994 1243 2044 seire
1261 1995 1343 2058 cupio.
1379 1993 1433 2060 Ego
1451 2008 1533 2062 nugas

172 2084 230 2120 esse
248 2075 319 2134 puto.
355 2069 426 2119 Idem
444 2070 525 2118 muto
544 2062 575 2119 da
592 2069 700 2133 geniis
718 2069 770 2118 sire
788 2068 874 2127 bonis,
902 2067 954 2116 sire
971 2065 1053 2116 maiia
1091 2065 1118 2117 si
1137 2066 1241 2134 angelos
1259 2072 1288 2115 at
1303 2065 1415 2117 diabolos
1432 2066 1532 2127 (linens,
1568 2121 1571 2124 ⁴

172 2142 273 2205 scapio
290 2147 316 2191 et
332 2140 454 2206 intelligo,
473 2140 538 2189 sliu
554 2141 663 2190 mnino.
1565 2174 1568 2177 a

263 2212 468 2292 Keplerus:
493 2210 600 2273 Stellis
623 2218 748 2290 praeest
770 2209 867 2271 virtus
889 2208 1004 2288 aliqua,
1029 2207 1213 2287 geometriae
1238 2225 1336 2286 capax
1358 2206 1449 2287 globi,
1474 2228 1531 2290 po-

171 2310 243 2366 tens
266 2302 306 2369 ad
323 2309 449 2370 motum.
473 2307 593 2379 tempus
616 2319 787 2362 numerans.
833 2298 911 2378 Ego,
936 2298 973 2367 si,
998 2297 1077 2376 quod
1096 2296 1197 2376 jubes,
1221 2295 1367 2376 scapham
1386 2298 1532 2378 scapham

172 2390 327 2472 appellere
350 2390 459 2462 debeo,
485 2408 543 2450 nou
567 2407 689 2467 possum
714 2387 918 2459 alilotham,
943 2405 1033 2467 quam
1055 2384 1303 2465 intelligentiam,
1329 2386 1376 2447 vel
1400 2395 1529 2450 mentem

170 2480 338 2560 appellare.
386 2478 421 2540 Si
450 2478 531 2539 aliud
563 2477 619 2538 tibi
642 2496 750 2539 nomen
776 2474 1013 2557 praemonuerit,
1048 2473 1150 2535 dicito.
1196 2473 1324 2536 Interim
1348 2474 1403 2536 hoc
1427 2488 1531 2539 manet

171 2569 350 2642 discrimen,
384 2567 461 2647 quod
486 2566 716 2629 ratiocinatione
751 2584 809 2628 uon
834 2572 970 2637 utuntur,
1001 2563 1058 2626 boc
1081 2563 1159 2624 bono
1184 2560 1267 2625 Guil.
1293 2561 1425 2624 Gilberti
1449 2565 1530 2627 illius

171 2665 362 2738 argumento,
381 2655 460 2737 quod
484 2655 745 2717 ratiocinationem
769 2662 912 2733 sequatur
934 2652 964 2714 in
989 2651 1108 2713 actione
1131 2651 1350 2726 inconstantia,
1381 2652 1528 2733 inaequa-

171 2746 245 2809 litas
269 2756 301 2807 et
323 2745 479 2817 titubatio,
502 2745 583 2823 apud
597 2742 732 2806 homines
756 2742 885 2823 quidem.
934 2739 1035 2811 Quare
1059 2747 1093 2801 ut
1112 2758 1226 2801 cornua
1244 2733 1414 2809 bovis,‘aut
1428 2742 1528 2802 seien-

168 2835 215 2897 tia
238 2833 373 2909 uamndi,
398 2842 452 2896 aut
474 2833 570 2913 primo
594 2833 698 2894 statim
723 2832 771 2893 die
795 2838 876 2891 recte
895 2828 1062 2903 incedendi,
1087 2845 1146 2888 uon
1170 2835 1241 2888 sunt
1258 2835 1437 2907 argumenta
1460 2848 1528 2890 ma-

166 2924 245 3004 joris
267 2922 447 2996 nobilitatis,
475 2941 566 3002 quem
588 2923 618 2983 in
643 2918 772 2994 homine,
797 2917 846 2999 qui
862 2918 909 2980 hie
923 2925 1024 2989 caret;
1049 2915 1103 2977 sed
1117 2916 1320 2989 statuendum,
1345 2917 1527 2979 succurrisse

169 3021 309 3074 numam
331 3012 418 3073 bovis
443 3009 609 3073 infirmitati
633 3008 801 3088 congenitis
826 3006 873 3068 his
897 3003 1089 3085 adjumentis,
1115 3003 1186 3084 quia
1208 3003 1264 3066 bos
1288 3022 1373 3066 arma
1395 3004 1453 3066 sibi
1478 3008 1526 3066 t'a-

170 3101 303 3175 bricare,
336 3100 469 3161 sobolem
492 3100 630 3169 educare,
664 3104 802 3159 natatum
822 3095 991 3158 exercendo
1015 3094 1122 3154 docere
1145 3111 1204 3154 uon
1226 3099 1341 3172 potest,
1366 3103 1400 3154 ut
1421 3093 1526 3155 honio:

171 3187 216 3250 sic
238 3188 314 3249 haec
337 3186 438 3251 circuli
462 3189 508 3251 sui
531 3186 697 3251 intellectio
722 3185 865 3248 facultati
888 3184 933 3247 illi
965 3182 1070 3245 itidem
1094 3189 1143 3244 est
1166 3182 1342 3262 congenita,
1376 3201 1431 3243 uec
1453 3201 1526 3262 pro-

171 3277 260 3340 licere
283 3284 395 3356 potest,
418 3296 474 3341 neo
497 3277 580 3340 aliud
605 3296 695 3357 quam
718 3275 775 3338 hoc
798 3294 900 3355 agere,
925 3273 1015 3335 alium
1040 3290 1130 3353 quam
1144 3271 1223 3333 huuc
1237 3270 1380 3334 circulum
1399 3271 1526 3335 discere.

258 3365 306 3427 De
328 3364 435 3428 Geniis
467 3384 526 3427 nou
560 3367 671 3429 aeriter
703 3374 803 3427 mam
825 3382 937 3445 pugno.
982 3361 1049 3424 Ros
1081 3370 1130 3422 ast
1162 3359 1286 3423 lubrica
1331 3358 1414 3441 Ego,
1449 3362 1528 3440 quod

171 3454 345 3516 inanimatis
375 3455 465 3517 rebus
488 3455 527 3517 ob
550 3456 702 3518 delectum
725 3453 866 3527 rationis,
899 3450 1017 3532 angelis
1049 3449 1088 3512 ob
1117 3449 1242 3511 liberam
1266 3469 1351 3512 suam
1379 3449 1527 3511 rationem

167 3562 227 3606 uon
237 3562 360 3625 possum
375 3544 518 3618 tribuere,
528 3543 777 3624 gubernationem
788 3542 925 3604 fortunae
936 3538 1064 3602 hominia
1080 3539 1119 3599 ad
1133 3538 1353 3620 praescriptum
1364 3539 1525 3614 coelorum,

168 3632 210 3707 id,
234 3634 364 3714 iuquam,
382 3633 480 3712 geniis
495 3631 602 3694 tribuo.
651 3630 730 3703 Quid
746 3630 844 3692 enim?
868 3630 914 3691 Tu
928 3629 1103 3707 angelorum
1113 3628 1240 3689 tutelam
1253 3626 1346 3689 coelis
1358 3628 1525 3706 allegabis?

238 3738 428 3789 Fabricius:
455 3737 561 3790 Solem
579 3737 719 3788 vivificandi
745 3743 772 3786 et
789 3734 923 3799 vegetandi
947 3735 996 3782 dm
1022 3732 1114 3782 habere
1140 3733 1265 3787 existimo,
1293 3731 1443 3794 planetas
1469 3748 1526 3783 vero

166 3824 218 3861 non
237 3825 322 3860 omnes
340 3823 379 3860 res
397 3810 478 3865 simul,
496 3816 525 3859 ut
543 3809 593 3870 Sol,
615 3809 660 3860 sed
677 3809 732 3859 illas
750 3813 858 3863 tautum
876 3819 941 3870 qnae
959 3806 1060 3868 imperio
1077 3805 1186 3866 ipsorum
1204 3802 1317 3860 sumunt,
1335 3802 1467 3853 udicare.

255 3882 458 3962 Keplerus:
482 3881 566 3944 Nihil
590 3900 646 3963 ego
669 3889 743 3961 puto
762 3879 792 3940 in
816 3876 927 3951 Terris,
956 3876 1002 3937 cui
1025 3873 1154 3936 seorsim
1178 3872 1286 3954 aliquis
1309 3874 1435 3953 planeta
1458 3874 1523 3935 col-

164 3973 285 4034 locatus
313 3970 408 4032 sitin
431 3971 532 4033 coelo:
563 3970 618 4031 sed
642 3968 781 4032 extitisse
805 3966 874 4029 illos
898 3972 946 4027 tot
968 3970 1001 4025 et
1024 3964 1103 4024 tales
1131 3981 1169 4023 ex
1191 3962 1255 4022 suis
1283 3962 1415 4042 propriis
1437 3965 1524 4043 priu-

162 4058 262 4141 cipiis,
287 4060 379 4121 etiam
403 4059 468 4121 sine
482 4068 622 4139 respectu
637 4057 827 4121 terrestrium
842 4072 956 4128 rerum3
980 4051 1152 4114 consentire
1170 4069 1241 4113 vero
1260 4070 1318 4112 nou
1333 4069 1383 4112 res
1398 4053 1524 4114 seorsim

163 4148 350 4230 compositas
374 4167 442 4209 cum
464 4148 607 4227 planetis,
633 4148 687 4209 sed
706 4165 810 4209 omnes
834 4142 970 4205 omnibus
984 4149 1111 4203 naturae
1127 4139 1303 4214 elementis;
1325 4158 1394 4202 nam
1409 4159 1522 4235 prope-

162 4238 287 4301 modum
311 4237 412 4298 omnia
436 4235 464 4298 in
489 4236 625 4298 omnibns
649 4236 798 4308 inuenies,
831 4232 899 4314 plus
923 4239 1025 4293 tamen
1049 4230 1125 4292 certi
1150 4228 1277 4309 alicujus
1302 4230 1441 4293 elementi
1473 4231 1523 4292 vel

161 4325 346 4409 quantitatis
369 4326 400 4387 iu
423 4344 481 4387 uno
507 4344 596 4406 quam
619 4325 649 4387 in
673 4326 780 4386 altero.

236 4431 422 4483 Fabricius:
443 4430 509 4492 Quid
527 4431 558 4482 de
579 4431 729 4481 antistiis
746 4429 904 4494 planetam
920 4424 1030 4488 jndices,
1048 4425 1115 4475 sebe
1129 4422 1210 4474 rebus.

254 4521 464 4600 Keplerns:
488 4520 600 4583 Eorum
619 4519 679 4580 vim
702 4518 745 4580 ibi
768 4532 910 4598 agnmco,
933 4512 985 4577 ubi
1000 4520 1071 4576 sunt
1084 4512 1223 4574 antiscia.
1270 4513 1301 4574 A
1319 4530 1411 4574 causa
1433 4513 1522 4593 primi
1633 4531 1636 4536 ·

136 4602 266 4676 'molus
290 4619 362 4670 sunt
391 4608 521 4673 astucia
551 4616 656 4690 partes
684 4604 814 4679 zodiaci,
847 4618 907 4675 non
929 4602 1046 4669 ratione
1080 4601 1209 4663 siderum
1228 4599 1391 4664 mobilium.
1437 4601 1521 4680 Ergo

157 4703 188 4764 in
216 4697 382 4763 directione
407 4699 600 4761 ascendentis
623 4706 656 4759 et
675 4696 720 4757 M.
746 4692 782 4755 O.
806 4700 879 4772 puto
902 4691 964 4752 vim
1000 4708 1068 4751 esse
1092 4685 1316 4769 magnam,'at
1338 4708 1396 4752 nen
1419 4689 1450 4751 in
1470 4688 1520 4751 di·

157 4787 297 4853 rectione
320 4783 403 4853 Solis
426 4794 458 4849 et
480 4785 622 4849 Veneris.

233 4888 419 4943 Fabricius:
447 4891 596 4956 Quaeritur,
624 4904 658 4941 an
677 4886 821 4950 eclipses
838 4881 903 4933 Solis
922 4890 948 4934 et
965 4880 1053 4934 Lunae
1078 4896 1105 4935 re
1126 4895 1186 4935 rara
1206 4880 1336 4950 ‘mnus
1355 4878 1419 4932 slsis
1436 4886 1519 4932 muu-
