3786 5808
426 356 469 436 3ss
1017 354 1180 417 Ριωιιιιιιι

425 539 460 593 ιι
482 548 582 610 snpra.
623 528 705 607 Ergo
728 534 761 589 et
783 526 875 588 totius
893 525 981 588 ΕΒΑ
1003 525 1145 605 trianguli
1169 523 1266 586 latera
1288 533 1358 586 sunt
1381 524 1509 587 invicem
1530 528 1771 610 proportionalia.

427 618 624 683 corollarium
648 616 690 678 ll.
736 615 858 678 Datur
888 615 1080 695 proportio
1114 614 1279 676 laterum.
1325 613 1400 676 Dari
1432 623 1532 677 autem
1554 619 1773 697 proportionem

426 707 578 778 existimo,
603 705 629 767 si
653 704 853 785 exprimatur,
879 704 1025 784 quomodo
1049 722 1082 763 se
1105 702 1219 764 habeat
1242 702 1280 764 ad
1304 702 1395 764 aliam
1416 706 1641 783 proportionem
1664 718 1773 785 notam,

425 804 529 877 utpute
552 794 693 857 sectionis
716 792 878 856 secuudum
901 800 1064 854 extremam
1088 801 1118 853 et
1141 791 1269 853 mediam
1292 793 1449 854 rationem.
1495 794 1586 856 Fiant
1608 796 1704 876 igitur
1724 816 1775 879 per

425 883 484 960 46,
512 885 537 948 Ι.
570 901 660 964 super
697 879 716 945 3
750 882 895 944 lateribus
928 878 948 943 3
981 881 1130 961 quadrata
1166 890 1199 943 et
1235 881 1424 944 continuetur
1455 880 1510 943 DF
1540 902 1635 964 usque
1670 886 1710 947 ad
1741 884 1776 959 C,

426 966 502 1056 quae
533 971 651 1035 secabit
682 972 859 1052 quadratum
892 972 998 1050 majus.
1055 967 1132 1032 Cum
1163 987 1235 1049 ergo
1263 987 1316 1048 per
1338 966 1399 1045 45,
1436 970 1461 1032 1.
1494 974 1776 1055 parallelogramma

425 1061 495 1132 Ec,
533 1060 590 1125 CA
618 1069 650 1122 et
676 1063 772 1140 ipsum
800 1060 895 1121 totum
920 1060 1097 1141 quadratam
1120 1058 1183 1120 siut
1204 1059 1381 1139 aequealta,
1412 1068 1499 1122 eruut
1522 1079 1576 1141 per
1602 1062 1635 1138 l,
1661 1065 1717 1126 Vi.
1740 1065 1777 1126 ad

424 1152 549 1215 invicem
573 1157 607 1213 nt
629 1151 738 1225 bases,
770 1149 846 1218 Eu.
878 1150 951 1224 ΕΑ,
980 1148 1049 1213 ΑΕ.
1094 1146 1164 1210 Jam
1188 1155 1288 1209 autem
1311 1167 1364 1228 per
1386 1144 1443 1223 47,
1469 1149 1493 1211 Ι.
1517 1153 1699 1230 quadratum
1720 1151 1777 1215 EG

426 1249 571 1322 aequatur
593 1239 873 1319 parallelogramma
895 1236 965 1313 Ec,
995 1247 1025 1299 et
1048 1237 1176 1299 alterum
1199 1237 1258 1299 BA
1281 1236 1367 1299 alteri
1391 1235 1458 1300 Ac.
1504 1239 1586 1320 Ergo
1609 1241 1685 1313 EG,
1710 1243 1774 1317 BA,

426 1331 485 1393 ΑΗ
510 1338 581 1391 ιιιι
603 1328 641 1389 ad
665 1327 792 1391 invicem
814 1335 849 1389 ut
870 1326 941 1403 EF,
965 1328 1035 1395 FA.
1064 1326 1131 1389 ΑΕ.
1178 1324 1242 1388 Sed
1263 1344 1316 1406 per
1339 1324 1395 1398 20,
1426 1327 1481 1390 Vl.
1514 1328 1591 1392 iuter
1614 1329 1686 1407 EG,
1711 1332 1774 1404 BA,

390 1458 394 1469 ι
428 1419 488 1481 ΑΗ
510 1417 622 1480 similes
645 1419 756 1498 figuras
779 1424 827 1479 est
848 1416 1000 1497 proportio
1024 1415 1318 1495 duplicatalaterum
1336 1413 1403 1485 ΕΒ,
1427 1415 1495 1488 DA,
1520 1418 1588 1481 ΑΕ.
1634 1419 1775 1482 Estvero

426 1507 577 1590 proportio
610 1506 753 1569 sectionis
786 1505 946 1568 secundum
979 1513 1144 1566 extremam
1177 1513 1208 1567 et
1238 1504 1366 1565 mediam
1389 1504 1545 1568 rationem.
1592 1507 1677 1588 Ergo
1701 1510 1777 1571 inter

426 1599 523 1660 latera
540 1596 606 1671 ΕΙ),
631 1596 700 1671 DA,
724 1594 782 1657 ΑΕ
806 1603 854 1657 ιιι
877 1593 999 1656 dimidia
1021 1593 1173 1675 proportio
1197 1593 1349 1669 sectionis,
1374 1595 1533 1656 secuudum
1557 1606 1726 1661 extremam
1747 1606 1777 1658 et

427 1686 556 1749 mediam
581 1686 738 1747 rationem.
784 1683 970 1763 Exprimitur
992 1684 1084 1762 igitur
1106 1682 1260 1763 proportio
1282 1692 1365 1744 certo
1379 1683 1507 1760 nornine,
1532 1687 1695 1769 quoderat
1707 1706 1776 1767 pru·

425 1776 565 1838 bandum.
612 1774 726 1853 Estque
749 1773 779 1835 in
808 1791 925 1841 sumnia
956 1772 1098 1834 continua
1127 1771 1279 1852 proportio
1306 1771 1384 1833 inter
1416 1771 1493 1845 ΑΕ,
1515 1773 1589 1849 AD,
1613 1775 1692 1852 DE,
1714 1775 1775 1849 DF,

425 1864 487 1928 Fu.
524 1863 609 1925 Haec
633 1862 688 1925 tibi
712 1860 759 1924 Cl.
784 1862 822 1924 D.
845 1861 897 1924 Pr.
922 1860 966 1923 sic
988 1879 1131 1942 propono,
1155 1869 1189 1922 ut
1210 1860 1324 1935 videas,
1349 1868 1447 1922 utrum
1470 1862 1580 1925 alicubi
1603 1864 1776 1944 impingam,

426 1973 464 2016 an
482 1971 561 2015 uova
583 1952 645 2014 ista
667 1951 746 2027 sint,
771 1970 809 2013 ιι
833 1951 953 2013 brevius
977 1949 1176 2012 demonstrari
1198 1949 1325 2028 possint,
1350 1949 1437 2012 simul
1461 1951 1553 2013 etiam
1576 1961 1610 2014 ut
1633 1954 1674 2016 ad
1697 1954 1776 2017 cele·

425 2043 509 2108 brem
536 2041 780 2105 mathematicum
813 2058 871 2101 non
904 2039 962 2101 nisi
989 2038 1203 2101 mathematico
1230 2047 1299 2100 utar
1321 2039 1454 2102 exordio.
1500 2039 1546 2101 De
1570 2044 1646 2106 meis
1670 2040 1776 2106 studiis

426 2131 495 2214 quid
525 2131 673 2205 scribam,
708 2148 765 2191 nou
796 2129 903 2190 habeo.
950 2129 1029 2190 Nam
1056 2147 1105 2190 res
1134 2127 1342 2189 oeconomicae
1375 2147 1422 2190 rne
1445 2131 1634 2210 perturbant.
1682 2133 1777 2196 Unum

426 2230 527 2284 tamen
550 2228 612 2294 est,
635 2220 665 2282 iu
689 2237 746 2300 quo
769 2219 874 2280 merito
899 2218 942 2301 H.
959 2218 994 2279 T.
1019 2214 1152 2298 appello,
1185 2226 1219 2277 ut
1236 2217 1309 2278 milri
1332 2215 1471 2295 opitulari
1495 2219 1638 2299 digneris.
1685 2218 1776 2285 lucidi

426 2311 456 2373 in
480 2309 716 2392 speculationem
735 2308 895 2389 quandam,
922 2325 1009 2388 quam
1033 2326 1088 2369 nec
1111 2306 1243 2368 breviter
1262 2324 1316 2368 nec
1334 2306 1517 2369 confidenter
1530 2311 1776 2389 pronunciavero,

426 2419 464 2461 ne
486 2418 530 2461 sc.
555 2398 662 2460 ridear.
709 2397 824 2459 Verum
847 2405 881 2459 ut
904 2396 943 2458 ab
966 2415 1003 2458 ea
1026 2415 1072 2457 me
1097 2395 1266 2476 expediam,
1292 2413 1367 2478 opus
1386 2396 1458 2457 mihi
1481 2405 1530 2459 est
1552 2399 1612 2460 tuis
1637 2401 1732 2463 oculis
1748 2405 1778 2459 et
1827 2452 1831 2461 .

427 2504 535 2569 magno
558 2487 611 2549 illo
635 2487 810 2568 quadrante.
856 2486 957 2548 Velim
981 2503 1025 2546 sc.
1050 2493 1085 2547 ut
1107 2484 1199 2546 stella
1220 2483 1333 2563 polaris
1356 2483 1437 2546 circa
1461 2481 1511 2548 18.
1529 2484 1580 2551 28.
1597 2486 1685 2570 Sept.
1710 2486 1777 2563 (sed

426 2577 484 2640 ben
516 2575 589 2638 mihi
621 2575 682 2654 iam
710 2575 846 2650 transiit)
879 2574 1064 2649 criminans,
1098 2573 1179 2635 circa
1213 2569 1263 2635 16.
1288 2569 1340 2636 26.
1365 2573 1440 2636 Dec.
1467 2593 1539 2637 vero
1562 2578 1671 2640 eadem
1693 2585 1777 2640 nocte

428 2658 592 2729 criminans
611 2674 643 2727 et
661 2664 825 2727 humillima
843 2660 1036 2727 observetur:
1062 2670 1093 2726 et
1115 2662 1261 2737 videatur,
1286 2671 1385 2724 ntrnru
1407 2663 1485 2727 iuter
1502 2673 1659 2747 utramque
1673 2666 1777 2730 culmi·

427 2756 528 2817 nantis
561 2754 749 2817 altitudinem
777 2773 835 2816 non
867 2752 908 2814 sit
930 2753 1100 2815 differentia
1122 2752 1208 2813 unius
1232 2760 1324 2832 atque
1346 2751 1470 2815 alterius
1493 2757 1623 2834 scrupuli
1649 2757 1678 2818 iu
1703 2775 1776 2837 qna·
1877 2818 1878 2829 .

428 2846 544 2907 drante.
590 2844 656 2907 Hoc
689 2843 768 2905 enim
797 2843 925 2923 optarim
956 2842 1103 2904 accidere.
1148 2840 1236 2921 Eleqi
1269 2841 1359 2903 aliam
1392 2844 1528 2922 quamvis
1561 2844 1628 2906 hnic
1658 2844 1776 2926 negotio

428 2934 524 2996 minue
547 2934 693 3009 idoneam,
719 2933 816 2995 solam
838 2942 939 2995 tamen
963 2940 1034 3012 post
1051 2931 1198 3012 ιροΙιιιιι,
1223 2949 1299 3010 quae
1322 2929 1394 2993 mihi
1417 2950 1473 2993 nou
1498 2933 1571 2994 nibil
1594 2934 1775 3006 satisfaciat,

428 3024 617 3087 eductionem
644 3022 758 3086 caudae
785 3023 815 3085 iu
843 3041 915 3084 ursa
942 3022 1065 3100 majore.
1112 3020 1195 3081 Haec
1225 3020 1251 3082 si
1279 3019 1360 3081 circa
1390 3016 1420 3084 9.
1450 3018 1499 3085 19.
1523 3022 1598 3085 Dec.
1628 3024 1777 3087 altissima

427 3111 515 3175 simul
538 3120 570 3174 et
591 3111 756 3175 humillima
778 3112 1006 3183 observaretur,
1041 3127 1143 3170 mensa
1166 3127 1236 3171 vero
1255 3108 1383 3179 Martio.
1407 3109 1476 3172 dum
1499 3108 1552 3173 Sol
1576 3120 1624 3174 est
1647 3113 1678 3176 iu
1702 3131 1776 3193 qna-

428 3203 514 3264 drato
538 3202 622 3276 loco,
651 3219 767 3263 rursum
790 3209 947 3281 caperetur
970 3198 1117 3260 alterutra
1139 3198 1203 3277 ejus
1226 3198 1373 3273 altitudo,
1398 3218 1446 3261 res
1470 3201 1541 3262 mihi
1564 3211 1596 3263 et
1618 3211 1654 3265 ιι
1676 3202 1778 3283 opinor

428 3290 628 3353 astronomiae
642 3289 803 3351 utilissima
818 3299 919 3350 esset:
944 3286 1122 3365 praesertim
1140 3287 1167 3349 si
1181 3286 1260 3351 iuter
1273 3286 1360 3349 binas
1374 3286 1558 3365 altitudines,
1574 3309 1649 3370 quas
1665 3311 1776 3372 aequa·

427 3380 472 3441 les
491 3379 554 3440 fore
578 3397 692 3460 speras,
717 3377 819 3458 aliqua
841 3383 1002 3458 appareret
1024 3374 1201 3437 differentia
1244 3375 1332 3437 Nunc
1354 3395 1402 3438 ιιι
1425 3388 1599 3441 convertam
1622 3383 1663 3453 ad
1686 3380 1754 3443 alia.

517 3465 768 3546 Gruppenbachio
801 3483 889 3545 spero
914 3465 979 3544 jam
1010 3463 1210 3527 satisfactum.
1256 3464 1359 3527 Mater
1388 3485 1456 3529 mea
1488 3487 1571 3548 spem
1603 3471 1677 3533 inihi
1709 3467 1777 3530 iecit

428 3554 471 3620 20
494 3556 672 3617 florenorum
695 3555 733 3616 ad
757 3554 813 3615 hoc
836 3554 954 3615 instans
977 3560 1114 3633 tempus,
1142 3571 1216 3634 qnos
1239 3572 1273 3615 se
1297 3553 1399 3632 ajebat
1421 3564 1490 3619 tuae
1515 3559 1670 3623 custodiae
1694 3577 1775 3622 corn·

427 3647 603 3719 missuram,
642 3651 676 3706 ut
707 3663 780 3717 eos,
819 3643 1062 3723 quandocumque
1099 3642 1223 3705 nuncius
1255 3643 1421 3722 Tubinqam
1452 3647 1602 3728 appellat,
1641 3658 1775 3729 promtos

428 3734 570 3816 reperiat.
615 3732 685 3795 Etsi
707 3751 778 3795 vero
801 3740 875 3794 uota
898 3731 971 3794 mibi
999 3741 1047 3793 est
1079 3731 1144 3811 ejus
1177 3732 1206 3793 in
1235 3731 1282 3794 his
1310 3732 1399 3795 rebus
1429 3735 1589 3798 difficultas
1621 3749 1654 3800 et
1685 3755 1774 3806 more,

428 3834 528 3886 tamen
553 3841 672 3884 monere
696 3821 734 3885 D.
759 3821 989 3906 Praeceptorem
1012 3822 1103 3896 volui,
1127 3820 1155 3883 si
1177 3821 1230 3883 illa
1253 3840 1368 3884 summa
1391 3832 1569 3902 numeretur,
1593 3834 1628 3889 ιι
1649 3847 1717 3890 eam
1731 3824 1774 3893 D·

429 3915 610 3991 Praeceptor
633 3931 734 3974 secum
756 3910 907 3990 tantisper
929 3911 1073 3985 retineat,
1099 3909 1181 3985 dum,
1207 3911 1277 3994 quid
1299 3912 1353 3973 illa
1375 3912 1438 3976 lieri
1461 3915 1567 3990 velim,
1595 3934 1649 3995 per
1673 3917 1774 3979 literas

428 4001 601 4082 significem.
642 4001 745 4083 Atque
768 4001 860 4062 etiam
883 3999 989 4062 nuncio
1013 3999 1044 4062 id
1066 4000 1218 4079 negotium
1240 3998 1319 4076 dedi,
1342 4009 1376 4064 nt
1397 4012 1506 4081 poscet
1528 4003 1612 4067 illam
1635 4015 1774 4076 amatre,

428 4092 454 4153 si
478 4089 531 4151 tibi
557 4090 686 4152 noudum
709 4098 896 4151 numeratam
918 4089 1080 4169 intelligat.
1489 4094 1493 4103 '

515 4179 619 4260 Nuper
642 4178 670 4240 iu
686 4179 807 4242 Italiam
831 4179 899 4241 misi
922 4178 943 4242 2
968 4177 1151 4258 exemplaria
1173 4176 1231 4239 mci
1254 4178 1388 4258 opusculi
1407 4180 1486 4254 (sive
1500 4182 1545 4244 tui
1559 4181 1686 4263 potius),
1701 4198 1773 4262 qnae

429 4267 601 4349 gratissimo
634 4277 665 4329 et
694 4267 901 4332 lubentissimo
929 4268 1028 4330 auimo
1056 4266 1174 4346 aceepit
1196 4267 1356 4331 Paduanus
1379 4270 1628 4347 mathematicus,
1660 4269 1773 4335 neruiue

429 4357 586 4421 Galilaeus
612 4356 789 4432 Galilaeus,
823 4358 866 4420 uti
895 4376 928 4419 se
957 4356 1145 4437 subscripsit.
1191 4356 1249 4418 Est
1272 4358 1352 4418 euim
1375 4367 1407 4421 et
1428 4360 1493 4440 ipse
1517 4361 1546 4423 iu
1570 4358 1773 4440 Copornicaua

427 4446 546 4509 haeresi
569 4446 637 4507 inde
661 4469 680 4507 a
703 4448 805 4508 multis
829 4447 927 4509 annis.
971 4446 1068 4510 Unum
1092 4445 1245 4526 exemplar
1266 4446 1350 4508 misit
1371 4448 1498 4512 Romam
1521 4449 1772 4531 etplurahabere

429 4534 622 4597 desideravit.
673 4536 820 4616 Equidem
853 4536 930 4598 scire
954 4554 1044 4608 aveo,
1074 4531 1343 4615 Gruppenbachius
1367 4556 1426 4618 qna
1448 4539 1567 4602 fortuna
1589 4539 1631 4601 sit
1651 4558 1723 4602 usus
1744 4536 1772 4596 in

428 4623 623 4686 distractione
652 4624 878 4705 exemplarium,
911 4634 943 4687 et
972 4624 999 4685 si
1022 4624 1088 4704 quis
1111 4623 1228 4686 interea
1250 4624 1377 4687 celebris
1400 4627 1445 4690 vir
1467 4628 1499 4690 in
1521 4638 1604 4690 tuam
1625 4629 1773 4691 notionem

427 4713 554 4789 venerit,
578 4713 629 4793 qui
650 4714 773 4778 veritati
797 4713 876 4774 terat
895 4713 1078 4794 suffragium.
1093 4744 1135 4756 -
1150 4713 1245 4776 Ursus
1258 4713 1361 4794 Praga
1384 4717 1423 4778 ed
1445 4736 1493 4779 me
1515 4717 1646 4798 scripsit,
1669 4724 1771 4800 petens

427 4802 621 4884 exemplaria,
645 4803 692 4865 cui
715 4801 851 4885 quamvis
873 4803 992 4867 minime
1016 4800 1103 4882 gravi
1121 4802 1246 4878 authori,
1270 4802 1381 4866 indulsi
1394 4814 1507 4879 tamen,
1530 4807 1600 4889 quia
1617 4819 1771 4870 caesareus

427 4899 477 4956 est
498 4891 745 4969 mathematicus,
777 4890 907 4974 mihique
937 4912 997 4974 qua
1023 4889 1167 4973 prodesse
1195 4910 1254 4972 qna
1280 4891 1388 4958 obesse
1418 4903 1532 4980 potest
1564 4896 1669 4962 Ῥιιιι
1695 4891 1787 4959 euim
