3878 5840
702 402 861 468 Meum
878 400 1029 454 asrncrttur.
1292 433 1303 447 ·
1480 398 1548 469 dli

742 561 874 625 Thesis
896 561 986 624 XIX.

281 645 387 709 Tertia
409 667 502 711 cansa
524 649 762 729 praedictionum
783 652 910 737 physica
933 657 983 713 est
994 647 1176 730 reliquorum
1198 649 1437 727 planetarum
1460 652 1547 714 varia

190 741 311 809 natura,
335 754 412 817 quas
434 737 493 817 ipsi
517 739 632 800 colores
646 741 785 819 produnt
831 738 898 810 Quo
912 740 979 802 loco
990 737 1205 812 erraverimus,
1230 735 1257 798 si
1271 744 1398 817 quatuor
1416 740 1546 803 usitatas

191 823 355 906 qualitates
383 826 464 888 inter
489 825 632 906 planetas
660 826 888 891 distribuamus.
934 828 1045 908 Frigus
1073 826 1152 886 enisu
1181 834 1212 887 et
1240 825 1363 889 siccitas
1390 845 1450 889 nnn
1474 836 1546 891 sunt

191 913 359 994 positivae,
391 915 448 976 sed
475 915 645 994 privativae
679 916 753 979 locis
784 925 816 979 ιι
843 924 1010 1007 cognatae
1023 915 1140 977 animae
1168 913 1354 978 affectiones
1400 914 1480 978 Nam
1501 917 1544 978 ibi

192 1000 289 1104 frigus
311 1009 345 1064 et
367 1002 490 1066 siccitas
512 1012 563 1067 est
585 1023 712 1078 somma,
733 1006 785 1068 obi
808 1007 860 1068 lux
883 994 1010 1075 omnis,
1014 1004 1116 1066 anima
1137 1005 1235 1066 omnis
1257 1003 1385 1084 ideoque
1407 1011 1439 1066 et
1461 1006 1545 1068 calor

189 1090 289 1153 omnis
312 1091 411 1154 ιιιιι
457 1091 535 1155 Gom
561 1093 664 1194 itaque
693 1114 731 1155 ex
758 1094 843 1157 coelo
866 1090 941 1156 nihii
969 1093 1009 1155 ad
1031 1111 1087 1155 ons
1110 1092 1169 1154 nisi
1192 1093 1243 1155 lox
1274 1093 1432 1164 stellarum
1454 1093 1542 1156 dela-

189 1181 289 1291 batur,
313 1181 409 1277 frigus
431 1190 514 1244 certe
538 1189 570 1243 et
591 1181 715 1244 siccitas
737 1202 792 1264 per
814 1201 883 1244 sese
905 1200 965 1244 non
988 1181 1156 1244 delabetur

748 1271 882 1334 Thesis
905 1271 978 1333 XX.
1220 1314 1224 1319 -

277 1354 343 1419 Nos
375 1365 408 1418 ιι
433 1357 570 1420 ιιιίιιιι
598 1359 789 1439 planetarum
823 1358 905 1421 vires
936 1367 970 1420 et
1006 1375 1160 1419 numerum
1192 1356 1283 1418 aliter
1309 1363 1341 1419 et
1372 1358 1451 1421 inrte
1481 1378 1540 1422 non

188 1443 396 1507 inconcinnius
420 1446 617 1520 dedocemus,
642 1466 732 1527 quam
746 1447 933 1511 Aristoteles
955 1466 1012 1509 sua
1034 1452 1162 1527 quatuor
1185 1446 1335 1509 elementa
1360 1464 1398 1508 ex
1413 1456 1542 1527 quatuor
1581 1490 1586 1499 ι

189 1532 372 1614 qualitatum
395 1534 675 1598 combinationibns.
723 1537 864 1601 Variatio
878 1536 975 1598 omnis
997 1555 1017 1596 a
1034 1533 1300 1613 contrarietatibus
1319 1542 1377 1609 est,
1401 1544 1433 1597 ιι
1445 1537 1542 1615 prima

188 1621 346 1702 oprimis.
392 1622 526 1685 Primam
545 1624 793 1687 contrarietatem
816 1625 1001 1687 Aristoteles
1023 1623 1053 1685 iu
1077 1620 1293 1704 metaphysicis
1315 1623 1423 1703 recipit
1446 1624 1539 1700 illam,

129 1752 142 1765 -
187 1729 266 1791 quae
284 1718 333 1772 ιιι
354 1710 434 1773 inter
460 1712 554 1773 idem
585 1721 617 1773 et
645 1714 759 1776 alinde
792 1714 897 1776 volens
927 1731 1020 1792 sopra
1047 1711 1244 1791 geometriam
1274 1711 1367 1773 altius
1389 1720 1421 1774 et
1444 1728 1541 1792 genc-

186 1799 294 1877 raiius,
310 1799 525 1879 philosophari.
579 1801 657 1863 Mihi
686 1801 826 1865 alteritas
849 1801 880 1862 in
906 1802 1018 1863 creatis
1047 1800 1131 1862 nulla
1162 1799 1282 1861 aliunde
1312 1818 1380 1861 esse
1410 1800 1539 1876 videon,

188 1906 279 1967 qoam
301 1907 340 1949 ex
362 1890 492 1951 materia
518 1895 573 1950 aut
600 1891 758 1953 necmione
789 1890 952 1962 materiae,
982 1896 1017 1951 at
1037 1888 1088 1950 nbi
1115 1888 1259 1963 materia,
1291 1888 1335 1950 ibi
1362 1889 1538 1968 geometris.
1598 1940 1601 1951 .

187 1978 295 2057 ltaque
318 1994 409 2057 qnam
423 1977 607 2040 Aristoteles
630 1979 709 2041 dixit
729 1978 858 2058 primam
882 1977 1129 2040 contrarietatem
1151 1977 1217 2037 sinc
1235 1975 1332 2038 medin
1354 1975 1436 2039 inter
1458 1977 1539 2039 idem

191 2074 225 2133 ιι
247 2066 348 2138 aliod,
377 2083 443 2128 eam
471 2082 529 2144 ego
551 2065 583 2128 in
610 2069 815 2147 geometricis,
848 2067 1054 2148 philosophice
1079 2062 1296 2137 consideratis,
1327 2064 1447 2127 invenio
1470 2084 1540 2126 esse

185 2155 313 2234 primam
336 2154 455 2234 quidem
477 2156 740 2231 contrarietatem,
765 2157 819 2218 sod
842 2174 911 2218 cum
933 2156 1046 2230 medio,
1071 2153 1115 2216 sic
1138 2152 1272 2233 quidem,
1304 2160 1339 2215 nt
1362 2155 1441 2233 quod
1463 2154 1541 2217 Ari·

187 2243 295 2304 stoteli
318 2243 376 2305 fuit
398 2242 523 2317 alind,
548 2263 623 2306 unns
645 2246 806 2320 terminus,
832 2264 900 2307 eum
923 2262 978 2306 nos
1001 2244 1031 2305 in
1055 2243 1137 2322 plns
1161 2248 1193 2303 et
1214 2238 1362 2317 minus‚'=
1377 2243 1453 2305 does
1474 2250 1543 2305 ter-

187 2331 284 2393 minos
317 2330 500 2393 dirimamus.
554 2330 632 2395 Cum
664 2352 736 2413 ergo
769 2332 937 2412 geometria
972 2332 1032 2394 toti
1063 2331 1172 2393 mondo
1204 2331 1336 2392 creando
1350 2327 1543 2410 'praebuerit
1596 2390 1599 2399 ,

186 2420 354 2499 exemplar,
377 2438 437 2482 non
459 2419 563 2500 inepte
585 2421 661 2483 haec
684 2423 870 2502 geometrica
892 2421 1096 2483 contrarietas
1119 2419 1157 2481 ad
1182 2426 1321 2482 ornatum
1341 2419 1542 2503 mondi,‘qoi
1570 2446 1590 2513 ἰ·

186 2507 327 2571 musnet
347 2508 378 2569 in
400 2506 528 2570 vau’atis
550 2511 740 2591 planetarum
759 2510 882 2584 viribus,
906 2516 1074 2572 concurrat.
1571 2516 1576 2525 “

738 2598 873 2660 Thesis
894 2597 984 2660 XXI.

275 2683 339 2748 Sed
361 2701 427 2748 com
449 2683 481 2745 bi
503 2685 642 2755 termini:
667 2686 755 2762 idem,
780 2687 872 2763 ahod,
893 2687 1033 2766 aequale,
1058 2684 1136 2764 plus,
1161 2681 1274 2758 ιιίιιι,
1298 2699 1352 2761 per
1376 2700 1445 2745 sese
1466 2682 1541 2746 nihil

186 2773 373 2863 significant,
407 2773 445 2834 de
473 2774 657 2854 subjectis'
648 2775 724 2855 rpsis
753 2775 948 2866 cogitandum
976 2780 1035 2835 est.
1083 2770 1229 2850 Subjccta
1259 2778 1374 2845 autem,
1407 2790 1461 2832 seo
1490 2791 1541 2833 ιιι

188 2863 355 2937 naturales,
379 2861 486 2943 quibus
511 2863 569 2924 hae
592 2871 767 2965 competant
790 2858 1025 2935 enuntiationes,
1049 2858 1121 2921 inde
1134 2858 1291 2920 habentor.
1337 2858 1543 2941 Proposuerat

189 2951 247 3015 sibi
271 2909 419 3013 Conditor
441 2950 684 3030 sapientissimus
707 2953 848 3013 mundum
870 2949 1056 3012 ιοιιιιιιιιι
1080 2962 1264 3025 corporeum.
1310 2947 1443 3011 Primum
1468 2965 1540 3028 ergo

188 3048 278 3121 atque
301 3047 473 3102 creaturam
487 3041 636 3120 concepit,
660 3040 821 3102 materiam
837 3038 992 3119 concepit,
1017 3055 1107 3117 qoam
1131 3054 1169 3097 ex
1182 3035 1271 3096 Mose
1294 3035 1406 3098 scimus
1420 3055 1538 3119 aquam,

193 3131 249 3191 hoc
273 3136 334 3206 ιιι,
357 3128 527 3204 humidam,
552 3129 760 3204 ιιιιιιιίιιιι,
792 3128 915 3192 fictilem
938 3126 1043 3189 fuisse.
1089 3124 1174 3185 Haec
1198 3141 1269 3203 ergo
1292 3142 1353 3185 uns
1375 3143 1425 3186 res
1448 3132 1539 3187 nato-

187 3218 262 3282 ralis
284 3225 350 3289 est,
379 3218 484 3279 humor
506 3218 633 3297 scilicet.
679 3218 726 3280 At
753 3236 812 3279 non
837 3215 956 3280 suffecit
977 3213 1128 3277 conditori
1155 3230 1263 3292 cerpus
1287 3212 1404 3288 mundi,
1427 3213 1488 3276 nisi
1509 3214 1541 3275 id
1563 3224 1586 3317 ι.

190 3314 223 3369 ιι
246 3306 394 3369 conditori
417 3306 504 3368 heret
526 3307 743 3388 quodammodo
767 3305 882 3381 simile,
913 3310 1057 3383 suscepta
1078 3303 1143 3364 vita
1165 3309 1198 3363 ιι
1219 3308 1312 3363 moto
1358 3300 1445 3365 Ηιιι
1468 3314 1570 3383 ergo

187 3396 286 3459 altera
307 3414 357 3457 ιιι
380 3401 443 3457 est:
477 3396 543 3458 vita
565 3396 693 3459 scilicet.
732 3395 813 3458 Jam
844 3394 914 3476 quia
944 3394 981 3456 de
1015 3392 1171 3475 stellarum
1195 3389 1309 3452 viribus
1339 3391 1568 3473 disputamoss
1559 3412 1567 3469 J

187 3503 262 3564 quas
285 3483 459 3547 exercent
450 3502 481 3545 ιι
503 3484 551 3546 his
573 3483 781 3548 inferioribus:
806 3482 1074 3556 considerandum,
1098 3481 1239 3559 quidnam
1263 3499 1282 3540 a
1305 3479 1403 3542 stellis
1427 3481 1466 3545 ad
1486 3500 1541 3543 nos

187 3572 363 3635 descendat.
408 3572 477 3634 Non
507 3574 636 3635 materia
662 3573 711 3635 vel
741 3590 848 3651 corpus
870 3573 986 3651 ipsom3
1016 3588 1086 3631 nam
1108 3569 1142 3629 id
1164 3574 1214 3629 est
1236 3574 1328 3629 antea
1353 3586 1448 3651 penes
1471 3589 1537 3632 nos.

186 3662 255 3725 Non
279 3660 345 3722 vita
367 3661 435 3740 ipsa
458 3660 660 3740 originaliter:
685 3660 764 3721 hanc
787 3660 865 3721 enirn
887 3660 1013 3720 trahunt
1034 3654 1170 3718 viventia
1187 3654 1289 3715 omnia
1311 3674 1350 3716 ex
1373 3656 1541 3737 agitatione

187 3749 319 3820 animae,
351 3766 428 3828 qnae
459 3748 489 3809 in
517 3749 594 3828 ipsis
617 3755 675 3809 est.
722 3746 848 3809 Scilicet
874 3766 934 3808 non
962 3751 1110 3825 generant
1137 3742 1257 3816 stellae,
1292 3744 1346 3804 sed
1380 3744 1535 3823 adJnvant

187 3837 266 3898 Sunt
289 3854 361 3915 ergo
385 3855 404 3896 a
426 3843 514 3914 parte
536 3835 737 3898 instrumenti.
784 3833 1034 3897 Instrumentales
1057 3831 1150 3911 igitur
1164 3831 1328 3911 qualitates
1351 3831 1439 3894 nobis
1462 3850 1537 3911 sup-

187 3923 344 4000 peditant:
369 3922 444 3984 duas
468 3923 507 3985 ad
530 3925 654 3987 duarum
678 3943 777 3986 rerum
800 3921 981 3985 naturalium
1003 3938 1171 3981 numemm:
1196 3918 1234 3980 ad
1254 3919 1399 3981 materiae
1419 3927 1538 3981 tracta-

191 4009 341 4072 bilitatcm
364 4011 557 4074 humectandi
579 4012 610 4073 vi
631 4014 797 4093 pollentes,
821 4012 859 4073 ad
881 4011 965 4073 vitae
989 4014 1022 4071 et
1042 4014 1142 4070 motus
1165 4007 1313 4081 iumenta,
1338 4006 1537 4073 calfaciendi:

187 4106 344 4179 utramque
370 4099 509 4162 obtinent
540 4108 573 4162 et
595 4109 737 4165 exercent
763 4098 1021 4174 beneficiolum,
1047 4114 1135 4177 qoam
1163 4096 1319 4158 obtinuere
1349 4106 1382 4158 et
1411 4099 1450 4161 ad
1482 4116 1538 4159 nos

182 4187 299 4269 jugiter
320 4187 492 4251 demittunt
539 4190 631 4251 Lucis
654 4191 746 4271 igitur
767 4188 891 4270 propris
913 4187 1054 4268 qualitas,
1080 4192 1228 4265 quatenus
1247 4185 1300 4247 lox
1313 4193 1370 4262 est,
1395 4186 1539 4251 callactis

187 4285 250 4340 eat:
275 4277 350 4341 lucis
372 4294 453 4354 vero,
478 4285 625 4358 quatenos
648 4279 821 4355 reflectitur,
847 4276 978 4358 qualitas
1001 4282 1051 4337 ιιι
1071 4273 1267 4337 humectatio'.
1283 4269 1324 4347 ¹²)

732 4366 866 4430 Thesis
887 4365 992 4428 XXII.

275 4455 361 4518 Duas
383 4472 457 4536 ergo
480 4453 644 4518 facultates
667 4455 828 4519 habemns:
852 4453 1063 4518 collectionem
1086 4458 1119 4512 ιι
1140 4450 1439 4526 humectationem·
1430 4471 1461 4514 ιι
1481 4453 1539 4515 tri-

186 4543 258 4624 plici
272 4544 437 4625 quamlibet
451 4542 632 4620 discrimine,
656 4560 793 4620 excessu,
817 4542 1035 4616 mediocritate,
1056 4540 1186 4602 deiecto.
1234 4539 1409 4616 Videamus,
1427 4548 1540 4623 quanta

187 4633 322 4696 varietas
349 4633 419 4695 inde
443 4638 596 4713 sequatur.
641 4633 780 4695 Primum
806 4639 934 4713 possunt
961 4649 1030 4692 esse
1054 4627 1209 4690 solitariae
1239 4628 1422 4691 facultates:
1456 4630 1540 4693 calor

187 4721 217 4783 in
240 4738 377 4796 excessu,
400 4720 620 4796 mediocritate,
645 4722 775 4785 deiectu
822 4716 1043 4783 Homectatic
1033 4737 1065 4779 ιι
1080 4732 1216 4793 ιιιιιιι,
1239 4716 1457 4792 mediocritate,
1482 4718 1538 4779 de-

188 4811 280 4872 iaetu
325 4808 396 4872 Hic'
407 4818 479 4871 sont
500 4809 687 4872 differentiae
709 4827 775 4872 sex.
821 4809 938 4871 Deinde
961 4827 999 4868 ex
1022 4806 1242 4869 combinatione
1264 4804 1419 4885 utriusque
1440 4805 1539 4868 facul

186 4898 419 4962 oecononum
442 4898 629 4962 differem
652 4917 770 4974 novem,
795 4877 875 4980 qued
899 4914 937 4960 ex
959 4896 1075 4959 tabella
1096 4902 1185 4976 patet
1206 4894 1332 4957 inferius
1352 4894 1467 4974 posita.
