3788 5828
693 417 929 484 commu.

692 629 812 730 Caput
837 626 928 708 XX

449 790 541 869 Quae
561 790 604 853 ait
621 788 788 873 properio
805 797 947 852 meatem
964 788 1010 851 od
1032 790 1129 853 orbes.
1144 793 1172 865 ⁸)

218 934 324 1014 Atque
347 932 495 995 haetenus
518 932 637 1013 quidem
659 930 832 1010 expeditum
857 941 905 993 est
928 941 1137 1011 argumentum
1159 932 1243 1017 illqd,
1269 951 1326 1012 quo
1342 952 1399 1013 ego
1421 936 1490 1015 plu·

128 1024 237 1086 rimum
269 1022 386 1084 roboris
419 1021 521 1084 afferri
546 1030 620 1101 puto
649 1020 770 1083 novatis
797 1021 1033 1100 hypothesibus.
1068 1021 1378 1101 demonstratumque,
1412 1025 1490 1104 quod

128 1113 323 1192 proportione
347 1111 476 1191 quinque
498 1107 680 1191 regularium
703 1127 860 1188 corporum
884 1117 1008 1172 utantur
1021 1108 1199 1187 duocqpoeu
1213 1110 1327 1171 orbium
1342 1112 1371 1172 in
1391 1112 1490 1194 hypo-

128 1201 268 1265 thesibus
290 1198 459 1282 Coperuici.
493 1200 661 1261 Videamus
685 1198 785 1268 modo,
809 1206 908 1260 utrum
930 1199 1027 1260 altero
1051 1199 1143 1261 etiam
1162 1206 1339 1278 argumento
1362 1220 1401 1262 ex
1423 1222 1491 1265 mo-

128 1291 210 1353 tibus
234 1290 363 1351 deducto
385 1288 504 1369 possint
527 1296 559 1350 et
580 1305 678 1349 novae
702 1286 885 1369 hypotheses
908 1297 940 1349 et
962 1286 1019 1349 hoe
1042 1287 1128 1367 ipsae
1149 1289 1265 1350 orbium
1290 1287 1491 1355 dimensiones

128 1379 355 1460 Ceperoicauae
378 1378 556 1450 confirmari,
580 1385 671 1457 atque
694 1376 724 1436 in
747 1375 939 1456 proportione
964 1384 1096 1439 motuum
1119 1378 1158 1439 ad
1179 1375 1356 1455 ἄποςηματα
1379 1381 1491 1443 certior

128 1469 208 1531 ratio
231 1487 270 1529 ex
293 1465 471 1551 Copemioo,
497 1485 586 1548 quam
610 1483 649 1526 ex
672 1464 795 1526 usitatis
819 1464 1046 1545 hypothesibus,
1071 1465 1184 1529 haberi.
1231 1463 1301 1536 Qua
1319 1468 1349 1529 in
1364 1488 1396 1530 re
1420 1469 1490 1531 dnm

128 1557 342 1637 amplitudines
366 1556 479 1618 orbium
507 1555 661 1634 proximae
685 1551 902 1634 Copernicanis
930 1573 967 1615 ex
990 1563 1123 1617 motuum
1146 1560 1322 1633 reprobarem
1345 1559 1490 1638 tempori·
1581 1604 1584 1609 >

127 1648 184 1709 bos
207 1647 284 1708 bene
309 1645 440 1726 cognitis
464 1655 598 1718 exstruo,
624 1643 692 1703 lave
717 1643 814 1706 facilis
829 1642 941 1705 Uranie
964 1643 1163 1723 pulcherrimo
1183 1644 1312 1722 conatui,
1337 1656 1408 1709 tuus
1426 1647 1491 1727 jam
1568 1666 1576 1681 ·

127 1737 222 1798 honos
245 1736 356 1815 egitur.

216 1825 357 1897 Primum*
379 1841 483 1885 omues
511 1827 635 1900 optant,
668 1828 702 1881 ot
730 1837 786 1900 quo
811 1820 927 1899 lougius
955 1820 1082 1900 quilibet
1113 1820 1195 1883 orbis
1224 1820 1313 1884 abest
1342 1822 1491 1899 emedio,

127 1924 214 1977 tanto
242 1913 371 1976 tardiori
397 1919 480 1974 motu
509 1909 639 1972 incedat.
680 1908 765 1971 Nihil
793 1909 872 1971 enim
901 1909 1012 1971 rationi
1043 1909 1141 1989 magia
1169 1916 1219 1971 eat
1246 1919 1491 1987 consentaneum,

127 2012 210 2066 teste
233 2003 333 2065 Arist.
361 2001 415 2064 lib.
438 2000 479 2062 Η.
504 1999 541 2062 de
566 1995 660 2060 Coelo
682 2016 749 2077 cap.
777 1995 828 2061 10.
857 2015 945 2076 quam
978 2019 1053 2060 roca
1080 2001 1166 2077 loyor
1187 2003 1333 2079 γιγησθαι
1354 2022 1409 2072 rue
1430 1995 1493 2064 iau·

128 2116 184 2167 coo
211 2113 334 2171 mquam
359 2112 420 2161 rom
447 2087 629 2165 ἆιοςημασι.
675 2083 744 2157 Quo
773 2087 839 2148 loeo
867 2087 927 2148 etsi
954 2086 1152 2168 philosophus
1180 2087 1309 2151 alienam
1337 2089 1426 2152 affert
1453 2092 1492 2153 ab

128 2182 271 2245 instituto
299 2184 404 2242 nostro
434 2177 582 2241 rationem
612 2175 754 2249 alteram,
787 2176 906 2237 scilicet
934 2176 1179 2255 impedimentum
1211 2177 1250 2239 ah
1284 2178 1500 2241 occursatione·

128 2267 330 2354 pernicissimi
352 2266 441 2349 primi
456 2265 597 2338 mobilis,
631 2273 733 2326 tamen
757 2272 789 2325 et
817 2265 915 2327 altera
942 2265 1059 2327 ratione
1082 2283 1136 2345 pro
1164 2285 1210 2328 me
1239 2266 1336 2328 adhuc
1364 2277 1396 2330 et
1426 2277 1493 2331 tota

128 2360 286 2423 sententia
308 2366 416 2419 contra
437 2355 645 2417 Ptolemaeum
668 2361 833 2434 contraque
858 2373 891 2416 se
914 2353 1011 2432 ipsum
1034 2354 1156 2417 militat.
1201 2354 1310 2417 Placet
1336 2353 1380 2418 illi
1404 2376 1491 2418 nam-

128 2469 196 2533 que,
220 2455 322 2512 motus
347 2445 563 2526 aequalitatem
586 2464 605 2504 a
631 2443 796 2505 motoribus
819 2442 850 2505 in
874 2460 977 2505 omnes
1000 2442 1088 2505 orbes
1109 2444 1219 2519 venire,
1243 2443 1491 2525 inaequalitatem

127 2538 244 2601 reditus
267 2536 306 2598 ab
330 2535 452 2598 orbibus
476 2532 550 2613 ipsis
574 2531 707 2593 causari:
732 2540 767 2594 ut
790 2530 913 2594 Saturni
937 2531 1056 2611 quidem
1080 2531 1233 2613 quaelihet
1251 2531 1402 2615 particula
1425 2542 1490 2597 tatu

127 2629 170 2690 ait
197 2627 303 2699 velox,
338 2643 428 2706 quam
457 2632 505 2684 est
532 2622 633 2683 intima
660 2621 765 2682 Lunae
797 2620 929 2700 sphaera
961 2620 991 2681 vi
1019 2622 1159 2683 motionis
1187 2623 1337 2702 aequalis:
1370 2623 1424 2686 sed
1448 2623 1492 2685 illi

125 2719 190 2797 jam
213 2715 345 2787 accidat,
370 2722 405 2775 ut
427 2710 556 2790 amplius
579 2718 672 2771 nacta
694 2709 834 2789 spatium,
858 2728 925 2771 cum
947 2727 1005 2770 non
1030 2709 1152 2772 citatior
1174 2711 1217 2772 sit
1230 2712 1349 2786 ceteris,
1376 2711 1492 2774 tardius

129 2806 249 2868 redeat·
299 2802 396 2884 Atqui
428 2801 526 2862 viliori
559 2799 617 2861 hac
647 2797 832 2879 aequalitate
864 2798 1062 2878 philosophus
1094 2798 1124 2861 in
1158 2808 1293 2862 vetemm
1328 2800 1492 2863 traditione

129 2895 221 2977 potiri
241 2911 300 2955 uon
324 2891 438 2974 potuit,
464 2889 534 2970 quia
557 2907 682 2950 necesse
705 2895 786 2961 erat,
811 2894 845 2948 nt
867 2886 964 2949 tribus
985 2887 1118 2965 planetis
1141 2887 1342 2968 inaequalium
1365 2889 1491 2962 orbium,

131 2984 207 3058 Soli,
233 2982 362 3055 Veneri,
387 2978 537 3041 Mercurio
561 2978 704 3057 aequales
728 2976 843 3038 reditus
866 2975 1049 3050 tribuerent,
1074 2983 1165 3055 atque
1188 2977 1232 3038 sic
1256 2995 1376 3056 semper
1398 2994 1491 3055 supe·
1574 3000 1579 3005 ·

129 3074 241 3137 riorem
265 3072 293 3133 in
318 3068 390 3131 orbe
413 3086 472 3130 suo*
491 3066 661 3129 citatiorem
685 3064 840 3127 efficerent
853 3063 995 3126 inferiori.
1041 3065 1076 3126 Iu
1092 3062 1258 3145 Copernieo
1276 3067 1375 3145 prima
1392 3067 1491 3129 fronte

130 3163 205 3224 talis
231 3160 319 3223 offert
341 3177 409 3221 sese
432 3155 597 3238 proportio.
643 3154 722 3218 Nam
744 3172 799 3215 sex
822 3153 936 3215 orbium
950 3151 1103 3216 mobilium
1121 3171 1240 3234 semper
1263 3154 1312 3236 qui
1336 3153 1492 3236 angustior

129 3259 189 3324 est,
216 3249 304 3312 citius
327 3247 417 3311 redit.
462 3244 607 3308 Mercurii
630 3262 757 3325 namque
781 3261 885 3305 cursus
899 3242 1062 3305 trimestris
1082 3250 1139 3316 est,
1164 3243 1295 3306 Veneris
1319 3244 1491 3326 sesquiocto

128 3340 292 3411 mensium,
322 3338 436 3399 Terrae
459 3354 590 3411 annuus,
624 3334 735 3397 Martis
759 3332 870 3409 bimus,
903 3330 990 3395 Jovis
1014 3331 1184 3408 duodecim,
1217 3330 1342 3396 Saturni
1364 3334 1492 3413 triginta
1575 3336 1582 3342 “

129 3447 287 3492 annorum.
337 3427 449 3488 Verum
473 3425 562 3487 eiad
584 3424 716 3487 calculos
739 3441 873 3499 revoces,
897 3422 944 3487 ita
966 3428 1000 3485 ut
1022 3429 1136 3501 quanta
1159 3429 1207 3483 est
1223 3422 1378 3503 proportio
1391 3432 1491 3486 motus

129 3518 256 3582 Saturni
280 3516 320 3579 ad
351 3516 498 3578 ambitum
529 3513 611 3576 orbis
643 3513 708 3575 sive
731 3512 770 3575 ad
801 3512 978 3575 distantiam
1010 3511 1132 3585 (eadem
1162 3511 1241 3573 enim
1264 3520 1312 3575 est
1337 3513 1492 3592 proportio

128 3609 317 3682 circulorum,
342 3623 418 3685 quae
433 3603 748 3677 semidiametrorum)‚
770 3609 890 3664 tantam
904 3602 997 3664 etiam
1016 3600 1111 3663 facias
1133 3601 1356 3682 proportionem
1370 3610 1491 3664 cetero-
1519 3616 1534 3637 ‘

129 3716 196 3759 rum
211 3703 346 3759 motuum
369 3694 513 3773 cujusque
537 3692 575 3753 ad
599 3710 684 3753 suum
707 3692 826 3752 orbem:
852 3690 1059 3769 deprehendes
1074 3691 1221 3770 ejusmodi
1238 3689 1405 3770 simplicem
1418 3710 1492 3772 pro·

127 3788 298 3867 portionem
323 3802 380 3844 non
405 3782 516 3845 habere
541 3781 647 3843 locum.
696 3777 790 3859 Cujus
814 3779 858 3841 rei
880 3798 956 3859 cape
979 3779 1056 3840 hane
1079 3780 1224 3843 tabellam
1248 3779 1387 3843 iudicem.

133 3974 528 4098 -,..-,,6.·,.’
750 3984 753 4071 l
919 3984 922 4081 l
1089 3982 1093 4101 l

332 4085 417 4146 Dies.
442 4103 501 4146 scr.
625 4065 655 4141 Ίῑ
734 4110 754 4162 ,ι

126 4172 523 4191 --ο--ι--ι--ιι-
1090 4122 1095 4257 ,

239 4193 259 4273 t
332 4190 437 4258 rome
464 4162 527 4263 121
553 4174 638 4236 Dies·
663 4193 721 4235 scr·
755 4163 923 4252 ...t-1

352 4278 439 4346 6669
523 4277 641 4357 grear
680 4246 1093 4364 auQrssz

356 4369 439 4435 ruer
522 4367 640 4455 irasa
769 4361 834 4431 oso
860 4363 902 4431 66
925 4288 1263 4455 Qssl

354 4458 438 4524 1174
522 4454 639 4535 ξ643
746 4453 833 4543 gesa
919 4410 1004 4535 laea
1033 4423 1488 4542 15.QQ5„7.i-„

372 4547 438 4614 em
574 4543 638 4610 666
746 4542 832 4631 ,325
919 4543 1005 4610 moa
1030 4543 1073 4610 30
1110 4538 1176 4608 224
1199 4540 1243 4608 42
1266 4527 1489 4628 Q-

372 4635 437 4703 tat
520 4586 639 4723 1312
744 4633 835 4711 6167
918 4614 1005 4719 1136
1090 4618 1175 4709 :115
1289 4631 1433 4709 67666

212 4857 272 4920 Hic
305 4856 408 4937 capita
440 4857 662 4919 colomellarurn
699 4852 855 4916 continent
891 4852 956 4941 dies
993 4859 1026 4914 et
1053 4849 1166 4911 dierum
1194 4848 1349 4927 scrupula,
1382 4844 1489 4925 quibus

125 4946 359 5034 superinscripti
380 4946 522 5029 planetae
546 4946 601 5009 sub
625 4945 697 5008 orbe
720 4942 845 5007 stellato
868 4961 941 5006 suas
958 4940 1098 5025 periodos
1121 4937 1293 5019 complent:
1327 4942 1489 5013 sequentes
