3878 5840
431 368 498 436 422
997 371 1037 423 Do
1057 373 1237 425 fundamentis
1328 374 1335 386 ⁸

433 530 658 614 perpendiculo,
683 549 742 591 uno
765 529 888 593 milliari
912 521 1083 610 germanico
1107 530 1214 605 (altior
1232 540 1332 595 autem
1355 550 1422 595 esse
1441 526 1619 613 vixpotest,
1638 532 1700 590 11011Ι
1719 528 1797 589 enim
1907 536 1908 567 ³

435 622 544 683 eadem
569 628 617 682 est
640 618 769 681 altitudo
794 620 951 694 materiae,
977 640 1052 700 quae
1076 622 1253 704 crepuscula
1276 622 1359 696 facit,
1379 629 1505 701 atquae
1525 617 1798 707 stellammradios

434 710 604 789 refringit).
637 707 737 770 Solari
761 708 853 788 Igitur
876 709 961 770 radio
985 716 1105 770 aestate
1129 710 1287 788 objicietur
1314 711 1471 772 crassities
1493 709 1581 771 nnius
1605 706 1744 770 milliaris
1768 714 1800 766 et

434 817 532 860 nonae
555 798 798 877 partis,'byeme
828 798 917 858 trium
941 804 973 858 et
996 797 1115 858 tertiae.
1161 799 1211 859 Ita
1232 800 1323 879 triplo
1347 799 1473 861 debilior
1495 807 1544 860 eat
1565 798 1671 880 hyeme
1694 795 1800 857 radius

435 885 519 949 Solis
542 893 667 967 propter
690 886 767 946 hane
792 905 935 946 causam:
961 894 993 947 et
1015 887 1184 965 conjunctis
1208 888 1254 948 his
1279 888 1374 950 trihus
1397 888 1512 963 causis,
1541 887 1592 949 iix
1616 905 1688 966 pars
1712 884 1798 945 vice-

435 975 514 1037 sima
537 982 647 1056 quarta
670 974 777 1054 hyeme
800 974 911 1036 caloris
932 974 1045 1035 aestivi
1069 984 1217 1053 superest.
1618 970 1621 973 ’

552 1074 555 1089 “
994 1063 1132 1124 Th'esis
1156 1063 1228 1124 XII.

526 1151 597 1213 Etsi
619 1168 691 1212 vero
715 1150 773 1211 hae
797 1158 860 1211 tres
884 1169 995 1212 causae
1018 1150 1092 1230 ipsis
1116 1152 1239 1213 brumae
1263 1160 1296 1215 et
1318 1150 1442 1215 solstitii
1460 1152 1567 1214 diebus
1587 1148 1801 1213 sontevidan·

436 1238 583 1316 tissimae,
607 1258 665 1300 uon
689 1247 790 1300 tamen
816 1239 852 1299 de
876 1239 1060 1301 necessitate
1083 1239 1145 1301 illic
1170 1241 1274 1320 frigus,
1299 1241 1347 1302 hic
1370 1234 1461 1303 calor
1477 1241 1535 1302 erit
1553 1238 1685 1301 omnium
1697 1235 1801 1298 maxi-

437 1348 520 1390 mus:
555 1328 609 1391 sed
633 1327 752 1389 accedit
776 1327 836 1389 alia
860 1347 970 1401 causa,
1004 1346 1080 1408 quae
1115 1329 1310 1407 quantumin
1334 1349 1420 1403 sese,
1449 1329 1587 1411 hyemem
1611 1347 1630 1388 a
1651 1326 1803 1408 principio

436 1416 602 1489 Februarii,
628 1423 777 1477 aestatem
797 1436 816 1476 a
838 1417 983 1495 principio
1007 1417 1140 1496 Augusti
1169 1417 1217 1478 vel
1241 1418 1373 1488 circiter,
1396 1419 1488 1479 faciet
1506 1417 1662 1496 majorem.
1705 1416 1804 1476 Terra

438 1505 518 1568 enIm
543 1514 574 1566 et
598 1525 677 1585 aqua
700 1512 771 1565 sunt
793 1523 901 1565 crassa
923 1523 1063 1583 corpora,
1097 1524 1152 1567 uec
1184 1516 1311 1586 possunt
1340 1526 1398 1568 nno
1429 1514 1579 1568 momento
1607 1503 1736 1577 callisti,
1772 1509 1805 1563 et

439 1595 573 1656 calfacta
596 1594 677 1655 circa
699 1612 832 1653 mensem
855 1593 986 1668 Iunium,
1012 1592 1085 1655 Sole
1109 1594 1270 1670 altissImo,
1301 1595 1433 1657 retinent
1461 1594 1645 1674 aliquamdiu
1668 1591 1804 1654 calorem

438 1681 496 1744 sibi
520 1682 641 1764 penitus
664 1682 841 1760 Impressum
867 1683 940 1754 (etsi
965 1681 1211 1760 superficietenus
1234 1684 1317 1745 illurn
1350 1683 1476 1763 singulis
1504 1680 1642 1745 noctibus
1667 1680 1805 1743 nonnihil

323 1840 329 1846 ,
437 1771 612 1844 remittant)
645 1777 769 1849 propter
802 1771 982 1831 densitatem
1016 1770 1162 1831 materiae
1190 1779 1222 1832 et
1248 1772 1486 1851 magnitudinem
1509 1789 1680 1851 corporum,
1710 1777 1805 1849 atque

436 1859 484 1935 ita
505 1858 588 1921 Junii
611 1860 743 1920 calorem
767 1859 803 1919 de
827 1859 992 1936 praeterito
1023 1878 1088 1919 cum
1114 1860 1213 1920 calore
1231 1858 1305 1922 Julii
1325 1868 1359 1923 et
1376 1861 1509 1941 Augusti
1528 1860 1692 1922 cumulant.
1717 1859 1806 1921 Idem

440 1947 470 2009 in
494 1947 676 2009 contrarium
701 1947 858 2008 dicendum
877 1947 913 2006 de
937 1947 1048 2025 frigore
1072 1947 1197 2027 hyemis.

976 2034 1134 2095 ,Thesia
1157 2035 1245 2097 XIII.

530 2124 613 2185 Idem
634 2121 779 2202 judicium
802 2130 869 2184 esto
894 2122 984 2183 etde
1008 2123 1084 2183 hora
1107 2125 1239 2211 secunda
1262 2124 1340 2197 diei,
1369 2143 1445 2204 quae
1474 2124 1599 2186 calidior
1622 2132 1684 2200 e'st,
1711 2142 1804 2204 qnam

441 2212 627 2285 (10011εοὶ1110,
652 2210 710 2272 etsi
733 2209 787 2272 Sol
806 2211 871 2290 jam
895 2210 985 2272 cadit.
1030 2211 1114 2272 Idem
1130 2212 1207 2273 eninr
1223 2213 1271 2274 hic
1286 2221 1424 2293 praestat
1440 2221 1505 2289 atr,
1531 2214 1609 2294 quod
1636 2214 1700 2275 illic
1719 2221 1805 2275 terra

441 2301 606 2381 praestitit
652 2299 732 2361 Nam
756 2306 826 2370 adr,
850 2307 884 2361 ut
907 2300 1005 2360 tenuis
1030 2299 1203 2375 admodum,
1233 2302 1359 2365 celerius
1391 2303 1510 2381 quidem
1534 2321 1622 2382 quam
1645 2308 1729 2365 terra
1754 2303 1804 2362 al-

442 2397 569 2459 teratur,
593 2396 776 2449 nontamen
800 2389 919 2449 omnino
943 2388 1054 2449 subito.
1092 2388 1225 2452 Accedit
1247 2398 1349 2452 tamen
1373 2391 1440 2466 huc,
1466 2392 1491 2454 si
1516 2410 1572 2452 non
1598 2398 1665 2453 tota
1688 2392 1804 2453 Terrae

444 2477 640 2558 corpulentia,
666 2484 699 2537 at
722 2478 831 2539 saltem
854 2477 1036 2556 superficies.
1184 2522 1189 2527 .

1002 2564 1137 2626 Thesis
1160 2565 1249 2627 XIV.
1676 2616 1680 2629 .

530 2653 579 2714 Ex
602 2652 706 2715 eodem
721 2653 915 2716 fundamento
930 2654 1063 2734 praedici
1081 2662 1194 2733 potest,
1215 2652 1424 2734 Septembrem
1439 2661 1471 2715 et
1485 2652 1659 2727 Octobrem,
1678 2660 1806 2734 propter

443 2745 521 2806 hanc
545 2743 664 2824 quidem
687 2762 820 2812 causam,
844 2742 1003 2805 calidiores
1027 2738 1151 2804 futuros
1168 2762 1256 2822 quam
1279 2744 1423 2806 Martium
1446 2751 1479 2803 et
1501 2742 1719 2805 Februarirtm:
1744 2741 1805 2805 etsi

443 2833 581 2912 utrinque
605 2831 706 2893 futura
729 2840 777 2893 est
800 2832 906 2894 eadem
930 2832 989 2894 diei
1013 2831 1178 2911 longitudo.

1002 2919 1135 2981 Thesis
1158 2920 1231 2982 XV.

533 3008 644 3071 Altera
667 3026 760 3069 causa
788 3008 916 3088 physIea
938 3010 1175 3089 praedictionum
1200 3014 1248 3070 est
1270 3005 1381 3068 Luna.
1423 3007 1503 3068 Nam
1523 3008 1710 3086 experientia
1730 3025 1805 3087 pro·
1907 3046 1908 3059 .

443 3098 628 3172 batumest,
653 3097 896 3159 omniahumore
921 3098 1095 3159 constantia
1117 3104 1271 3159 crescente
1285 3094 1373 3158 Luna
1396 3103 1585 3174 turgescere;
1609 3096 1806 3159 decrescente

417 3252 419 3263 ‚
444 3185 611 3247 subsidere.
659 3183 745 3253 Quae
769 3190 829 3246 dna
852 3204 900 3246 res
924 3186 1117 3264 plurimarum
1140 3185 1320 3246 electionum
1343 3192 1375 3245 et
1397 3185 1636 3268 praedictionum
1659 3185 1690 3246 in
1711 3203 1806 3248 oeco-

445 3274 553 3347 nomia,
579 3291 611 3335 re
635 3272 760 3344 rustica,
784 3273 943 3342 medicina,
967 3275 1098 3341 nautica,
1122 3291 1215 3335 causa
1239 3281 1295 3334 est.
1325 3272 1487 3335 Rationem
1509 3273 1598 3352 hujus
1613 3273 1806 3355 sympathiae

446 3361 575 3424 nondum
593 3360 728 3439 perfecte
753 3360 905 3438 cognitam
928 3361 1041 3422 hahent
1063 3361 1189 3442 physici,

1005 3450 1135 3511 Thesis
1158 3448 1245 3512 XVI.

434 3556 444 3564 ·
536 3536 595 3598 Est
617 3543 728 3596 autern·
742 3535 852 3613 duplex
874 3537 979 3600 Lunae
1003 3539 1116 3612 virtus,
1140 3538 1239 3600 altera
1261 3544 1430 3612 menstrua,
1456 3539 1492 3599 de
1517 3556 1573 3617 qua
1594 3537 1660 3616 jam
1683 3537 1763 3613 dixi,
1790 3557 1808 3597 a

446 3625 583 3689 mutabili
608 3626 713 3686 Lunae
738 3623 814 3686 facie
839 3627 1028 3704 dependens3
1055 3628 1153 3689 altera
1175 3627 1412 3701 semimenstrua,
1439 3634 1470 3688 et
1493 3628 1531 3689 ob
1554 3627 1583 3688 id
1602 3626 1694 3688 etiam
1708 3626 1804 3689 semi-

446 3717 561 3791 diuma,
585 3714 715 3795 quaein
740 3714 921 3778 medIcorum
945 3717 1073 3779 crIsibus
1097 3717 1185 3798 inque
1209 3717 1301 3777 maris
1330 3724 1417 3777 aestu
1438 3717 1589 3796 reciproco
1613 3716 1805 3796 potissimam

445 3805 506 3867 vim
529 3806 631 3877 habet,
656 3805 692 3865 de
716 3823 776 3883 qua
799 3803 887 3866 iufra.

992 3891 1129 3954 Thesis
1152 3891 1256 3955 XVII.

535 3978 767 4059 Quibuscunque
791 3981 894 4062 itaque
918 3981 1023 4043 diebus
1047 3982 1076 4042 iu
1101 3981 1274 4043 calendario
1298 3979 1480 4041 novilunium
1503 3979 1802 4055 invenitur,·bumo-

445 4088 495 4132 res
524 4076 667 4148 quantum
700 4086 719 4127 a
746 4068 833 4129 Luna
862 4071 995 4150 pendent
1032 4078 1120 4131 erunt
1151 4069 1313 4143 imminuti,
1358 4069 1465 4149 quibus
1493 4088 1564 4131 vero
1596 4069 1802 4148 plenilunium,

446 4157 538 4218 aucti.
586 4156 631 4217 At
653 4175 720 4216 cum
743 4156 773 4217 in
797 4157 843 4218 his
862 4160 926 4238 jam
947 4159 1053 4232 dictis,
1086 4165 1151 4220 tum
1174 4158 1267 4220 etiam
1291 4158 1320 4219 iu
1345 4158 1537 4237 quadraturis
1567 4159 1707 4220 humores
1734 4178 1802 4221 mo·

446 4245 594 4306 vehuntur
619 4244 729 4306 valide.
777 4245 861 4307 Haec
886 4256 934 4309 est
949 4248 1088 4327 simplex·
1103 4255 1133 4309 et
1157 4266 1238 4309 mere
1263 4246 1447 4326 astrologica
1468 4247 1650 4327 praedictio,
1676 4264 1752 4327 quse
1777 4246 1802 4308 si

446 4333 662 4412 persingulas
687 4341 770 4394 artes
794 4334 994 4411 diduceretur,
1020 4337 1193 4414 astrologus
1216 4330 1329 4398 lImites'
1354 4354 1426 4398 suae
1449 4335 1648 4418 professionis
1671 4336 1801 4400 excede·

447 4428 505 4497 ret,
528 4422 672 4500 fieretque
697 4421 840 4501 agricola,
865 4426 1008 4497 medicus,
1032 4425 1185 4506 chymIcus
1210 4425 1262 4487 duc.

986 4513 1121 4575 Thesis
1143 4512 1262 4575 XVIII.

504 4642 507 4645 -
535 4597 690 4661 Interdum
722 4608 823 4663 tamen
851 4602 935 4682 ipsos
963 4602 1076 4665 moneri
1107 4601 1239 4680 expedit
1286 4600 1340 4665 Uti
1363 4599 1507 4682 chymicis
1537 4601 1613 4665 haec
1641 4621 1699 4683 ego
1728 4620 1800 4684 pro·

446 4704 541 4767 pono,
574 4685 669 4749 videri
699 4689 895 4768 plenilunium
924 4690 1034 4753 1011001
1066 4691 1256 4753 metallorum
1286 4691 1462 4764 adversum,
1493 4697 1617 4772 propter
1649 4691 1800 4754 humidum

408 4772 414 4781 '
447 4775 535 4839 nimis
559 4782 669 4840 strena
714 4777 751 4838 ld
780 4779 815 4847 si
835 4786 898 4854 est,
932 4798 1060 4860 magnus
1089 4780 1203 4843 orietur
1235 4785 1411 4861 aspectuum
1440 4780 1644 4859 delectus·ad
1667 4779 1800 4861 ipsorum

446 4883 533 4947 opus.
