3786 5808
365 350 411 421 43
960 350 1124 448 momen.

367 513 516 580 propositum
538 512 583 576 lpri
606 510 665 569 init,
689 509 849 560 detinendum
871 524 942 568 esse,
965 511 1062 571 donec,
1087 511 1146 577 quid
1168 525 1199 564 ex
1222 525 1305 563 sorum
1323 513 1412 564 mimir
1429 511 1626 578 respondendum
1644 520 1718 571 utet.

368 597 550 651 cognoscerem.
586 580 624 631 lbi
641 581 716 646 igitur
733 595 797 645 quae
815 594 891 645 snpra
907 584 1006 647 scripsi,
1024 584 1051 633 iu
1067 583 1192 634 mandam
1210 584 1306 647 accepi.

438 654 510 704 Haec
527 651 682 703 Maestiinus.
715 651 881 711 „Consilium“
901 669 959 705 rere
977 654 1040 718 quod
1052 654 1174 718 Keplerus
1192 656 1239 705 sibi
1257 656 1367 720 expetiit,
1386 670 1466 719 neque
1481 653 1622 706 Hanschius
1640 668 1720 718 aeque

367 726 535 789 manuscripta
558 737 622 788 quae
649 725 798 787 inspeximus
825 725 954 783 exhibent,
982 739 1130 791 quamquam
1152 725 1293 776 Hsuschius
1316 728 1342 777 iu
1366 725 1445 788 ,Vita
1463 724 1580 791 Kepieri¹⁶
1607 722 1643 790 (p.
1661 723 1720 786 XV)

368 804 484 862 spectans
511 793 572 845 illud
597 795 724 845 camillum
746 794 779 844 ad
800 794 846 845 has
865 792 993 845 Messalini
1015 796 1099 847 literas
1121 796 1240 848 lectorem
1262 797 1371 864 ablegat.
1409 795 1490 856 Quale
1509 805 1593 849 sutem
1616 798 1721 847 lueriis

368 869 480 934 sequenti
497 866 598 930 Kepleri
617 867 774 929 responsione
792 875 896 930 apparet
915 863 952 931 (p.
971 864 1028 929 51).
1103 862 1110 872 “
1674 922 1677 929 q

437 938 595 993 Massiliam,
614 950 695 1001 pauca
714 937 744 987 de
764 951 853 1001 ,opere
872 938 1006 1004 argenteo⁸⁴
1026 952 1129 990 monens
1147 937 1214 1002 (ride
1231 935 1307 1001 inire)
1327 941 1421 1005 pergit:
1445 938 1568 1003 Tyehonis
1587 938 1671 989 literas
1690 937 1735 989 ad.

369 1020 394 1061 te
406 1008 634 1073 nondumperlatas
647 1023 702 1058 esse
720 1009 832 1073 equidem
853 1010 934 1059 miror.
963 1010 1054 1060 Earum
1067 1024 1125 1076 ergo
1138 1011 1221 1075 copias
1239 1012 1283 1060 tibi
1295 1013 1376 1067 mitto,
1395 1012 1453 1076 quin
1472 1017 1498 1061 et
1515 1018 1611 1076 partem
1630 1024 1722 1064 earum.

370 1097 434 1149 quae
453 1081 485 1132 ad
503 1094 543 1133 me
562 1079 636 1129 datae
655 1087 713 1129 sunt
727 1115 733 1129 .
748 1114 754 1128 .
769 1113 797 1129 ..
834 1079 911 1130 Totus
929 1080 1042 1132 inhaeret
1066 1096 1127 1132 suae
1149 1081 1292 1146 hypothesi,
1318 1096 1393 1147 quam
1414 1082 1537 1132 mordicus
1559 1088 1636 1132 tenet.
1674 1079 1724 1131 Sed

370 1155 479 1203 rationes
498 1152 558 1202 dicit
575 1165 602 1201 ss
620 1151 645 1200 in
663 1153 712 1200 tuis
730 1151 806 1201 literis
825 1152 858 1201 sd
876 1159 901 1201 te
920 1152 984 1202 datis
1003 1154 1150 1217 exposuisse.
1190 1152 1313 1217 Sperabat
1331 1168 1389 1219 ergo
1408 1155 1515 1206 omniuo.
1534 1167 1574 1204 me
1593 1152 1724 1218 aliquande

371 1240 455 1275 earum
474 1225 557 1287 copias
576 1236 593 1272 a
610 1228 636 1271 te
654 1229 821 1286 accepturum.
849 1222 878 1273 Iu
897 1223 946 1272 fine
966 1224 1042 1281 addit,
1062 1225 1119 1289 qnia
1136 1225 1281 1275 tabellarias
1299 1222 1345 1275 lto.
1365 1223 1432 1286 (ride
1450 1226 1623 1290 postscriptum
1639 1224 1724 1274 litera-

371 1312 423 1346 rum
442 1294 565 1358 Typhonis
582 1309 607 1358 p.
626 1291 682 1354 lt).
719 1294 747 1343 ld
765 1294 903 1359 igiturnisi
921 1296 1014 1345 iactum
1033 1296 1131 1353 luisset,
1156 1296 1339 1352 animadverto,
1365 1295 1430 1360 quod
1454 1310 1500 1347 eae
1524 1298 1623 1361 penitus
1648 1297 1724 1346 iuter·

371 1367 495 1417 cidissent.
530 1363 701 1415 Memorabilis
719 1372 803 1416 antem
822 1374 892 1418 sunt.
911 1380 975 1431 qnae
994 1366 1024 1416 de
1043 1381 1086 1417 suo
1105 1366 1231 1431 eclipsium
1250 1366 1345 1421 calculo
1363 1368 1448 1418 scribit
1466 1366 1511 1418 dte.

441 1437 471 1488 Iu
489 1437 565 1487 literis
583 1451 639 1487 vero
658 1435 690 1486 sd
708 1442 734 1487 te
752 1437 818 1486 detis
835 1437 910 1491 rides,
930 1437 995 1504 quod
1012 1437 1081 1487 nobis
1101 1438 1131 1488 de
1149 1440 1243 1489 usitata
1254 1438 1376 1489 hactenus
1389 1439 1539 1489 aeconomis
1556 1440 1595 1489 rix
1612 1437 1725 1488 umbram

370 1509 498 1574 relinquit,
517 1513 545 1556 nt
564 1507 693 1557 dicendum
711 1523 785 1572 prope
804 1508 874 1557 uobis
892 1509 938 1566 sit,
957 1509 1027 1558 nobis
1044 1508 1105 1558 nihil
1123 1509 1154 1560 de
1173 1524 1204 1561 ea
1222 1518 1350 1567 censione,
1370 1524 1443 1576 quam
1462 1511 1561 1561 unicum
1579 1510 1642 1567 hoc,
1661 1508 1725 1573 quod

370 1583 397 1631 in
415 1579 583 1640 astronomicis
593 1578 651 1627 nihil
664 1579 778 1629 emamus.
806 1578 900 1631 Verum
916 1586 973 1629 utut
990 1582 1029 1641 sit,
1049 1579 1216 1645 Copemiceae
1234 1580 1381 1645 hypotheses
1398 1581 1458 1631 mihi
1475 1596 1519 1645 per
1537 1580 1620 1630 omnia
1636 1580 1726 1631 melius

373 1652 490 1706 arridem,
508 1664 555 1701 uec
574 1650 665 1707 dubito,
683 1652 750 1715 quin,
768 1652 788 1700 si
806 1664 853 1701 sus
870 1652 1001 1700 rauocinia
1019 1650 1052 1701 ad
1070 1665 1114 1701 eas
1132 1653 1246 1709 referret,
1266 1666 1298 1703 ea
1315 1652 1349 1702 ibi
1366 1653 1443 1703 multo
1462 1652 1615 1717 expeditiora
1633 1656 1724 1700 ament.

371 1723 435 1773 Puto
454 1727 551 1775 sutem,
576 1721 782 1785 quemadmodum
800 1735 830 1772 er
848 1722 953 1786 epistole
969 1723 1044 1786 ipsius
1063 1723 1096 1772 ad
1113 1722 1250 1774 Peucerum
1277 1724 1338 1773 data
1356 1720 1408 1783 ²⁵),
1434 1724 1536 1790 colligo,
1559 1722 1638 1774 solnm
1657 1721 1726 1784 illud,

372 1793 436 1860 quod
455 1793 532 1844 Terra
549 1793 575 1841 in
593 1793 669 1842 sacris
687 1792 764 1845 literis
781 1795 884 1842 immota
902 1792 950 1842 dici
961 1794 1064 1854 ridetur,
1084 1795 1163 1858 ipsum
1174 1796 1200 1843 iu
1213 1809 1269 1844 eam
1281 1797 1432 1845 sententiam
1444 1795 1596 1860 deportasse,
1612 1794 1657 1844 cui
1669 1808 1726 1844 cum

370 1869 423 1930 jam
441 1866 523 1914 omnis
541 1865 746 1927 superexstruxit,
764 1864 902 1915 valedicere
921 1879 970 1913 non
987 1871 1076 1929 potest,
1095 1866 1154 1930 qnia
1174 1866 1201 1916 id
1224 1880 1343 1932 magnam
1360 1868 1386 1916 in
1404 1882 1480 1932 regno
1498 1880 1543 1915 suo
1562 1867 1726 1916 astronomico

373 1938 533 1986 mutationem
551 1942 657 1998 pareret.
690 1934 792 1985 Utinam
810 1950 866 1985 reso
885 1936 916 1985 de
935 1942 980 1986 tua
997 1936 1127 1986 harmonia
1145 1952 1175 1986 ex
1193 1933 1209 1985 5
1229 1937 1368 2001 corporibus
1386 1938 1539 2002 regularibus
1557 1944 1639 1987 sumta
1656 1937 1726 1987 initio

372 2008 460 2058 fuisset
476 2008 591 2056 monitus.
628 2005 721 2057 Verum
739 2008 855 2072 quoniam
872 2006 995 2074 intelligo,
1015 2008 1094 2072 ipsum
1112 2015 1235 2061 maturare
1254 2007 1458 2074 publicationem,
1477 2023 1568 2074 magno
1587 2021 1644 2059 cunr
1662 2008 1727 2058 desi-

373 2080 440 2145 ¹derio
459 2093 515 2128 eam
534 2083 645 2142 expecto.

444 2149 509 2200 Hinc
528 2149 561 2199 ad
580 2147 667 2199 Ursum
686 2149 776 2198 manat
793 2147 941 2199 Maestlinns
960 2156 986 2200 st
1004 2150 1036 2200 sd
1056 2149 1248 2214 Chronologica,
1274 2158 1301 2201 et
1324 2152 1359 2200 sic
1379 2150 1517 2201 concludit:
1546 2150 1609 2201 Vale
1628 2152 1728 2214 optime.

373 2222 443 2272 Deus
461 2227 486 2271 te
504 2229 607 2285 tuosque
625 2227 754 2270 conservet
772 2221 973 2279 clementissime,
999 2228 1028 2270 ut
1049 2222 1127 2285 possis
1146 2236 1246 2271 munere
1264 2230 1306 2271 tuo
1326 2224 1417 2286 optimo
1439 2223 1566 2289 perfungi,
1592 2231 1618 2272 et
1635 2222 1695 2272 illud
1713 2236 1729 2272 s

374 2293 429 2343 Deo
447 2293 491 2342 tihi
510 2305 653 2341 concessum
672 2291 793 2341 talentum
813 2292 838 2341 in
860 2307 931 2342 usum
953 2293 987 2342 ad
1008 2292 1112 2358 gloriam
1129 2292 1179 2342 Dei
1203 2294 1294 2357 optime
1317 2294 1445 2344 collocare.
1483 2293 1612 2360 Tubiugae
1639 2294 1730 2359 partim

377 2363 407 2413 il
429 2361 489 2427 (21)
507 2364 598 2427 partim
615 2362 774 2413 illucescente
791 2363 933 2427 propediem
953 2360 987 2411 12
1006 2359 1065 2426 (22)
1084 2363 1143 2414 Jan.
1164 2361 1241 2414 tasi.

446 2434 603 2499 Keplerur
621 2434 647 2484 in
666 2434 741 2484 literis
760 2434 793 2483 ad
809 2434 1012 2485 Maestlinum
1030 2434 1095 2485 datis
1114 2432 1151 2497 (d.
1170 2430 1226 2499 ¹⁴72,
1241 2435 1311 2486 Febr.
1327 2431 1418 2498 tals),
1434 2435 1499 2487 hacc
1518 2435 1549 2487 de
1567 2434 1730 2486 Prodromo

380 2513 406 2557 et
424 2505 568 2570 Tycbone
587 2502 732 2569 (respiciens
750 2504 872 2569 'tychonis
889 2505 975 2556 literas
992 2502 1153 2572 praemissas)
1171 2508 1275 2571 profert,
1301 2522 1372 2558 suam
1390 2515 1416 2559 et
1435 2506 1563 2573 Copemici
1580 2507 1731 2560 seatemlam

379 2578 480 2629 firmiter
496 2584 585 2631 uncas
604 2583 631 2628 et
649 2577 800 2628 defendens:

974 2719 1007 2783 S.
1031 2720 1067 2783 Ρ.
1091 2720 1130 2783 Ι).

469 2788 539 2888 Ἧι,
554 2844 729 2907 acceperam
753 2825 800 2887 die
825 2820 855 2887 3.
884 2822 922 2887 13
946 2825 1102 2889 Februarii
1124 2835 1194 2888 tuas
1218 2825 1331 2901 literas,
1357 2845 1422 2887 cum
1446 2845 1515 2888 ecce
1538 2828 1587 2888 vel
1610 2827 1732 2888 taudem

381 2915 530 3000 Tychonis
562 2916 652 2977 etiam
685 2915 843 2995 epistolam
877 2914 924 2976 die
953 2912 984 2979 8.
1001 2898 1057 2979 '18
1085 2915 1181 2995 ejusd.
1208 2912 1389 2995 Witebergsi
1419 2914 1491 2977 mihi
1528 2915 1730 2990 advolantem,

381 3004 500 3070 Struthi
524 3004 580 3066 alis
610 3003 725 3085 opinor.
772 3001 852 3076 Quid
879 3003 922 3066 illi
952 3004 1154 3085 responderim
1185 3004 1318 3083 (quando
1346 3013 1377 3065 te
1404 3004 1435 3066 id
1463 3014 1604 3085 satagere
1627 3004 1731 3078 video)

381 3115 420 3159 ex
442 3095 562 3174 adjecto
585 3094 748 3173 exemplari
771 3111 945 3173 cognosces.
992 3093 1094 3155 Velim
1121 3101 1222 3156 autem
1249 3093 1422 3169 existimes,
1457 3113 1531 3155 vera
1558 3113 1607 3155 mc
1634 3104 1666 3156 et
1694 3111 1734 3154 ex

381 3186 479 3248 auimo
507 3183 608 3246 omnia
638 3183 795 3262 scripsisse
803 3201 813 3256 ;
846 3182 916 3263 quia
948 3182 1060 3245 veritas
1088 3201 1120 3244 se
1148 3183 1216 3261 ipsa
1244 3191 1294 3243 sat
1321 3190 1388 3244 tuta
1410 3190 1467 3245 est.
1515 3181 1604 3254 Quod
1632 3190 1733 3244 autem

381 3272 584 3336 vehementior
615 3272 646 3334 in
677 3272 774 3352 ipsum
805 3271 914 3334 Ursum
942 3290 1000 3332 uon
1029 3288 1107 3346 sum,
1145 3270 1254 3349 partim
1284 3270 1395 3350 pudore
1424 3273 1472 3347 fit,
1503 3273 1613 3355 partim
1640 3280 1731 3334 metu.

383 3362 479 3435 Quem
502 3362 594 3437 euim,
625 3359 821 3442 prohdolor,
851 3366 1008 3439 tantopere
1030 3359 1165 3434 laudavi,
1200 3378 1257 3420 uon
1280 3377 1402 3439 possum
1426 3361 1489 3424 sine
1514 3361 1733 3425 inconstantiae

382 3450 501 3514 macula
523 3450 588 3530 jam
611 3448 716 3511 statim
741 3446 912 3526 turpissime
943 3448 1110 3510 traducere.
1159 3444 1246 3519 Quod
1275 3448 1302 3510 si
1328 3449 1488 3529 epistolam
1516 3452 1608 3513 etism
1635 3469 1734 3512 meam

316 3602 318 3605 ,
383 3540 485 3623 Tycho
508 3539 588 3619 typis
611 3538 754 3600 mandare
777 3536 868 3598 velit:
896 3538 1056 3598 verendum
1080 3535 1201 3611 fuisset,
1226 3556 1264 3598 ne
1286 3536 1316 3598 in
1339 3539 1482 3619 majorem
1506 3559 1603 3601 meam
1626 3549 1736 3602 contu·

382 3628 502 3693 melium
527 3627 621 3690 Ursus
645 3626 721 3688 alias
745 3625 837 3687 etiam
860 3644 943 3688 meas
966 3626 1147 3707 publicaret,
1175 3634 1208 3687 et
1235 3644 1294 3707 qua
1320 3636 1408 3707 parte
1432 3628 1629 3692 modestiores
1652 3637 1734 3706 suut,

384 3718 585 3793 adulteraret,
620 3723 673 3779 aut
704 3714 766 3777 alia
793 3714 843 3776 via
865 3715 936 3777 mihi
959 3715 1159 3779 insidiaretur.
1205 3715 1297 3777 Porro
1320 3716 1393 3779 illud
1416 3725 1447 3781 te
1476 3719 1552 3781 scire
1580 3719 1667 3790 volo,
1696 3736 1737 3780 ex

384 3806 569 3871 sermonibus
592 3804 744 3867 tabellarii
766 3822 812 3865 me
836 3804 1035 3882 intellexisse,
1060 3804 1231 3887 Tychonem
1255 3806 1406 3886 (quamvis
1429 3826 1536 3869 nomen
1559 3808 1623 3887 ejus
1646 3809 1736 3889 ignc-

383 3896 510 3968 raven't)
529 3895 594 3975 jam
617 3894 811 3973 Witebergae
835 3911 914 3956 esse.
1006 3897 1014 3913 ·

472 3985 551 4047 Mira
574 3984 694 4045 fortuna
716 3983 774 4045 mei
796 3983 934 4065 Mysterii
959 3981 1214 4061 cosmographici.
1261 3982 1346 4045 Nihil
1373 3981 1487 4063 accipio
1514 4002 1569 4064 pro
1593 4002 1736 4065 compen-

384 4076 511 4149 satione,
535 4081 567 4136 et
584 4072 649 4154 jam
671 4072 840 4153 desperavi.
875 4072 910 4135 In
930 4070 1058 4134 comitiis
1077 4070 1159 4133 hisce
1182 4071 1356 4150 praeteritis
1379 4072 1451 4134 mihi
1473 4074 1633 4152 petendum
1651 4073 1736 4137 'iuis-

387 4173 450 4228 set:
483 4163 541 4225 nisi
564 4180 762 4242 magnacum
786 4161 1070 4240 sollicitudinepro
1099 4178 1134 4221 eo
1160 4160 1262 4241 potius
1289 4160 1361 4223 mihi
1390 4161 1583 4225 laborandum
1612 4163 1671 4239 sit,
1702 4174 1737 4227 nt

387 4254 527 4317 salarium
550 4252 704 4314 retineam.
753 4249 854 4322 Quare
878 4270 942 4312 cum
967 4250 1080 4313 diutins
1101 4257 1133 4312 te
1157 4250 1337 4329 suspendere
1361 4269 1519 4331 nequeam,
1545 4270 1618 4332 rogo
1640 4253 1736 4314 vehe-

386 4353 516 4416 menter,
538 4360 591 4421 pro
615 4340 751 4403 maximis
776 4349 807 4402 et
829 4340 1001 4403 multifariis
1026 4338 1085 4400 tuis
1108 4338 1260 4401 laboribus
1284 4340 1341 4421 h,oc
1365 4340 1505 4419 exiguum
1530 4341 1736 4405 munusculum

387 4451 482 4514 aequo
505 4431 612 4505 auimo,
636 4430 724 4493 rebus
748 4429 792 4492 sic
814 4429 973 4505 stantibus,
997 4427 1139 4508 accipias.
1177 4428 1320 4492 Pacuium
1338 4435 1385 4492 est
1405 4428 1582 4492 deauratum
1596 4431 1734 4512 undique,

386 4521 517 4605 pondere
544 4516 583 4582 10
605 4519 680 4581 Lott
702 4529 734 4581 et
754 4517 843 4599 paulo
867 4519 1004 4598 amplius.
1051 4516 1086 4579 ld
1108 4516 1181 4579 mihi
1203 4535 1257 4597 pro
1280 4518 1396 4599 aliquot
1417 4518 1630 4582 nativitatibus
1652 4519 1737 4582 dedit

387 4612 423 4688 is,
449 4611 531 4692 cujus
553 4609 584 4672 in
608 4608 794 4672 dedicatione
817 4618 930 4669 nomen
949 4624 1124 4686 expressum
1155 4614 1204 4668 est
1225 4592 1484 4681 (Hebersteuius).
1535 4608 1736 4671 Decreversm

389 4701 558 4782 operculum
578 4716 736 4779 procurare
759 4696 890 4777 pondere
914 4691 1021 4771 diost,
1045 4702 1079 4756 ut
1102 4703 1185 4758 esset
1205 4695 1332 4777 pretium
1354 4695 1452 4777 poculi
1471 4692 1515 4759 20
1529 4698 1571 4773 fl,
1596 4697 1649 4760 sed
1667 4716 1735 4761 mu-

389 4798 455 4854 tato
479 4787 617 4864 consilio,
642 4806 708 4849 cum
730 4786 822 4849 etiam
844 4793 978 4865 tempore
1001 4784 1188 4861 excluderer,
1219 4784 1310 4847 malui
1332 4784 1462 4865 pretinm
1484 4785 1581 4866 ipsum
1604 4786 1734 4863 mittere,

388 4888 423 4944 ut
444 4877 600 4946 arbitrium
622 4876 710 4962 hujus
732 4875 776 4939 rei
798 4885 880 4939 tuum
902 4874 996 4956 ipsius
1018 4882 1110 4937 esset.
1147 4873 1289 4956 Accipies
1311 4873 1403 4957 igitur
1425 4875 1506 4939 ultra
1528 4872 1735 4942 iserniam-
