3788 5828
725 314 807 380 cm·
821 314 915 367 mm
1435 298 1497 380 185

140 477 242 539 drans.
289 472 393 556 Oapnt
415 482 516 538 antem
538 475 570 538 in
592 474 710 549 libram,
737 484 769 537 et
791 476 917 538 caudam
941 477 970 537 in
994 477 1119 540 arietem
1142 478 1249 552 refero,
1274 487 1309 540 ut
1331 477 1373 540 sit
1395 476 1425 540 in
1448 497 1501 540 ra-

140 566 246 628 tionali
270 565 331 628 situ
354 584 421 628 cunr
444 565 550 638 Luna,
582 563 695 644 absque
727 564 833 644 eclipsi
862 573 984 638 tamen,
1016 573 1049 627 et
1075 576 1109 628 ut
1132 567 1220 629 Luna
1248 566 1289 628 sit
1318 567 1355 628 irr
1372 566 1503 628 maximo

141 655 236 717 limite
259 655 362 718 boreo.
408 652 477 715 Erit
503 653 595 733 igitur
618 653 713 715 Terra
741 652 853 714 oculari
885 655 976 715 etiam
1008 655 1110 735 positu
1142 655 1242 717 media
1274 655 1353 717 inter
1386 656 1502 730 stellas,

140 744 220 807 sieut
242 743 325 806 orbis
349 743 415 823 ejus
437 742 517 805 inter
539 743 628 805 orbes
651 742 779 805 medinm
804 744 901 804 locum
924 752 1007 806 certo
1029 744 1088 807 Dei
1112 744 1236 807 consilio
1261 742 1404 818 obtinuit,
1434 742 1505 824 quia

140 833 240 896 omnia
262 839 386 914 propter
409 831 566 894 hominem.
614 829 703 903 Quod
726 831 753 893 si
776 829 881 895 Solem
905 831 996 895 etiam
1026 833 1074 895 hic
1098 833 1128 895 in
1152 832 1188 910 Υ
1210 832 1309 905 loces,
1343 832 1402 896 erit
1429 829 1450 911 l}
1473 832 1503 894 iu

141 932 199 998 ἡ,
223 929 256 983 et
277 923 305 994 b
326 921 354 983 in
370 936 414 995 ee,
438 921 609 1002 etreliqua
631 921 779 983 similiter.
814 920 957 984 Sumendi
981 930 1081 985 autem
1105 931 1204 984 motus
1227 922 1329 995 medii,
1354 942 1424 985 nam
1447 923 1504 984 hos

141 1013 172 1073 in
195 1009 341 1091 principio
365 1028 470 1072 cursus
493 1029 582 1072 veros
604 1029 673 1073 esse
699 1011 848 1079 convenit,
872 1029 978 1090 nempe
997 1011 1036 1073 ab
1051 1011 1216 1075 absidibus.
1231 1010 1261 1085 ⁴¹)
1293 1011 1379 1073 Haeo
1402 1012 1513 1092 palma

141 1100 172 1161 in
195 1099 294 1161 medlo
317 1099 427 1180 posita,
452 1118 541 1179 qnam
565 1107 620 1161 aut
640 1098 768 1161 similem
791 1099 907 1179 siquis
932 1107 985 1163 ant
1008 1120 1046 1162 ex
1070 1101 1186 1162 calculo
1209 1106 1263 1163 aut
1285 1120 1324 1162 ex
1346 1108 1505 1163 restaura·

142 1190 226 1253 tione
249 1187 453 1251 astronomiae
475 1189 604 1270 adeptus
618 1188 718 1263 luerit,
743 1189 770 1249 is
787 1188 930 1270 Phyllida
953 1189 1035 1251 solns
1059 1188 1194 1251 habebit.
1241 1189 1327 1251 Haec
1351 1190 1388 1251 de
1413 1188 1507 1251 initio.

231 1277 337 1340 Finem
364 1277 459 1340 motui
486 1278 599 1343 nullum
624 1296 694 1339 enm
722 1276 839 1340 radone
873 1278 988 1351 statui,
1022 1278 1193 1358 nullumque
1226 1278 1291 1339 lore
1318 1278 1508 1341 Platonicum

144 1385 254 1429 mnam
277 1385 315 1428 ex
334 1366 488 1445 postulato
502 1385 559 1428 uno
573 1367 719 1446 probabo.
735 1368 763 1440 ⁸)
796 1367 895 1429 Detur
913 1386 1041 1449 namque
1065 1366 1323 1430 eccentricitatem
1346 1386 1416 1429 esse
1441 1386 1508 1429 cnm

143 1455 215 1519 orbe
239 1455 270 1516 in
292 1456 485 1540 proportione
508 1455 663 1529 rationali,
687 1463 777 1517 emnt
798 1454 891 1535 igitur
914 1455 1027 1520 orbium
1051 1457 1129 1518 radii
1151 1455 1280 1519 invicem
1303 1456 1506 1528 irrationales,

144 1543 214 1626 quia
235 1544 350 1607 habent
371 1564 405 1606 ss
428 1551 462 1607 nt
483 1544 620 1623 inscripti
643 1551 674 1606 et
696 1544 912 1626 circumscripti
932 1545 1115 1625 corporibus,
1140 1546 1191 1625 qui
1214 1544 1406 1607 irrationales
1418 1551 1506 1618 sunt,

145 1631 215 1715 quia
238 1640 401 1713 sequnntur
424 1652 462 1694 ex
484 1633 602 1695 ratione
626 1632 789 1696 subtensae
812 1632 842 1695 in
867 1635 1025 1714 quadrato,
1051 1641 1083 1697 et
1106 1634 1249 1697 sectionis
1265 1634 1428 1696 secundnm
1452 1652 1508 1694 ex·

145 1731 273 1785 tremam
296 1730 335 1783 et'
351 1722 483 1811 mediam
505 1720 669 1796 rationem,
696 1740 772 1803 quae
796 1721 854 1784 dno
877 1730 948 1785 sunt
972 1725 1111 1804 exempla
1134 1722 1355 1786 irrationalium
1378 1722 1408 1784 in
1431 1741 1507 1802 geo·

146 1812 264 1875 metria.
298 1812 370 1875 Jam
393 1819 494 1875 antem
517 1820 617 1873 motus
640 1831 708 1873 cum
730 1811 824 1873 radiis
844 1812 874 1874 in
887 1812 1080 1893 proportione
1094 1820 1185 1887 sunt;
1210 1830 1281 1891 ergo
1305 1818 1405 1877 motus
1428 1810 1509 1874 inter

146 1920 179 1965 se
203 1900 404 1971 irrationales,
428 1908 461 1963 et
482 1900 525 1963 sic
548 1918 699 1981 nunqnam
724 1900 764 1963 ad
786 1900 865 1963 idem
887 1902 1027 1965 redibunt
1049 1900 1182 1976 initium,
1207 1901 1266 1977 etsi
1292 1902 1436 1965 durarent
1458 1900 1507 1962 in·
1612 1957 1619 1966 .

147 1990 239 2053 finitis
263 1989 395 2053 seculis:
427 1989 498 2070 quia
521 2007 685 2069 nunqnam,
712 2008 749 2051 ne
772 1988 802 2051 in
826 1990 943 2054 infinita
965 1991 1084 2071 quidem
1106 1989 1241 2052 sectione
1264 1989 1426 2070 temporis,
1454 2008 1509 2051 oc·

146 2086 280 2142 curreret
302 2079 469 2142 eommunis
483 2097 631 2153 mensura,
656 2097 716 2158 qua
734 2078 855 2158 saepius
876 2080 1007 2160 repetita
1030 2088 1164 2143 motuum
1186 2079 1317 2142 omnium
1340 2098 1417 2141 unus
1442 2086 1509 2140 ter·

147 2169 256 2242 minus,
280 2175 313 2232 et
335 2176 419 2231 meta
440 2167 512 2230 anni
525 2167 677 2230 Platonici
700 2168 915 2233 constituatur.
948 2168 992 2231 Et
1009 2169 1075 2248 jam
1099 2170 1147 2230 vel
1172 2169 1295 2231 tandem
1318 2184 1385 2230 cnm
1408 2167 1511 2230 divino

148 2256 316 2337 Copemioo
348 2257 423 2320 libet
455 2257 645 2319 exclamare:
686 2256 806 2331 „Tanta
838 2258 976 2321 nimirum
1009 2259 1112 2320 divina
1144 2258 1220 2319 haec
1250 2266 1300 2319 est
1327 2255 1401 2338 Opt.
1425 2257 1511 2319 Max.

148 2346 265 2409 fabrica
275 2348 305 2420 3⁴⁴
330 2356 362 2408 et
376 2365 443 2407 enm
457 2345 573 2408 Plinio:
600 2343 716 2419 „Sacer
735 2353 785 2407 est
806 2346 967 2420 (mundus)
990 2346 1162 2415 immensus,
1188 2353 1270 2409 totus
1295 2342 1325 2407 in
1350 2352 1426 2421 toto,
1450 2345 1511 2406 imo

148 2455 220 2497 vero
243 2434 309 2516 ipse
333 2443 445 2506 totum,
468 2434 570 2496 finitus
594 2441 626 2495 et
648 2434 762 2496 infinito
787 2434 924 2498 similis.“

238 2525 283 2587 Tu
306 2543 396 2598 nuuc,
427 2524 521 2585 amice
545 2523 671 2598 Lector,
701 2524 790 2585 finem
813 2525 944 2587 omnium
961 2524 1071 2614 borum
1094 2542 1132 2584 ne
1161 2522 1359 2597 obliviscare,
1388 2520 1438 2604 qni
1467 2527 1516 2596 est

148 2613 297 2695 cognitio,
327 2612 488 2675 admiratio
516 2620 549 2674 et
575 2613 731 2674 veneratio
756 2611 982 2693 Sapientissimi
1005 2611 1140 2693 Opificis.
1186 2612 1270 2676 Nihil
1300 2611 1379 2673 enim
1403 2617 1452 2673 est
1475 2608 1514 2671 ab

148 2704 245 2768 oculis
270 2703 309 2764 ad
332 2711 476 2777 mentem,
502 2722 520 2762 a
543 2701 610 2763 visu
634 2702 674 2762 ad
697 2702 994 2781 contemplationem,
1021 2723 1040 2762 a
1062 2721 1149 2763 cursu
1175 2698 1356 2781 aspectabili
1379 2697 1418 2760 ad
1440 2716 1513 2779 pro·

150 2791 361 2858 surdissimum
384 2788 539 2855 Creatorie
563 2789 721 2851 consilinm
743 2791 950 2868 processisse:
979 2792 1005 2853 si
1029 2789 1076 2851 hic
1101 2789 1255 2870 quiescere
1279 2788 1372 2863 velis,
1400 2793 1434 2849 et
1455 2805 1516 2853 non.

149 2903 208 2947 uno
231 2881 346 2962 impetu
371 2888 498 2960 totaque
526 2877 618 2943 animi
642 2877 803 2940 devotione
828 2898 945 2941 sursum
968 2879 997 2940 iu
1023 2877 1179 2940 creatoris
1202 2877 1359 2951 notitiam,
1384 2894 1516 2938 amorem

149 2973 321 3051 cultumque
345 2970 480 3035 efferare.
518 2966 621 3039 Quare
643 2973 850 3029 santamente
875 2975 907 3029 et
929 2977 1018 3047 grato
1042 2968 1141 3029 animo
1165 2985 1279 3029 mecum
1302 2963 1517 3045 perfectissimi

150 3062 251 3144 operia
274 3059 453 3123 Architecto
477 3063 651 3138 sequentem
674 3055 816 3137 hymnum
840 3056 954 3118 accine.

409 3234 489 3297 Jova
512 3232 606 3296 Sator
628 3234 750 3307 Mundi,
774 3243 967 3314 nostrumque
992 3242 1117 3296 aeterna
1138 3240 1294 3312 potestas,

367 3322 491 3396 Quanta
513 3331 568 3384 tua
591 3332 639 3385 est
662 3340 779 3384 omnem
804 3324 965 3385 Terrarum
990 3325 1072 3386 fama
1094 3342 1148 3403 per
1172 3321 1299 3384 orbem?

368 3411 477 3476 Gloria
500 3420 614 3494 quanta
637 3412 786 3474 tuaest?
823 3411 910 3476 Coeli
934 3432 1009 3493 qnae
1034 3412 1132 3475 didita
1155 3430 1247 3492 supra

368 3502 492 3565 Moenia
515 3503 668 3583 concussis
692 3502 777 3563 volat
800 3500 987 3565 admirabilis
1011 3501 1078 3563 alis,

369 3589 522 3672 Agnoscit
544 3609 617 3669 puer
641 3599 673 3650 et
696 3598 799 3670 spreto
822 3601 908 3654 satur
932 3591 1022 3653 ubere
1045 3589 1144 3653 balbis

368 3682 411 3743 Te
435 3681 570 3742 dictante
593 3679 686 3741 struit
707 3678 811 3743 valida
833 3687 1012 3759 argumenta
1035 3679 1174 3742 labellis:

368 3770 570 3850 Argumenta,
597 3767 703 3847 quibus
726 3767 858 3831 tumidus
882 3768 1074 3830 confunditur
1096 3767 1194 3829 hostis

370 3856 605 3937 contemtorqne
629 3856 686 3932 tui,
711 3868 744 3921 et
765 3864 932 3919 contemtor
951 3857 1029 3936 juris
1053 3866 1085 3918 et
1108 3855 1216 3937 aequi:

367 3950 430 4010 Ast
453 3965 523 4025 ego,
549 3965 606 4026 quo
630 3945 749 4008 credam
773 3945 910 4025 spatioso
933 3945 1050 4008 Numen
1074 3946 1103 4006 ln
1128 3944 1218 4017 orbe,

370 4034 540 4117 Suspioiam
565 4036 714 4097 attonitus
738 4035 818 4097 vasti
841 4034 997 4097 molimina
1020 4034 1111 4105 coeli,

368 4126 474 4206 Magni
498 4142 573 4204 opus
596 4124 747 4197 Artificis,
772 4124 892 4185 validae
916 4121 1062 4185 miracula
1085 4124 1231 4197 dextrae3

370 4213 509 4296 Quinque
532 4212 576 4274 uti
600 4212 735 4275 sidereos
759 4212 871 4275 normis
896 4212 1070 4273 distinxeris
1095 4211 1199 4283 orbes,

252 4369 257 4377 ,
371 4302 456 4375 Quos
479 4305 560 4364 intra
582 4301 700 4364 medius
724 4303 856 4384 lucisque
881 4301 1057 4381 animaeque
1081 4301 1218 4363 minister

371 4391 441 4465 Qua
464 4392 531 4471 lege
553 4390 669 4452 aeterni
693 4410 797 4454 cursus
822 4392 991 4453 moderetur
1014 4389 1166 4461 habenas,

371 4481 457 4553 Quas
481 4480 585 4562 capiat
606 4479 728 4541 variata
750 4480 848 4553 vices,
874 4498 950 4561 quos
973 4479 1059 4541 Luna
1082 4479 1218 4553 labores,

372 4570 530 4652 Sparssris
553 4569 697 4631 immenso
722 4587 811 4649 quam
834 4569 962 4649 plurima
986 4568 1086 4629 sidera
1109 4585 1226 4647 campo.

417 4747 550 4810 Maxime
574 4745 679 4809 blandi
705 4744 831 4826 Opiter,
855 4765 914 4826 qna
938 4754 969 4807 te
992 4744 1108 4807 ratione
1132 4743 1234 4823 coegit

372 4837 505 4915 Parvus,
529 4836 630 4925 inops,
654 4834 789 4917 humilis,
813 4846 935 4921 tamque
959 4834 1088 4917 exiguae
1111 4833 1210 4897 incola
1232 4830 1339 4912 glebas
