3786 5808
716 339 879 392 nmmum
1259 316 1279 407 J
1432 335 1474 404 53

123 501 179 565 en‘t
198 519 267 563 cuns
288 500 442 579 utilitate,
466 502 556 565 rebus
573 502 639 582 jam
661 500 837 580 prostratis,
868 500 952 563 nulla
974 499 1047 563 mihi
1073 500 1130 563 uisi
1158 500 1247 562 valde
1271 499 1420 563 laboriosa
1442 508 1475 562 et

122 590 248 654 molesta
270 589 430 673 prouincia
452 591 624 654 demandari
646 591 768 670 poterit,
793 589 911 671 qualern
935 590 1037 653 forsan
1061 597 1092 651 et
1110 590 1281 668 provisores
1300 588 1393 651 vestri
1417 589 1474 652 de·

122 688 273 744 nectant:
298 680 347 742 cui
370 700 490 762 operae,
514 679 540 741 si
563 680 659 742 minus
683 698 739 759 ego
762 686 884 760 propter
907 680 1089 760 superbiam,
1114 688 1195 741 certe
1218 677 1339 760 propter
1361 678 1474 759 ingenii

122 770 345 833 volubilitatem
366 778 400 833 et
417 771 552 833 laborum
570 768 788 849 impatientiam
807 768 925 848 ineptus
944 788 1021 842 snm,
1044 768 1095 830 alii
1114 767 1230 831 rectius·
1243 767 1472 831 adhibebuntur.

122 861 188 922 Non
212 860 291 922 latet
312 860 500 940 inspectores
523 876 605 920 meos
629 878 678 919 res
701 858 782 919 ista:
806 877 899 939 eoque
919 858 962 932 fit,
986 865 1021 919 ut
1042 875 1078 919 ne
1100 858 1218 938 quidem
1240 856 1474 937 cogitationibus

121 950 182 1012 suis
205 968 254 1010 me
278 948 431 1012 destinent
453 946 604 1010 laboribus
627 945 828 1011 scholasticis.
867 945 999 1026 Cupiunt
1020 966 1067 1009 me
1091 947 1134 1008 uti
1158 947 1214 1009 hoc
1233 946 1295 1008 otio
1313 965 1379 1008 meo
1401 946 1472 1027 phi-

122 1039 275 1119 losophico
290 1038 330 1099 ad
348 1036 542 1101 illustrandas
557 1037 731 1116 disciplinas
747 1035 992 1099 mathematicas:
1017 1045 1048 1096 et
1071 1035 1097 1097 si
1120 1054 1212 1115 penes
1237 1036 1319 1116 ipsos
1341 1037 1471 1111 steterit,

122 1147 274 1208 nunquam
295 1125 367 1189 mihi
394 1124 538 1189 salarium
565 1144 662 1187 meum
690 1125 894 1206 abrogabitur.
940 1123 1002 1186 Sed
1030 1124 1065 1186 lit
1091 1125 1199 1205 injuria
1226 1135 1406 1205 temporum,
1439 1134 1473 1188 ut

121 1217 176 1280 lini
200 1216 260 1278 bae
282 1217 415 1297 ipsorum
437 1215 551 1296 optima
572 1215 726 1277 voluntate
749 1215 799 1277 diu
821 1234 879 1277 nou
903 1215 1026 1293 possim.
1059 1213 1172 1294 Siqua
1194 1216 1240 1278 ris
1264 1234 1302 1277 er
1320 1214 1389 1276 aula
1412 1214 1471 1277 rni-

121 1308 224 1370 uistris
247 1324 403 1386 procerum
425 1304 550 1383 ingruit,
579 1303 607 1366 ei
633 1305 691 1385 ipsi
716 1322 831 1385 quoque
854 1310 924 1366 sunt
946 1302 1079 1379 obnoxii,
1108 1309 1226 1367 tautum
1253 1304 1342 1367 abest
1369 1310 1403 1366 ut
1424 1323 1472 1366 me

122 1395 296 1459 defendant.
341 1393 390 1455 En
412 1396 509 1456 altera
530 1401 617 1474 parte
645 1401 716 1456 suut
738 1392 815 1455 iuter
837 1412 995 1473 proceres,
1029 1393 1078 1474 qui
1110 1393 1188 1474 quod
1215 1392 1385 1457 academias
1413 1395 1471 1455 ad-

123 1486 229 1548 iverint
253 1482 422 1569 opinionem
444 1482 558 1545 habent
580 1482 764 1557 eruditionis,
789 1482 895 1564 quibus
914 1482 970 1544 hoe
989 1489 1126 1562 praestat
1149 1481 1316 1558 literatura,
1340 1489 1374 1544 ut
1397 1502 1472 1545 oon-

125 1574 243 1636 identia
263 1573 394 1655 qaedam
407 1579 530 1634 utantur
552 1571 582 1633 in
606 1571 830 1634 contemnendis
852 1572 935 1633 hisee
958 1570 1181 1634 mathematicis
1203 1572 1469 1653 speculationibus.

127 1665 215 1726 Penes
240 1682 318 1743 quos
341 1680 407 1724 oum
430 1660 472 1723 sit
493 1659 537 1723 rei
560 1680 685 1736 summa,
709 1662 820 1735 neseio,
844 1679 932 1742 quam
956 1661 1006 1723 diu
1025 1679 1072 1722 me
1091 1667 1228 1724 tutatura
1250 1662 1292 1724 sit
1314 1662 1469 1741 inspecto·

131 1773 185 1815 rum
206 1752 357 1814 autoritas
380 1758 485 1813 contra
506 1749 625 1825 illorum
647 1749 797 1826 invidiam,
821 1750 880 1832 qui,
904 1757 938 1811 ut
960 1749 1029 1812 olim
1047 1750 1211 1813 Florentini
1234 1760 1339 1814 contra
1352 1750 1470 1813 Philei-

126 1843 219 1922 pirum,
245 1841 291 1903 sic
314 1839 403 1902 hodie
426 1848 532 1902 contra
553 1859 600 1901 me
624 1839 788 1914 clamitant,
812 1842 862 1903 vel
884 1846 966 1902 certe
989 1840 1165 1916 mussitant,
1188 1860 1247 1903 non
1266 1837 1330 1921 jani
1353 1847 1470 1921 tempus

125 1952 185 1995 esse
215 1929 367 2005 discendi,
397 1928 451 1990 sed
478 1927 695 2008 belligerandi3
721 1929 797 1991 irem
822 1929 923 2009 potius
951 1929 981 1991 in
1006 1926 1214 2004 Germaniam,
1244 1949 1320 2011 quae
1343 1948 1401 1990 non
1424 1928 1471 1992 ita

121 2028 273 2102 prematur
295 2017 511 2081 incursionibus
534 2018 679 2081 Turcicis.
725 2016 841 2088 Quibus
864 2018 999 2081 omuibus
1022 2018 1148 2098 aliisque
1172 2019 1208 2080 de
1231 2017 1330 2086 causis
1354 2017 1468 2098 opinor,

121 2118 296 2173 maantam
318 2128 386 2171 esso
410 2109 489 2189 apud
511 2115 542 2170 te
564 2107 641 2169 hane
663 2107 897 2188 inquietudinem
920 2116 952 2169 et
973 2107 1193 2189 impatientiam
1212 2127 1318 2171 meam·
1357 2106 1467 2182 Quare,

119 2208 148 2261 ut
171 2198 366 2270 concludam,
394 2216 531 2260 reversus
558 2197 598 2258 ad
623 2195 811 2278 principium,
840 2216 907 2259 cum
934 2214 992 2258 non
1020 2196 1119 2278 possit
1142 2215 1209 2260 esse
1233 2198 1372 2260 diuturna
1394 2198 1469 2259 haee

118 2308 184 2351 mea
208 2287 352 2361 conditio,
376 2286 510 2349 omnibus
533 2285 630 2348 modis
653 2307 672 2349 a
694 2293 725 2348 te
747 2293 834 2366 peto,
859 2294 894 2348 ut
915 2305 1005 2366 super
1026 2286 1083 2348 hac
1106 2305 1173 2348 mea
1194 2304 1338 2368 perquam
1359 2305 1471 2348 neces-

118 2379 200 2440 saria
222 2376 442 2439 consultatione
466 2375 538 2437 mihi
561 2374 651 2437 animi
673 2374 717 2437 tui
740 2392 831 2437 sensa
854 2376 990 2455 aperias:
1015 2383 1103 2457 teque
1123 2375 1219 2457 ipsum
1240 2376 1377 2457 fingendo
1400 2393 1467 2437 meo

116 2467 228 2530 iuloco
244 2465 421 2539 constituas,
445 2474 486 2541 et,
512 2464 582 2546 qnid
596 2473 629 2526 tu
644 2465 779 2526 facturus
795 2464 831 2525 de
846 2464 1024 2545 migratione
1041 2484 1135 2539 esses,
1160 2466 1282 2528 indices.
1321 2465 1467 2527 Tntumne

117 2557 154 2618 sit
178 2562 214 2617 et
237 2555 409 2635 expeditum
431 2562 551 2616 etcum
574 2572 628 2632 spe
651 2552 845 2633 promotionis
868 2554 1017 2628 futurum,
1053 2554 1079 2616 si
1111 2554 1278 2635 Tubingam
1308 2573 1356 2616 me
1393 2573 1467 2630 conf

117 2646 232 2717 ieram
266 2664 304 2705 an
335 2650 471 2724 praestet
500 2642 530 2704 iu
563 2642 654 2704 aliam
685 2642 814 2705 transire
846 2643 1056 2705 academiam?
1100 2641 1135 2705 Si
1161 2643 1258 2706 miuus
1286 2651 1388 2706 cetera
1410 2643 1467 2705 huo

116 2733 265 2797 incientis
287 2731 326 2794 ad
348 2751 395 2794 me
417 2732 463 2794 vis
485 2731 679 2812 perscribere,
702 2749 830 2811 parcens
845 2732 974 2794 fortasse
994 2732 1122 2811 privatis
1146 2732 1293 2813 aliquibus
1310 2739 1369 2795 ,aut
1391 2751 1466 2793 aea·

115 2823 235 2886 demine
258 2821 335 2897 toti,
359 2829 413 2883 aut
435 2821 593 2883 consulens
617 2839 794 2882 areauomm
816 2820 1035 2882 eonscientiae:
1068 2829 1101 2882 at
1123 2820 1175 2884 illa
1197 2822 1336 2903 vulgaria
1357 2820 1465 2895 scribe,

115 2912 196 2994 quod
218 2911 348 2993 pretium
370 2909 441 2985 vini,
467 2909 619 2984 frumeuti,
644 2909 693 2990 qui
716 2917 900 2971 commeatus
923 2909 1111 2990 cupediarios
1135 2910 1207 2982 (nou
1231 2910 1309 2972 enim
1332 2908 1467 2971 assuevit

112 3021 190 3064 uxor
213 3019 282 3063 mea
305 2999 382 3062 labis
404 2999 558 3071 victitare)
581 2999 632 3078 qui
653 2998 758 3061 modus
785 2998 1041 3061 conducendamm
1068 2998 1199 3074 aedium,
1228 3008 1260 3061 et
1286 2998 1317 3060 in
1344 3016 1464 3078 genere,

112 3098 229 3173 quanto
252 3097 352 3152 sumtu
374 3088 438 3152 vita
460 3096 587 3171 quatuor
608 3087 656 3150 vel
683 3087 810 3169 quinque
838 3088 988 3152 hominnm
1014 3087 1178 3167 vulgariter
1199 3088 1229 3150 in
1253 3107 1361 3149 aunum
1383 3087 1464 3149 tole·

113 3179 223 3244 retur?
259 3178 317 3240 Hie
340 3186 407 3240 esto
429 3178 616 3240 necessarius
640 3177 843 3258 responsionis
867 3187 936 3241 tuae
960 3196 1079 3258 scopus.
1125 3177 1175 3239 Ad
1198 3184 1301 3239 cetera
1325 3175 1466 3240 nonnisi

112 3289 168 3349 per
194 3267 300 3330 otium.
332 3266 460 3349 Jamque
482 3266 605 3329 taudem
622 3267 700 3342 vale,
724 3274 756 3329 et
777 3265 823 3330 Cl.
843 3268 885 3330 V.
900 3267 939 3329 D.
957 3265 1085 3330 Gellium
1108 3266 1228 3329 affinem
1250 3285 1347 3329 meum
1368 3267 1465 3329 hono-

113 3358 199 3421 rifice
222 3357 333 3418 saluta.
376 3357 410 3419 In
434 3374 542 3436 genere
566 3375 636 3419 vero
660 3375 707 3418 me
731 3356 866 3420 omuibus
891 3356 1015 3437 collegis
1040 3356 1236 3418 commenda·
1269 3352 1273 3357 ’
1404 3419 1409 3430 ,

211 3442 261 3511 19.
285 3440 339 3509 29.
362 3447 441 3527 Aug.
465 3440 518 3508 99.
731 3447 770 3509 Η.
794 3446 830 3508 Τ.
878 3444 964 3509 Grat.
989 3445 1151 3526 discipulus
1325 3448 1330 3457 “

1166 3532 1213 3598 Μ.
1236 3532 1271 3597 J.
1293 3531 1423 3617 Kepler.

184 3623 319 3687 Nnncius
340 3624 370 3686 in
393 3622 543 3686 mandatis
566 3630 599 3685 ιι
620 3630 690 3686 ante
707 3623 813 3686 habuit
830 3625 872 3698 (si
885 3624 1055 3705 postulatus
1074 3622 1205 3698 luisset),
1230 3631 1263 3686 et
1280 3623 1344 3703 jam
1362 3622 1465 3698 habet,

113 3716 151 3778 de
178 3722 254 3796 type
276 3712 493 3788 satisfaciendi,
518 3731 585 3774 cum
607 3713 771 3794 gratiarum
793 3714 921 3776 actione.
959 3713 995 3776 ld
1018 3714 1169 3793 negotium
1191 3712 1280 3775 unica
1302 3712 1465 3775 monitiuu·

114 3806 190 3868 oula
210 3820 385 3883 promovere
407 3809 504 3884 potes

193 3962 234 4013 Ad
249 3962 314 4013 haec
332 3960 521 4013 ιιιιιιιὶιιιιι
539 3960 665 4025 respondit
682 3961 780 4012 demnas
797 3960 822 4010 d.
844 3958 884 4010 15.
904 3958 946 4011 25.
963 3961 1022 4013 ιιι.
1042 3958 1125 4011 190οι
1154 3960 1275 4028 Magnum
1292 3961 1407 4026 mihique.
1425 3963 1468 4027 qul

114 4034 234 4100 politicus
252 4033 318 4084 unllo
336 4033 408 4083 modo
426 4048 489 4091 snm,
507 4034 653 4097 impossibile
671 4032 835 4098 respondendi
852 4033 1003 4096 postulatum
1019 4035 1162 4098 imposuisti.
1194 4034 1226 4084 Ι).
1246 4033 1278 4083 Ι).
1298 4032 1421 4083 Gerlaohii
1440 4038 1467 4083 et

114 4104 285 4158 Hafeurefferi
304 4105 430 4155 consilinm
448 4110 494 4162 est,
513 4110 542 4153 ut
559 4119 602 4167 per
619 4104 725 4154 libellum
743 4104 876 4168 supplicem
889 4104 1080 4155 illustrissimum
1092 4112 1201 4155 nosmum
1220 4104 1250 4154 de
1269 4118 1382 4170 regressu
1399 4103 1465 4153 solll-

114 4181 219 4235 citsru,
238 4176 354 4227 smmis
368 4176 465 4227 deloco
483 4176 617 4225 elementer
633 4178 770 4239 prospiciet.
800 4174 938 4226 censentit
955 4178 1110 4227 instrumenti
1128 4191 1172 4226 seu
1191 4177 1269 4239 operis
1287 4174 1466 4232 mathematici,

114 4265 161 4314 pes
179 4248 246 4312 qnod
263 4249 323 4311 Ejns
342 4248 425 4300 celsit
443 4248 571 4297 innotuisti
589 4243 656 4309 (ride
673 4244 750 4307 inira)
773 4248 826 4298 lieri
843 4260 914 4309 possa
932 4250 1089 4299 mentionem.
1127 4248 1231 4299 Utinam
1253 4247 1422 4311 prudentiores
1440 4252 1467 4298 ιι

114 4322 141 4372 in
157 4320 235 4371 rebus
247 4321 352 4384 politicis
362 4320 565 4386 intelligentiores
583 4333 657 4383 quam
673 4334 713 4387 me
731 4319 902 4377 consuluisses,
921 4321 980 4384 quia
992 4334 1048 4370 rere
1060 4321 1191 4369 infantiam
1202 4319 1337 4389 hie'nreem
1349 4332 1466 4383 agnosco.

190 4392 317 4442 Frumenti
339 4394 445 4457 pretinm
467 4390 533 4455 apud
556 4405 602 4441 nos
624 4396 676 4439 est:
703 4391 839 4441 medimnus
866 4392 920 4454 plus
944 4393 1072 4455 minusque
1097 4393 1112 4440 5
1135 4391 1160 4439 ll.
1186 4396 1299 4446 constat3
1327 4404 1391 4439 urna
1416 4391 1467 4440 riui

118 4460 225 4513 ss-ls
245 4464 341 4515 circiter
357 4464 462 4513 florenis.
491 4461 530 4512 De
549 4463 636 4512 ceteris
654 4461 811 4520 maledicte,
830 4478 904 4528 qnam
921 4464 1004 4526 inepte
1023 4463 1178 4527 respondere,
1196 4462 1301 4526 quiade
1319 4461 1466 4511 victualibus

116 4536 257 4585 rudioribus
270 4542 296 4584 et
307 4535 482 4603 ynlgsrloribns
494 4534 534 4584 ris
545 4534 676 4599 quidquam
688 4534 752 4592 nori,
771 4534 862 4584 nedum
875 4534 905 4584 de
917 4534 1074 4589 lautioribnsr
1094 4538 1128 4584 sle
1142 4532 1355 4584 conducendarum
1367 4532 1467 4582 aedium

116 4610 242 4656 ationem
258 4606 334 4670 plane
351 4609 444 4672 ignoro.
485 4605 540 4656 Hoc
558 4607 627 4662 scio.
646 4605 825 4670 quodpropter
842 4603 858 4653 5
876 4607 999 4670 principes
1016 4606 1145 4671 pluresque
1162 4606 1266 4655 barones
1285 4609 1311 4654 et
1328 4603 1403 4661 alios,
1422 4605 1465 4668 qni

116 4678 159 4729 hie
177 4679 282 4743 degunt,
300 4693 393 4745 magns
409 4680 441 4728 sit
459 4679 625 4742 plerorumque
638 4676 779 4728 victualium
796 4680 907 4742 penuria.
937 4677 1020 4738 Quare
1038 4693 1087 4727 nou
1105 4683 1151 4734 est,
1169 4683 1199 4727 ιιι
1215 4674 1337 4726 nonnullis
1356 4677 1465 4740 privatis,

118 4757 166 4800 snt
182 4750 230 4799 toti
241 4750 351 4808 scholae,
369 4752 420 4800 sire
432 4763 578 4800 masuerum
590 4750 765 4806 comcieutisa
783 4756 811 4799 ut
828 4751 921 4810 scribis,
941 4749 1075 4807 consulam,
1094 4749 1138 4799 sed
1155 4762 1213 4798 mea
1230 4747 1337 4797 infantia
1353 4747 1380 4795 in
1397 4747 1466 4797 hisee

118 4822 227 4871 snubere
244 4837 296 4871 non
313 4822 379 4879 sinit,
397 4835 461 4887 quae
477 4819 595 4886 postulas.
633 4819 740 4872 Obsecro
758 4836 825 4886 ergo,
843 4829 871 4871 ut
890 4836 922 4872 ea
939 4835 987 4873 nou
1005 4820 1144 4881 offendaris,
1163 4819 1207 4871 sed
1225 4820 1275 4869 ists
1292 4819 1323 4869 ab
1342 4818 1404 4875 aliis.
1423 4819 1465 4884 qui

119 4892 214 4959 politici
231 4895 314 4960 magis
331 4899 402 4950 sunt,
420 4899 520 4961 expetas
538 4893 600 4942 seire
618 4888 663 4945 &o
