3872 5836
736 335 768 386 a·
785 336 858 386 aas·
875 336 1038 403 nanuum.
1497 332 1562 402 377

206 488 276 563 AB,
307 486 379 564 Bc,
411 488 477 554 CI).
523 490 581 555 Hic
613 493 640 555 ei
664 495 822 559 Platonem
849 514 952 578 roges,
986 516 1053 561 cnm
1075 496 1107 558 A
1136 513 1194 558 non
1226 503 1375 560 consonat
1405 515 1501 579 neque
1523 498 1561 572 B,

206 596 305 661 neque
330 577 366 655 Ο,
390 598 486 659 neque
504 580 543 642 D.
589 582 683 645 Atei
707 583 763 646 OD
786 594 876 647 tenne
898 604 953 665 per
975 586 1003 648 E
1026 592 1145 648 secetur
1167 585 1197 647 in
1217 585 1281 656 GE,
1306 587 1425 662 lemma,
1449 594 1482 647 et
1494 587 1561 662 ΕΙ),

207 667 318 743 diesin,
341 668 386 730 sic
409 678 443 730 nt
465 668 493 730 Ε
516 688 584 731 cnm
607 671 637 733 A
659 672 773 737 lrabeat
794 676 1019 755 proportionem
1041 675 1198 755 epitriton,
1232 683 1309 763 tuno
1331 676 1410 738 inter
1432 675 1490 737 ΔΕ
1515 685 1564 739 eet

207 756 376 820 hamonis.
422 756 537 837 ltaque,
563 759 643 822 sicut
667 770 756 824 tonns
780 761 836 827 CD
858 782 914 844 per
936 764 1124 826 harmoniam
1145 763 1173 825 Ε
1196 764 1312 826 divisus
1336 771 1385 828 est
1411 765 1442 827 in
1464 765 1563 828 minua

208 844 263 910 GE
286 852 320 907 et
336 847 435 926 majus
458 846 529 920 ΕΙ),
560 848 605 909 sic
636 860 746 913 natura
773 854 921 915 hominem
943 872 1034 915 unum
1061 870 1116 932 per
1143 854 1346 933 generationis
1370 861 1560 933 apparatum,

209 935 319 1018 quavis
341 935 499 998 harmonia
521 938 700 1015 suaviorem,
726 942 830 1003 divisit
851 943 881 1004 in
906 943 1047 1004 feminam
1071 951 1104 1003 et
1126 961 1253 1016 marem,
1279 961 1403 1022 quorum
1427 942 1479 1003 alii
1502 943 1563 1005 ali·

208 1025 279 1106 quid
303 1025 404 1099 deest,
428 1024 496 1087 huic
519 1025 663 1091 abundat.
710 1030 821 1092 Patere
844 1032 938 1104 enim,
970 1039 1003 1092 ut
1026 1031 1103 1092 hanc
1126 1031 1256 1110 gratiam
1279 1040 1404 1112 tangam
1427 1038 1563 1093 extremo
1671 1036 1675 1047 ’

208 1113 315 1194 digito,
340 1121 376 1174 nt
396 1120 483 1175 tactu
506 1115 744 1195 experimentum
766 1120 884 1201 capiam
907 1122 1060 1200 corporis,
1086 1120 1171 1199 cujus
1194 1120 1292 1183 forma
1315 1120 1431 1183 eminus
1454 1127 1561 1182 tanto-

207 1221 281 1284 pere
304 1202 410 1265 arrisit
432 1203 537 1267 oculis.
583 1205 664 1268 Nam
693 1227 745 1270 cur
769 1228 826 1271 non
855 1210 960 1289 juvem
982 1209 1202 1284 Reinhardum,
1232 1208 1450 1290 jucundissime
1481 1209 1562 1270 alln-

209 1293 333 1355 dentem
356 1311 395 1353 ex
416 1292 634 1372 Trismegieto,
658 1304 692 1357 et
714 1298 855 1360 seminam
879 1298 999 1378 quidem
1021 1299 1101 1360 inira
1124 1298 1337 1374 collocantem,
1361 1306 1397 1360 ut
1418 1317 1475 1378 par
1498 1305 1562 1359 est:

207 1400 267 1443 non
290 1387 362 1441 sunt
385 1380 463 1442 enim
487 1381 601 1444 ferendi
624 1384 691 1460 viri,
716 1387 765 1466 qni
789 1387 889 1450 iemnt
912 1407 983 1450 suas
1008 1388 1136 1449 feminae
1160 1394 1192 1449 et
1214 1396 1321 1450 contra
1339 1388 1450 1455 flumen
1473 1387 1561 1449 nari-

208 1476 292 1549 gant.
340 1468 427 1544 „Dis‘
441 1489 559 1531 sursum
592 1473 701 1549 fumat,
733 1476 830 1538 stillat
852 1476 940 1539 lovis
969 1478 1051 1538 unda
1073 1476 1243 1539 deorsum.“
1289 1476 1355 1539 Nec
1378 1475 1564 1539 invenustior

208 1567 258 1621 εει
280 1558 334 1619 illa
356 1558 422 1621 duri
444 1559 601 1640 mollisque
626 1565 874 1629 accommodatio.
920 1566 1054 1629 Rursum
1077 1566 1155 1628 enim
1180 1565 1283 1627 suavis
1306 1566 1357 1628 ille
1380 1572 1482 1627 tactus
1504 1582 1563 1627 no·

208 1656 292 1710 stros
315 1647 436 1727 judices
465 1648 598 1712 advocat
625 1652 669 1713 rei
697 1652 915 1733 lepidissimae,
958 1675 1026 1716 cum
1055 1674 1092 1718 ex
1120 1653 1319 1734 Trismegisto
1349 1654 1431 1717 solos
1459 1653 1563 1715 oculos
1664 1701 1668 1708 .

208 1736 446 1810 erudiisset„ex
468 1737 597 1801 Platone
621 1760 721 1803 aures.
767 1745 890 1806 Etenim
913 1746 1018 1806 dnmm
1042 1750 1163 1824 oportet
1185 1761 1271 1819 esse,
1296 1745 1375 1824 quod
1398 1742 1561 1811 infinditur,

207 1826 298 1889 molle
322 1843 395 1888 vero
417 1845 526 1905 corpus
553 1836 587 1890 et
608 1829 639 1891 in
663 1848 695 1892 εε
720 1834 844 1909 cedens,
874 1835 952 1914 quod
977 1835 1081 1897 durum
1108 1833 1182 1895 illud
1210 1832 1323 1912 excipit
1352 1834 1506 1910 locumque
1534 1831 1563 1892 ei

209 1916 273 1977 dat.
319 1912 390 1986 Qua
411 1916 587 1979 titillatione
609 1918 800 1984 Reinhardus
824 1922 971 1985 excitavit
983 1941 1080 1984 meum
1096 1921 1256 2002 ingenium,
1281 1927 1316 1983 ut
1334 1919 1464 1983 lubuerit
1479 1937 1563 2002 sym·

210 2003 289 2068 bolis
313 2023 380 2067 curu
401 2005 455 2066 ille
479 2014 606 2083 certare,
632 2009 739 2088 quibus
762 2013 841 2074 oculi
864 2012 953 2074 simul
976 2020 1009 2073 et
1030 2011 1130 2092 digiti}
1156 2010 1245 2073 simul
1268 2020 1301 2072 et
1323 2009 1452 2073 hominis
1476 2008 1564 2088 inge-

209 2095 290 2156 nium
323 2094 514 2174 facultasque
537 2099 713 2161 numerandi
736 2101 775 2162 ad
804 2101 1001 2180 judicandum
1025 2108 1116 2181 atque
1140 2099 1370 2162 discemendrim
1394 2099 1474 2160 inter
1496 2117 1564 2159 ma-

210 2201 274 2245 rem
296 2190 329 2244 et
351 2181 493 2244 feminam
515 2184 709 2250 advocentur.

300 2270 362 2334 Sed
385 2271 578 2335 ratiocinatio
600 2276 718 2354 prolixa
741 2286 800 2339 est.
847 2277 881 2338 ln
904 2276 1073 2357 geometria
1094 2275 1172 2338 ratio
1196 2281 1246 2339 est
1267 2274 1348 2336 inter
1366 2275 1441 2336 duos
1457 2273 1563 2337 termi-
1588 2286 1594 2319 r

209 2379 278 2435 nos,
300 2360 455 2441 proportio
477 2363 625 2425 rationum
649 2364 812 2429 similitudo
837 2373 895 2428 eet.
942 2367 992 2427 Ad
1007 2365 1231 2445 proportionem
1250 2363 1344 2443 igitur
1357 2372 1486 2443 quatuor
1501 2371 1565 2423 ter·
1589 2364 1593 2375 ’

210 2450 283 2513 mini
306 2449 504 2531 requiruntur.
553 2450 641 2522 Quod
671 2455 696 2514 si
725 2455 815 2518 medii
843 2456 901 2517 dno
933 2455 1076 2517 inunum
1099 2461 1223 2526 coeant,
1257 2453 1411 2532 proportio
1436 2453 1566 2514 efficitur

210 2539 369 2611 continua,
403 2546 466 2600 tres
495 2539 611 2602 babens
639 2551 709 2604 actu
738 2542 898 2617 terminos,
930 2551 1085 2623 potestate
1116 2550 1254 2623 quatuor.
1301 2542 1386 2602 Inter
1408 2542 1565 2602 continuas

209 2627 421 2711 proportiones
445 2647 535 2690 unum
553 2629 705 2709 singulare
729 2650 825 2711 genus
847 2641 898 2694 εει
919 2632 1122 2713 proportionis
1146 2631 1283 2704 divinae,
1317 2648 1384 2691 cum
1409 2630 1566 2691 extribus

210 2718 348 2781 terminis
371 2716 429 2777 duo
452 2716 583 2780 minores
606 2730 739 2798 aequant
761 2722 918 2800 majorem,
943 2740 995 2783 aen
1020 2738 1087 2781 cum
1110 2726 1208 2781 totum
1231 2720 1275 2779 ita
1298 2725 1421 2779 secatur
1444 2718 1474 2778 in
1497 2717 1566 2788 dno,

211 2815 246 2870 ut
272 2807 351 2869 inter
377 2812 482 2884 partes
512 2815 544 2869 et
567 2815 665 2869 totum
698 2810 740 2872 sit
763 2809 906 2871 continua
934 2808 1098 2890 proportio.
1144 2808 1243 2886 Hujus
1266 2805 1479 2896 proportionis·
1492 2805 1567 2867 haec

211 2904 261 2959 est
282 2895 467 2977 proprietas,
500 2903 535 2956 ut
557 2914 596 2956 ex
625 2898 739 2977 majore
773 2896 901 2959 termino
931 2905 964 2959 et
986 2904 1052 2959 toto
1084 2912 1201 2958 rursum
1230 2903 1428 2973 componatur
1460 2892 1567 2955 similis

211 2984 376 3066 proportio.
423 2982 481 3053 Qui
507 2984 587 3045 enim
614 2987 698 3066 prius
722 2995 789 3048 erat
812 2987 925 3066 major,
956 2987 1019 3067 jam
1046 2984 1082 3046 tit
1104 2983 1216 3058 minor,
1250 2983 1329 3064 quod
1351 2982 1435 3062 prius
1459 2989 1565 3053 tetum,

197 3068 273 3154 'jam
296 3074 331 3135 fit
353 3073 451 3152 major
474 3074 632 3149 terminus,
660 3083 692 3137 ει
714 3076 912 3155 compositum
935 3095 973 3137 ex
996 3082 1122 3154 utroque
1137 3074 1203 3151 jam
1226 3073 1321 3134 habet
1344 3072 1492 3133 rationem
1515 3077 1567 3130 to-

135 3188 148 3195 r
211 3163 282 3226 tius.
329 3163 395 3223 Hoc
422 3163 452 3223 in
486 3161 649 3241 inlinitum,
683 3184 802 3246 semper
832 3175 974 3228 manente
1006 3163 1200 3243 proportione
1232 3161 1343 3224 divina.
1362 3180 1369 3185 ·
1391 3160 1478 3221 Hanc
1510 3176 1567 3237 ego

212 3252 427 3333 geometricam
450 3253 689 3332 proportionem,
721 3263 808 3336 puto,
842 3254 942 3316 ideam
966 3255 1060 3316 fuisse
1084 3252 1228 3327 creatori,
1258 3251 1297 3313 ad
1320 3248 1569 3312 introducendam

212 3340 436 3421 generationem
461 3342 569 3404 similis
592 3363 630 3406 en
653 3345 753 3418 simili,
780 3362 857 3427 quae
881 3354 930 3406 eet
952 3344 1045 3406 etiam
1068 3342 1219 3423 perennis.
1266 3340 1367 3403 Video
1396 3339 1476 3400 enirn
1499 3337 1568 3418 qui-

213 3430 328 3493 narium
349 3430 378 3491 in
402 3430 524 3493 floribus
548 3450 624 3511 pene
649 3436 793 3510 omnibus,
819 3434 869 3516 qui
893 3434 1032 3509 linctum,
1056 3434 1113 3495 hoc
1137 3441 1187 3494 est
1200 3432 1426 3511 generationem
1440 3446 1569 3508 praece·
1620 3437 1627 3447 '

212 3520 296 3588 dunt.
320 3538 416 3599 neque
439 3530 509 3581 sunt
532 3523 570 3584 ob
594 3541 628 3583 ee
652 3523 743 3603 ipsos,
769 3525 823 3584 sed
838 3524 875 3584 ob
892 3524 1021 3585 fructum
1035 3528 1220 3602 sequentem.
1267 3518 1381 3580 Omnes
1402 3518 1464 3578 fere
1479 3518 1569 3579 flores

213 3608 332 3670 arborei
355 3616 427 3669 ennt
449 3610 479 3670 in
502 3609 560 3671 hoo
583 3629 690 3684 censn3
719 3612 813 3674 citros
836 3618 868 3672 ει
889 3628 996 3690 pomos
1020 3610 1174 3672 aurantius
1199 3609 1276 3669 forte
1300 3605 1439 3685 excipere
1463 3606 1569 3679 debeo,

214 3697 273 3761 etsi
295 3698 399 3758 florem
423 3715 481 3756 nou
505 3697 576 3772 vidi,
601 3716 639 3758 ex
662 3700 761 3761 fructu
785 3700 882 3760 solum
906 3717 960 3759 eeu
983 3716 1071 3778 pomo
1090 3697 1201 3776 judico,
1228 3696 1277 3776 qui
1302 3713 1360 3756 non
1377 3693 1468 3755 estin
1483 3693 1569 3754 locu-

215 3787 260 3847 los
283 3784 408 3864 quinos,
443 3784 496 3846 sed
519 3793 677 3865 septenos,
700 3788 850 3858 undenos,
883 3804 1016 3849 nouenos
1039 3785 1163 3846 divisus.
1211 3782 1375 3853 Quinarius
1398 3800 1483 3856 vero,
1517 3799 1571 3843 seu

215 3872 429 3951 quinquanguli
451 3872 548 3951 ligura
570 3876 754 3937 constmitnr
776 3876 806 3937 in
830 3873 997 3954 geometria
1020 3892 1076 3954 ope
1099 3871 1302 3952 proportionis
1327 3868 1456 3942 divinae,
1480 3888 1570 3949 qnam

215 3961 284 4021 uolo
308 3957 503 4040 archetypum
528 3963 743 4042 generationis.
790 3964 931 4045 Amplius
946 3962 1025 4025 inter
1038 3970 1152 4024 motum
1173 3959 1255 4022 Solis
1271 3962 1350 4034 (sen,
1374 3965 1409 4019 nt
1425 3976 1480 4038 ego
1497 3976 1569 4019 sen-

216 4048 269 4120 tio,
293 4046 438 4123 Telluris)
463 4057 495 4110 et
519 4050 664 4128 Veneris,
691 4073 767 4135 quae
789 4061 913 4134 praeest
936 4052 1075 4115 facultati
1098 4049 1252 4119 seminali,
1275 4047 1430 4128 proportio
1452 4044 1569 4120 8:13,

215 4156 292 4217 quae
315 4137 450 4221 proxime
473 4147 523 4200 eet
546 4141 656 4217 divina,
690 4152 725 4205 ut
747 4144 912 4206 audiemus.
959 4140 1097 4221 Denique
1120 4140 1232 4201 Terrae
1256 4138 1371 4200 coelum
1398 4137 1428 4198 in
1453 4135 1570 4215 Ceper-

216 4227 282 4289 uieo
314 4226 445 4293 medinm
478 4238 527 4291 est
558 4231 638 4292 inter
669 4232 769 4295 coelos
801 4232 912 4295 Martis
943 4238 975 4291 ει
1002 4230 1147 4301 Veneris,
1181 4227 1461 4308 proportionemque
1493 4225 1572 4287 inter

216 4317 285 4379 illos
308 4329 430 4381 nactum
454 4327 504 4380 est
526 4337 564 4380 ex
589 4320 777 4383 dodecaedro
802 4329 834 4383 ει
856 4319 1032 4397 ἰεεεεόἀεο,
1057 4338 1133 4398 quae
1158 4325 1229 4379 snut
1252 4317 1281 4378 in
1306 4315 1471 4397 geometria
1495 4316 1572 4377 dnae

217 4407 338 4471 soboles
365 4409 567 4491 proportionis
601 4409 738 4485 divinae3
770 4411 801 4472 in
824 4411 919 4472 Terra
941 4427 1013 4470 uero
1046 4415 1152 4469 nostra
1180 4413 1337 4467 exercetur
1367 4403 1572 4484 generationis

216 4514 302 4575 opus.
349 4497 430 4560 Vide
450 4498 525 4577 jam,
551 4500 697 4579 quomodo
721 4518 760 4561 ex
781 4499 975 4581 proportione
999 4496 1101 4559 divina
1129 4496 1257 4558 resultat
1285 4494 1402 4574 effigies
1425 4493 1518 4555 maris
1541 4499 1574 4553 et

218 4583 356 4650 feminae.
401 4585 461 4649 Εει
488 4606 555 4650 meo
586 4589 696 4667 jndicio
729 4589 835 4651 eadem
859 4587 947 4671 quasi
979 4586 1134 4667 proportio
1158 4583 1365 4647 seminationis
1398 4583 1572 4662 pleutamm

218 4675 258 4735 ad
281 4684 384 4739 actum
407 4678 611 4754 generationis
640 4677 828 4752 animalium,
861 4696 938 4759 quae
972 4684 1021 4737 est
1047 4673 1249 4756 proportionis
1282 4671 1485 4753 geometricae
1519 4688 1571 4732 sen

219 4764 306 4827 lineis
337 4785 517 4847 expressae,
556 4767 596 4828 ad
626 4766 851 4850 proportionem
883 4765 1105 4830 arithmeticam
1138 4783 1189 4826 een
1222 4761 1354 4825 numeris
1387 4776 1571 4840 expressam.

218 4853 290 4917 Jam
313 4873 386 4921 vero
410 4857 512 4919 divina
534 4857 690 4939 proportio
713 4856 844 4921 numeris
865 4855 993 4937 exprimi
1016 4854 1151 4935 perfecte
1174 4850 1292 4933 nequit,
1322 4848 1449 4930 exprimi
1471 4854 1573 4909 tamen
