3788 5828
903 328 1014 392 Myrterii
1034 329 1234 397 Gommphlel

937 542 1058 642 Caput
1084 540 1207 616 XVII.

806 699 911 763 Aliud
933 700 974 762 de
995 700 1158 767 Maeona
1181 700 1342 771 mmaitnm.

481 844 561 908 Illud
585 840 683 921 magis
707 832 871 916 mirabere,
899 860 965 905 curu
993 842 1201 922 promiserim,
1234 842 1311 902 velle
1336 861 1383 903 me
1408 843 1584 924 corporibus
1608 844 1683 925 ipsis
1707 844 1756 905 in·

394 925 524 997 scribere
547 932 698 1012 planetas,
724 949 774 990 cnr
798 928 979 995 Mercurium
1002 951 1060 992 non
1084 931 1227 995 oetaeum
1252 931 1467 1010 inscripserim‚
1493 934 1546 995 sed
1564 952 1675 1015 passus
1700 933 1758 996 sim

392 1042 459 1086 enm
483 1024 512 1085 iu
538 1020 648 1083 circulo
673 1018 773 1099 aliquo
798 1019 878 1080 ultra
901 1020 1002 1082 orbem
1026 1019 1223 1100 inscriptilem
1247 1020 1285 1080 ad
1310 1021 1448 1100 quadrati
1465 1022 1630 1087 octaedrici
1646 1020 1756 1102 ampli-

393 1112 526 1179 tudinem
550 1107 727 1188 exspatiari.
774 1107 859 1179 Nam,
878 1127 970 1188 supra
994 1127 1060 1188 cap.
1090 1105 1128 1172 13
1153 1117 1185 1169 et
1211 1105 1251 1170 lt
1279 1127 1333 1187 pro
1358 1106 1422 1171 577
1452 1130 1573 1173 numero
1604 1110 1685 1175 orbis
1709 1112 1757 1175 iu·

393 1200 498 1281 scripti
529 1198 669 1278 usurpavi
702 1194 780 1270 707,
810 1216 965 1260 numerum
995 1197 1099 1259 circuli
1121 1192 1266 1277 inscripti
1284 1198 1443 1278 quadrato.
1491 1198 1623 1263 Causam
1647 1200 1756 1263 dicam.

394 1291 535 1363 Primum,
562 1288 632 1367 quia
655 1286 720 1365 ejus
739 1305 759 1345 a
774 1283 846 1346 Sole
862 1285 1011 1366 digressio
1030 1286 1149 1365 longior
1171 1286 1291 1347 minime
1314 1287 1378 1365 peti
1401 1288 1501 1366 potuit
1523 1299 1586 1350 tam
1611 1298 1758 1369 angustos

394 1395 548 1448 carceres,
580 1375 688 1437 deiude
718 1374 788 1454 quia
821 1384 853 1435 et
881 1376 1044 1437 octaddrou
1072 1374 1151 1436 inter
1179 1392 1307 1454 corpora
1334 1385 1366 1436 et
1389 1385 1489 1438 motus
1513 1378 1656 1440 Mercurii
1678 1377 1758 1439 inter

393 1469 534 1548 planetas
558 1464 710 1545 peculiare
735 1463 804 1541 quid
828 1473 860 1524 et
883 1483 1038 1526 commuue
1057 1463 1185 1525 invicem
1203 1463 1327 1526 habeut.
1365 1464 1444 1526 Nam
1468 1465 1497 1527 in
1522 1466 1587 1528 solo
1612 1467 1757 1528 octaedro

395 1574 487 1635 snper
501 1553 644 1633 angulum
659 1562 760 1612 erecto
775 1573 830 1613 usu
845 1555 937 1623 venit,
961 1563 998 1629 ut,
1010 1553 1188 1633 quadratum
1203 1551 1331 1614 *directis
1355 1553 1501 1616 lateribus
1525 1554 1603 1617 viam
1627 1555 1758 1635 aliquam

396 1653 547 1706 monstret
570 1640 708 1721 ampliori
732 1641 852 1715 circulo,
878 1661 966 1724 qnam
984 1650 1032 1704 est
1055 1641 1138 1702 orbis
1163 1641 1335 1721 inscriptus,
1360 1661 1413 1722 per
1426 1642 1556 1706 medium
1570 1644 1756 1707 transeundi.

393 1733 427 1795 Id
452 1732 531 1814 quod
559 1729 589 1791 iu
623 1731 703 1791 nullo
736 1730 795 1790 alio
829 1751 953 1813 corpore
987 1732 1248 1813 quomodocunque
1277 1731 1378 1792 voluto
1407 1752 1461 1793 usu
1491 1733 1582 1797 venit.
1630 1732 1758 1814 Semper

393 1820 471 1889 enim
495 1827 673 1882 transversa
697 1835 750 1897 per
774 1819 903 1883 medium
927 1828 959 1882 et
981 1818 1127 1900 impedita
1149 1818 1291 1887 incedent
1314 1819 1425 1882 latera.¹

560 1922 607 1969 tls·
621 1917 657 1962 ²⁵·
894 1911 929 1973 In
954 1909 1010 1971 hoc
1034 1909 1190 1970 schemate
1214 1916 1341 1989 quatuor
1373 1909 1471 1972 lineae
1504 1918 1658 1973 extremae
1687 1918 1758 1973 eunt
1823 1930 1835 1945 r

595 1978 624 2023 ’χ
832 2006 960 2078 quatuor
989 1996 1255 2077 perpendiculares
1279 1992 1407 2059 totidem
1428 2000 1585 2078 planorum
1613 1999 1645 2061 in
1667 2007 1757 2061 octa-

831 2088 915 2150 tdro.
953 2086 991 2161 R,
1016 2086 1040 2160 1,
1062 2086 1096 2160 T,
1117 2086 1148 2146 V
1168 2095 1238 2147 suut
1257 2104 1359 2148 eorum
1382 2088 1536 2167 planorum
1561 2096 1675 2163 centra,
1701 2088 1757 2150 de-

702 2167 733 2217 V
832 2174 1027 2238 terminantia
1046 2172 1273 2276 amplitudinem
1294 2174 1374 2236 orbis
1393 2175 1545 2278 inscripti,
1567 2176 1605 2238 de
1627 2194 1685 2257 quo
1709 2175 1757 2237 hic

523 2315 530 2325 .
727 2264 802 2421 Χ
834 2265 935 2325 vides
942 2264 1084 2326 circulum
1107 2262 1279 2327 maximum
1326 2261 1386 2334 Qui
1410 2265 1490 2327 orbis
1520 2265 1546 2326 si
1570 2264 1759 2345 intelligatur

610 2352 627 2405 θ
809 2353 930 2456 svolti
938 2370 1027 2432 super
1050 2352 1168 2432 punctis
1192 2352 1231 2413 ad
1249 2352 1296 2428 X,
1321 2352 1360 2423 Η,
1385 2354 1460 2415 duos
1485 2354 1610 2432 angulos
1633 2354 1756 2433 figurae,

678 2490 680 2497 .
733 2505 737 2519 ,
833 2442 964 2521 reperiet
987 2441 1016 2502 in
1040 2442 1066 2503 P
1089 2441 1256 2544 quadrante
1281 2462 1300 2502 a
1326 2442 1403 2521 polis
1433 2442 1625 2504 circumcirca
1647 2441 1758 2521 ampli·

833 2532 966 2592 tudinem
991 2530 1124 2610 aliquam
1154 2531 1319 2613 majorem,
1352 2550 1442 2610 quam
1474 2540 1523 2593 est
1551 2530 1595 2594 ΟΙ
1626 2532 1674 2593 vel
1703 2528 1758 2593 ΟΡ

794 2619 1055 2681 semidiameter
1074 2617 1165 2691 orbis,
1189 2638 1295 2699 nempe
1312 2616 1381 2690 OQ.
1419 2620 1599 2683 Differentia
1622 2621 1687 2701 ejus
1711 2627 1759 2681 est

829 2707 896 2779 PQ.
933 2708 976 2770 Et
998 2716 1087 2771 teuta
1111 2717 1158 2769 est
1182 2708 1311 2770 latitudo
1335 2708 1453 2784 circuli,
1479 2710 1527 2790 qui
1551 2710 1632 2771 ultra
1655 2709 1756 2771 orbem

599 2800 627 2858 1
830 2817 1007 2872 excurrens,
1039 2798 1136 2860 instar
1159 2796 1322 2859 horizontis
1346 2798 1505 2877 alicujus
1497 2819 1526 2860 ru
1548 2798 1756 2877 sphaerear·

395 2888 525 2961 miliari,
558 2905 613 2966 per
645 2886 776 2948 medium
808 2887 944 2949 octaedri
977 2886 1107 2950 transire
1139 2896 1252 2965 potest.
1299 2883 1431 2955 Qeuim
1454 2886 1532 2950 etS
1560 2897 1632 2948 sunt
1658 2886 1759 2949 media
1822 2914 1830 2931 ν

395 2984 509 3056 puncta
532 2976 655 3038 duorum
679 2976 824 3050 laterum,
848 2977 974 3056 proinde
997 2986 1029 3037 et
1050 2974 1188 3056 proxima
1211 2975 1285 3037 orbi.

487 3062 644 3141 Quomodo
669 3064 696 3125 si
718 3063 868 3126 animatus
891 3066 1012 3146 quidam
1042 3066 1166 3143 planeta
1193 3082 1247 3143 per
1274 3064 1404 3125 medium
1433 3064 1607 3126 octatdrum
1637 3082 1756 3125 currere

382 3154 568 3234 juberetur,
599 3162 631 3213 et
658 3154 784 3233 angulos
809 3154 884 3215 duos
911 3172 965 3233 pro
993 3154 1090 3233 polis,
1122 3152 1350 3232 amplitudinem
1374 3152 1510 3232 inscripti
1534 3171 1587 3233 pro
1611 3151 1757 3214 curriculo

395 3243 578 3304 observare:
613 3260 670 3302 non
694 3241 794 3302 hercle
818 3243 937 3314 mirum,
969 3242 996 3303 si
1019 3241 1163 3303 invitatus
1188 3240 1240 3301 illa
1269 3241 1477 3321 amplitudine,
1512 3242 1562 3305 ubi
1590 3241 1689 3303 nullae
1714 3241 1758 3303 illi

395 3339 495 3392 metae
520 3330 680 3393 obstarent
702 3350 755 3410 per
778 3339 874 3392 totum
894 3330 1047 3403 ambitum,
1073 3328 1260 3392 exorbitaret
1274 3331 1445 3411 aliquando,
1471 3339 1505 3392 ut
1518 3330 1675 3393 Phaethon
1696 3330 1760 3405 ille,

398 3420 561 3497 tantisper,
594 3420 662 3478 dum
687 3419 884 3497 repelleretur
907 3419 945 3480 ab
970 3417 1139 3480 occurrenti
1163 3419 1268 3481 latere.
1315 3416 1405 3489 Quod
1427 3438 1482 3499 per
1500 3420 1602 3498 iocum
1626 3420 1703 3495 dixi,
1729 3420 1760 3482 id

382 3507 476 3568 'serio
500 3506 588 3585 ajunt
611 3507 742 3569 artifices
767 3508 887 3569 evenire
909 3507 1070 3569 Mercurio.
1118 3504 1194 3569 Cum
1224 3509 1303 3571 enim
1331 3509 1424 3571 ceteri
1451 3528 1556 3573 omnes
1578 3509 1608 3571 in
1633 3508 1761 3588 singulis

399 3595 635 3657 revolutionibus
663 3595 839 3658 describant
866 3597 999 3677 ejusdem
1030 3596 1235 3676 amplitudinis
1267 3597 1396 3659 circulos
1428 3599 1587 3678 (quantum
1615 3598 1697 3659 euim
1721 3596 1760 3659 ab

398 3686 456 3744 una
480 3695 568 3763 parte
593 3684 761 3759 discedunt,
786 3696 903 3747 tanturn
927 3705 964 3748 ex
987 3688 1086 3757 altera
1108 3685 1176 3746 viae
1195 3694 1283 3766 parte
1302 3687 1450 3748 accedunt
1468 3688 1507 3748 ad
1522 3685 1650 3762 Solem),
1676 3688 1759 3749 solus

396 3773 565 3834 Mercurius
590 3776 627 3834 ab
652 3774 816 3837 artificibus
841 3774 977 3849 obtinuit,
1003 3784 1037 3836 nt
1060 3775 1220 3857 aliqnando
1243 3775 1404 3853 majorem,
1431 3776 1591 3857 aliqnando
1615 3776 1759 3837 minorem

334 3914 338 3921 .
399 3861 541 3923 circulum
566 3863 737 3925 describere
764 3864 931 3934 diceretur,
961 3865 1049 3946 idque
1074 3864 1263 3943 privilegium
1286 3883 1398 3925 merum
1422 3865 1601 3939 haberet.·)
1647 3864 1761 3926 Dicunt

560 3967 604 4015 Pis·
619 3963 654 4007 ²6·
852 3955 928 4015 euim
945 3955 1026 4016 illum
1042 3955 1185 4015 accedere
1201 3965 1232 4014 et
1252 3953 1393 4014 recedere
1414 3975 1433 4014 a
1452 3962 1555 4015 centro
1571 3954 1617 4015 sui
1632 3953 1713 4015 orbis
1729 3951 1757 4015 Ο

802 4038 809 4081 '⁴
854 4064 908 4126 prr
931 4044 1039 4105 lineam
1056 4052 1171 4104 rectam
1185 4042 1250 4118 YZ,
1275 4042 1324 4104 nbi
1349 4042 1572 4105 semidiameter
1592 4041 1650 4104 ΟΥ
1670 4043 1758 4124 longe

687 4098 702 4269 q
809 4090 816 4165 i
854 4134 997 4195 minorem
1017 4132 1157 4194 circulum
1178 4133 1213 4192 de
1217 4131 1330 4211 scribit,
1347 4152 1436 4213 quam
1451 4129 1516 4195 ΟΖ.
1544 4132 1623 4194 ham
1639 4141 1758 4195 ceteras

417 4267 430 4311 ο
798 4223 1087 4330 inaequalitates
1101 4240 1204 4281 omnes
1219 4241 1284 4285 cum
1300 4221 1368 4285 aliis
1383 4222 1550 4302 aequaliter
1561 4221 1687 4284 sortitus
1698 4230 1755 4295 est,

353 4308 355 4313 ’
692 4272 811 4397 )²
848 4312 1024 4390 nullamque
1039 4329 1104 4371 cum
1116 4310 1172 4371 bac
1183 4312 1402 4373 exorbitatione
1415 4311 1620 4373 commutavit.
1640 4310 1757 4375 Etcum

387 4394 394 4409 '
854 4409 1020 4462 ceterorum
1037 4407 1257 4461 eccentrotetes
1272 4419 1386 4475 ornnes,
1410 4400 1437 4461 si
1461 4418 1519 4461 non
1543 4399 1758 4479 proportiona-

854 4489 969 4562 liter,'
945 4506 989 4549 sic
998 4496 1098 4549 tamen
1110 4489 1295 4563 decrescant,
1307 4498 1341 4552 ut
1350 4489 1473 4550 minoris
1483 4504 1602 4569 semper
1612 4489 1707 4550 minor
1717 4489 1759 4550 sit

395 4584 626 4646 eecentricitas:
656 4583 739 4644 solus
762 4577 930 4643 Mercurius
953 4577 1113 4639 immanem
1137 4577 1239 4654 habet,
1254 4577 1282 4652 l)
1307 4596 1412 4657 nempe
1435 4578 1597 4660 decuplum·
1616 4577 1755 4653 Veneris,

395 4692 462 4736 cum
490 4673 547 4753 ipsi
575 4680 611 4733 ut
640 4670 774 4733 inferiori
802 4669 898 4732 minus
932 4666 1023 4728 etiarn
1053 4666 1221 4729 deberetur,
1274 4665 1375 4738 Quare
1401 4667 1457 4729 etsi
1482 4666 1564 4729 illam
1587 4666 1755 4748 inaequali·

394 4771 492 4825 tatem
513 4761 665 4842 privatam
689 4759 820 4822 nondum
847 4775 913 4817 cum
946 4755 1004 4819 hac
1032 4756 1137 4819 circuli
1162 4758 1199 4818 ab
1229 4756 1301 4819 orbe
1330 4756 1500 4818 differentia
1522 4756 1755 4831 conciliaverim,

394 4871 450 4916 nec
474 4871 512 4915 ea
535 4850 666 4914 sonasse
691 4847 845 4915 conciliari
868 4845 977 4929 possit,
1001 4853 1035 4910 ut
1057 4845 1178 4929 prodita
1200 4854 1250 4909 est
1272 4846 1311 4908 ab
1331 4844 1505 4923 artificibus,
1530 4845 1570 4910 ad
1593 4845 1754 4910 amussim:
