3786 5808
386 362 430 453 ιι
777 478 781 492 1
979 380 1141 436 aarum·

381 548 480 615 prodita
498 552 545 603 est,
560 544 622 599 licet
640 545 778 597 disorirnine
796 558 846 594 non
865 545 950 611 magni
967 547 1099 604 momenti,
1119 558 1231 612 apogaeo
1249 547 1303 609 ejus
1320 539 1352 593 5⁰
1370 544 1499 610 copemicl
1517 544 1633 594 terminos
1651 541 1741 593 antlci·

381 628 467 685 panta.
504 618 570 679 Quin
589 624 616 670 et
634 619 697 668 orbis
717 630 814 668 annuus
831 617 906 678 Juxta
922 616 1102 681 Coparnicum,
1131 626 1176 668 aut
1193 616 1317 681 epicyclus
1335 618 1471 667 meandum
1488 616 1672 671 Ptolemaeum,
1690 628 1741 663 non

382 692 478 741 ridetur
495 691 606 754 ejusdem
624 704 721 755 semper
738 686 928 752 magnitudinis,
949 688 1029 752 quoad
1048 689 1127 753 ipsum
1146 689 1312 740 eccentricum
1331 688 1463 738 collatione
1482 688 1567 745 lectar
1587 687 1630 735 aad
1649 685 1740 735 altera·

381 764 474 812 ttoeem
491 762 626 812 introducit
643 764 669 810 in
687 760 798 810 omnibus
816 760 893 809 tribus
917 760 1081 824 superioribus
1105 759 1263 817 sensibilem
1291 760 1370 818 adeo,
1398 768 1427 809 ιιι
1452 759 1557 824 angulus
1585 757 1739 808 differentiae

380 836 407 883 in
425 830 506 884 Marte
526 835 558 884 ed
580 831 608 879 ιυ
626 829 670 881 to‘
689 836 824 902 excrescat.
862 828 989 892 Quomodo
1008 831 1071 889 baec
1091 846 1147 882 cum
1165 839 1211 882 tua
1228 831 1396 896 speculatione
1415 830 1573 881 concilianda
1590 831 1657 886 sint,
1685 834 1740 877 tute

380 906 470 956 videris
489 901 533 968 (l).
569 903 675 955 Veneris
688 902 866 954 eecantricitas
884 903 961 953 multo
979 904 1057 952 minor
1075 911 1128 958 est,
1146 917 1221 969 quam
1239 903 1328 953 statuit
1345 903 1384 953 ιιι
1401 902 1573 960 Ptolemaeus,
1591 900 1631 951 vel
1649 899 1738 964 cher·

380 979 451 1028 nicus
469 973 524 1042 (git
552 981 579 1026 et
596 989 733 1040 apogaeum
752 976 805 1036 aius
822 988 873 1022 non
891 980 930 1024 est
946 976 973 1024 in
991 975 1048 1026 orbe
1066 975 1162 1025 sidereo
1179 974 1269 1035 fixum,
1296 975 1334 1025 uti
1357 974 1399 1025 hic
1426 974 1519 1031 votuit,
1547 973 1592 1025 sed
1616 972 1689 1022 initia
1706 975 1738 1027 Θ

380 1063 446 1099 nuno
465 1050 563 1113 attigit;
589 1061 637 1098 neo
655 1053 740 1097 tamen
758 1042 837 1095 Solari
857 1041 937 1111 (qnod
949 1046 976 1095 in
993 1046 1074 1097 medio
1093 1047 1156 1097 sexti
1174 1047 1265 1112 gradm
1283 1043 1396 1108 haeret),
1423 1046 1461 1096 uti
1479 1045 1564 1096 volunt
1581 1042 1739 1109 alphonsiui,

396 1120 453 1170 lane
472 1121 577 1169 unitum.

379 1134 395 1185 p
450 1190 521 1242 Haec
539 1197 566 1242 et
582 1188 686 1245 similia,
713 1202 815 1252 quornm
831 1187 904 1252 plura
921 1202 965 1237 suo
982 1193 1092 1253 tompore
1110 1188 1227 1250 babebis,
1246 1193 1305 1240 tuae
1325 1188 1386 1240 alias
1406 1188 1543 1245 industriae
1564 1186 1741 1252 excogitationi

339 1246 512 1390 [applicata
531 1274 594 1321 eam,
614 1274 648 1311 an
666 1260 828 1324 undequaque
847 1260 893 1310 rite
912 1265 1016 1319 constet,
1033 1261 1179 1325 probabunt
1217 1260 1271 1326 Ego
1291 1276 1389 1311 omnem
1402 1261 1497 1311 orbium
1510 1259 1659 1313 realitataur,
1678 1272 1738 1323 quc·

378 1333 547 1399 modocunque
564 1333 665 1383 tandem
683 1338 855 1386 ammantat,
883 1331 951 1381 coelo
970 1331 1148 1383 eliminandam
1163 1345 1254 1383 censeo
1274 1328 1329 1393 (h).
1357 1331 1421 1398 quod
1446 1347 1486 1381 me
1514 1345 1599 1382 omnes
1626 1334 1739 1379 cornetae

377 1419 404 1454 re
423 1419 481 1455 vera
499 1405 617 1460 aetherei,
635 1402 693 1453 inde
712 1416 730 1453 a
746 1414 812 1451 nova
829 1402 903 1452 steila
921 1417 945 1452 a.
966 1400 1034 1451 15⁷2
1053 1404 1188 1466 conspecti,
1207 1404 1246 1467 qui
1265 1403 1355 1454 nuliius
1373 1403 1438 1453 orbis
1450 1403 1518 1469 legas
1532 1401 1644 1452 totaliter
1657 1401 1738 1452 sacnti

377 1483 443 1533 sunt,
462 1474 562 1540 quidam
580 1489 636 1525 reru
655 1475 804 1525 conmarium
822 1474 880 1538 quid
897 1487 958 1537 prae
976 1489 1003 1524 se
1021 1475 1144 1531 latebant,
1163 1475 1333 1526 indubitanter
1351 1476 1519 1532 edocuerunt;
1548 1479 1577 1523 ιιι
1595 1473 1625 1524 de
1644 1473 1737 1523 refrau-

379 1548 484 1597 tionibus
502 1548 592 1597 irustra
609 1544 777 1609 multiplicatis
796 1559 827 1594 ex
844 1545 938 1595 orbium
955 1546 1086 1596 solidorum
1105 1547 1178 1609 copia
1195 1545 1256 1595 nihil
1274 1547 1447 1612 superaddam.
1484 1545 1539 1597 Neo
1557 1544 1649 1608 poterit
1660 1544 1739 1596 Terra

378 1632 460 1668 annuo
479 1619 537 1669 cieri
555 1623 632 1673 motu,
650 1624 679 1666 ut
697 1615 727 1666 de
745 1615 914 1665 libbationibus
933 1617 1017 1666 otiosis
1039 1614 1131 1682 (neque
1150 1618 1216 1668 eninr
1233 1617 1291 1667 talis
1310 1625 1348 1668 est
1360 1619 1576 1682 'aequinoctiorum
1589 1617 1738 1682 praecessio,

377 1695 405 1738 ιιι
424 1691 572 1755 opinabatur
590 1683 759 1752 Ocpernicus)‚
779 1692 878 1737 taceam
898 1684 947 1749 (ὓς
966 1695 1024 1738 utut
1041 1688 1141 1739 diurnus
1159 1689 1322 1753 plausibiliter
1340 1689 1371 1738 cb
1390 1690 1507 1739 minorem
1521 1703 1608 1754 gyrum
1619 1687 1653 1736 iili
1667 1688 1737 1738 attri-

377 1760 418 1810 bui
437 1767 526 1825 queat,
551 1760 623 1810 mode
645 1765 699 1810 tam
716 1759 784 1824 gravi
803 1764 830 1808 et
847 1772 925 1822 opaco
945 1761 1037 1824 corpori
1058 1762 1079 1810 is
1098 1766 1267 1825 competeret,
1296 1762 1372 1825 quieti
1389 1761 1487 1825 potius,
1508 1770 1582 1826 quam
1599 1761 1677 1810 motui
1695 1774 1738 1811 ac·

377 1832 504 1882 commodo
524 1828 572 1894 (k).

448 1903 545 1964 Quare,
572 1908 601 1955 ut
617 1902 736 1963 tollantur
754 1901 875 1965 epicyoii,
903 1903 943 1951 vix
969 1902 1021 1953 alia
1046 1903 1212 1955 commodiora
1231 1904 1327 1954 radone
1344 1902 1493 1967 hypotheses
1512 1902 1619 1953 ordinari
1636 1908 1736 1966 queunt,

376 1989 450 2041 quam
467 1982 497 2024 ut
514 1977 581 2026 drea
598 1973 681 2026 Solem
699 1973 813 2023 mobilem
830 1975 881 2023 sint
898 1979 986 2024 centra
1005 1976 1153 2026 circuituum
1171 1976 1277 2041 quinque
1295 1974 1462 2040 planetarum,
1480 1976 1624 2039 quiescente
1642 1974 1737 2031 Terra:

376 2052 403 2095 et
420 2046 487 2096 circa
504 2046 570 2097 hacc
587 2045 703 2096 revolutio
720 2044 881 2094 luminaribus
900 2050 926 2094 et
944 2050 999 2095 tota
1017 2054 1108 2097 octava
1126 2041 1294 2108 (advocant)
1313 2047 1428 2111 sphaera,
1447 2059 1504 2096 eum
1522 2047 1598 2097 οιιιιιι
1614 2045 1641 2096 in
1658 2044 1737 2097 madi·

375 2117 445 2167 tuitio
464 2119 618 2182 respiciente,
639 2119 709 2179 cuius
728 2116 857 2166 abscessus
872 2118 946 2178 Juxta
963 2115 1125 2181 slopamicum
1142 2119 1168 2167 in
1186 2118 1332 2168 immensum
1349 2132 1413 2182 pane
1432 2118 1499 2175 abit,
1519 2120 1619 2182 eiusque
1636 2118 1735 2182 positio·

375 2203 433 2238 nem
451 2189 489 2238 vel
506 2189 554 2239 lnce
573 2189 625 2238 solo
644 2187 748 2237 ιιιιιιιιο
768 2182 800 2249 (ι)
820 2186 940 2252 infringit
976 2187 1031 2240 Nec
1050 2191 1128 2240 etiam
1146 2196 1193 2254 tna
1211 2190 1323 2254 cogitata
1340 2189 1380 2240 hic
1398 2189 1474 2239 ullam
1492 2204 1549 2239 cnm
1568 2190 1657 2239 ceteris
1669 2204 1736 2252 syra·

375 2261 488 2310 metriam
507 2258 591 2324 (prout
608 2259 681 2309 simul
699 2258 753 2308 fieri
771 2256 867 2319 debuit)
887 2259 1028 2310 admittunt.
1066 2260 1171 2324 Oportet
1194 2265 1278 2310 autem
1303 2262 1329 2310 in
1347 2276 1374 2310 re
1392 2261 1456 2311 bene
1473 2261 1658 2324 proportionata
1674 2259 1737 2311 nibil

375 2330 428 2380 dari
440 2332 692 2395 improportionatum.
712 2329 775 2380 aiits
793 2336 849 2379 tota
867 2331 1011 2392 symmetria
1029 2332 1186 2382 confunditur
1203 2339 1230 2381 et
1247 2337 1364 2396 suspecte
1382 2332 1473 2390 evadit,
1492 2332 1675 2396 praesertimin
1687 2331 1735 2383 boc

374 2400 446 2459 ioco,
464 2404 506 2452 ubi
525 2410 578 2453 tam
595 2416 713 2467 inopum
732 2407 808 2466 atque
826 2401 925 2452 evidens
944 2403 1065 2467 ingeritur
1083 2403 1244 2453 obstaculum.

444 2471 516 2525 Haeo
535 2481 561 2524 et
579 2474 639 2531 alia,
658 2487 722 2537 quaa
740 2471 840 2538 singnia
859 2487 1050 2525 commemorare
1067 2489 1133 2525 nuno
1154 2489 1206 2525 non
1223 2479 1314 2531 vacat,
1331 2488 1372 2524 me
1390 2474 1457 2525 cirta
1473 2480 1544 2525 ιιιιιιι
1560 2474 1735 2531 inventionem,

374 2545 437 2596 silas
455 2546 649 2600 solertissimam,
668 2546 759 2610 opunte
777 2543 896 2607 Kepiere,
916 2543 1017 2595 dubium
1034 2546 1148 2597 reddunt.
1185 2545 1288 2596 Interim
1304 2561 1355 2596 non
1373 2560 1472 2611 possum
1490 2561 1540 2597 non
1560 2551 1662 2595 conatm
1681 2551 1736 2597 tuce

374 2623 428 2666 tam
446 2617 548 2667 eximior
567 2624 594 2667 et
610 2629 679 2666 raros
697 2614 876 2681 magnifacere,
894 2615 1036 2682 hortorque,
1053 2624 1083 2667 ut
1094 2617 1196 2668 ulterius
1207 2617 1245 2667 iris
1259 2617 1368 2667 animum
1380 2617 1503 2674 intendas,
1524 2617 1614 2681 desque
1627 2628 1734 2682 operam,

374 2694 404 2737 nt
420 2688 499 2739 simile
517 2688 576 2754 quid
594 2688 683 2737 uostris
701 2686 879 2751 hypothesibus
897 2683 960 2749 (ιιι),
984 2702 1046 2753 quas
1068 2689 1112 2739 tibi
1135 2704 1186 2739 non
1208 2689 1373 2753 incompertus
1398 2703 1453 2739 esse
1472 2688 1536 2738 liber
1559 2687 1601 2738 ille
1619 2689 1734 2745 ostendit,

375 2759 502 2824 applicare
520 2761 617 2824 possis,
636 2772 692 2809 cum
709 2772 773 2823 pene
792 2760 876 2808 omnia
892 2759 922 2807 iis
940 2760 1036 2821 pariter
1054 2761 1210 2810 conveniant.
1247 2759 1335 2824 Neque
1353 2760 1384 2810 ob
1401 2760 1426 2809 id
1444 2774 1505 2825 opus
1523 2765 1578 2815 eat,
1597 2766 1626 2808 ut
1643 2760 1735 2810 orbium

375 2836 501 2880 statuatur
519 2844 652 2896 compages
670 2830 766 2887 solida;
790 2829 900 2891 sufficit,
920 2831 1035 2881 circuitus
1053 2837 1080 2881 et
1097 2832 1245 2882 remotiones
1263 2830 1369 2881 nidorum
1387 2832 1452 2881 inter
1469 2844 1496 2881 aa
1514 2830 1591 2881 talem
1609 2831 1734 2881 concinni·

376 2907 455 2951 tatem
473 2910 549 2967 atque
566 2902 721 2951 harmoniam
739 2902 876 2951 observare.
913 2900 966 2954 Nec
987 2902 1169 2966 praetereunda
1186 2909 1225 2953 est
1243 2898 1284 2964 (n)
1302 2910 1392 2953 octava
1409 2901 1532 2966 sphaera,
1559 2902 1617 2966 quin
1643 2902 1669 2951 in
1687 2901 1734 2952 boc

377 2973 450 3023 choro
468 2972 706 3038 proportionabiliter
724 2972 805 3022 locum
823 2971 930 3036 aliquem
949 2974 1068 3024 obtineat.
1105 2974 1204 3024 Nullum
1224 2975 1289 3024 enim
1307 2981 1346 3023 est
1364 2974 1472 3035 dubium,
1489 2975 1515 3023 in
1527 2974 1638 3022 univerae
1651 2973 1735 3023 omnia

377 3051 447 3095 certa
464 3044 594 3094 hemonia
611 3050 638 3094 et
656 3045 814 3109 proportione.
829 3043 862 3094 ad
879 3044 986 3094 invicem
1005 3044 1120 3095 divinitus
1138 3044 1220 3096 relata
1237 3051 1263 3095 et
1281 3045 1396 3096 ordinata
1414 3059 1485 3106 assa,
1512 3045 1549 3094 ita
1571 3050 1669 3094 uttam
1686 3060 1733 3094 nu·

375 3117 449 3166 meris
472 3130 546 3181 quam
563 3116 649 3181 figuris
667 3116 794 3165 succincte
815 3114 1068 3178 comprehendantur,
1098 3117 1173 3166 veluti
1192 3130 1208 3165 a
1224 3116 1405 3182 Pythagoraeia
1423 3121 1449 3166 et
1465 3115 1601 3166 Platonicis
1615 3118 1669 3178 ianr
1688 3115 1733 3165 du·

376 3187 435 3236 dum
453 3187 611 3251 aliquatenus
629 3188 768 3250 praevisum
787 3192 835 3236 ast.
871 3186 918 3235 His
936 3188 1020 3250 itaque
1037 3188 1139 3237 ulterius
1157 3188 1250 3253 ingenii
1267 3202 1355 3237 nervos
1374 3187 1479 3251 applica,
1498 3193 1524 3237 et
1535 3188 1557 3236 si
1569 3187 1734 3236 omnimodam

376 3260 580 3313 consonantiam,
600 3272 664 3322 quae
682 3257 751 3307 uuila
769 3263 888 3320 exparte
906 3256 1045 3313 claudicat,
1065 3265 1091 3307 et
1108 3259 1133 3306 in
1152 3272 1202 3322 qua
1219 3258 1280 3307 nihil
1298 3260 1375 3309 etiam
1392 3258 1552 3315 desideratur,
1571 3259 1734 3315 adinvenerit,

377 3330 425 3381 eris
443 3329 501 3378 milri
519 3344 625 3393 magnus
643 3327 738 3391 Apollo.
777 3326 903 3387 Quantum
931 3342 977 3392 ego
1004 3330 1054 3377 tuis
1080 3328 1129 3378 bac
1156 3331 1182 3378 in
1200 3342 1227 3379 re
1245 3329 1328 3379 arduis
1347 3330 1476 3380 consutos
1494 3330 1623 3380 subvenire
1640 3337 1734 3393 potero,

375 3415 415 3448 mo
434 3401 577 3464 neutiquam
593 3400 697 3449 habebis
714 3398 855 3453 difficilems
879 3400 1023 3461 praesertim
1042 3400 1063 3449 ai
1080 3414 1120 3449 me
1139 3414 1204 3449 nnnc
1223 3401 1249 3449 in
1268 3401 1402 3451 Germania
1423 3401 1556 3466 degentem
1576 3406 1601 3450 et
1619 3414 1633 3450 e
1651 3402 1736 3464 patria

375 3470 423 3520 huc
442 3485 499 3519 cum
516 3473 631 3520 universa
648 3470 758 3525 familia,
785 3483 816 3518 ne
835 3475 902 3518 totns
919 3468 961 3533 iiie
978 3471 1070 3534 periret
1086 3470 1217 3520 thesaurus
1236 3474 1430 3529 astronomicus,
1449 3479 1488 3522 tot
1505 3473 1592 3529 annis,
1610 3472 1735 3523 laboribus

377 3548 403 3591 et
420 3543 538 3592 sumtibus
556 3548 727 3606 comparatus,
755 3539 892 3603 proiectum
918 3540 1050 3605 aliquando
1070 3543 1181 3593 inviseris
1199 3548 1225 3594 et
1242 3557 1340 3594 mecum
1355 3558 1441 3595 coram
1459 3544 1491 3594 de
1509 3544 1658 3606 ejuscemodi
1675 3544 1733 3595 sub-

375 3612 472 3662 limibus
490 3615 562 3663 rebus
578 3612 687 3675 jucunde
706 3619 733 3662 et
750 3617 822 3677 grate
841 3611 981 3662 contuleris.

446 3683 519 3734 Vale.
557 3684 689 3734 Dabuntur
707 3682 887 3748 Wandesbnrgi
905 3684 932 3733 ln
952 3697 1009 3735 arce
1029 3683 1200 3743 Rausorisna,
1219 3685 1321 3736 semisse
1339 3686 1509 3736 tantammodo
1526 3684 1635 3735 milliaris
1653 3685 1733 3737 Ham·

375 3756 452 3821 burgo
475 3763 690 3818 remota„quam
712 3767 779 3804 nunt
801 3753 928 3810 inhabito.
948 3760 974 3804 et
999 3757 1126 3807 translatis
1144 3756 1192 3807 hnc
1210 3771 1224 3806 e
1242 3756 1328 3807 Daaia
1345 3757 1465 3808 machinis
1482 3758 1545 3808 meis
1563 3758 1733 3808 astronomicis

375 3832 477 3892 totoque
495 3826 648 3891 supellectile
666 3825 766 3876 libraris
783 3825 855 3875 robus
874 3826 1020 3877 coelestibus
1038 3842 1088 3878 non
1106 3828 1187 3878 minna
1205 3842 1279 3893 quarn
1299 3834 1376 3879 antea
1393 3828 1501 3894 invigilo,
1521 3834 1548 3877 et
1559 3828 1651 3878 Divina
1672 3843 1731 3895 gra·

376 3898 414 3948 tis
431 3900 481 3948 otio
498 3899 564 3948 irnor
582 3897 746 3962 philosophico
762 3892 805 3957 ¹³).

446 3968 479 4019 D.
500 3968 524 4019 i.
544 3972 603 4033 Apr.
623 3974 655 4018 st.
673 3975 725 4019 vet.
743 3964 820 4019 1598.

445 4040 614 4105 Postscripta,
642 4054 706 4106 quae
725 4040 755 4090 de
773 4039 852 4091 Urso
878 4046 973 4106 agunt,
1000 4040 1041 4091 bic
1060 4042 1199 4099 omisimus,
1228 4040 1369 4093 differentes
1387 4042 1419 4092 ad
1437 4040 1540 4105 chieri
1557 4040 1733 4094 reiutadonenr

376 4110 440 4173 Ursi,
460 4127 535 4177 quam
553 4111 691 4163 addidimus
708 4111 839 4161 Prcdromo
859 4125 873 4161 e
891 4112 1063 4177 manuscriptis
1080 4112 1271 4177 Petropolitanis
1290 4114 1436 4164 desumtam.

445 4183 475 4234 In
494 4184 598 4249 epistola
615 4183 640 4233 d,
660 4181 702 4232 tt.
722 4183 780 4247 Aps.
801 4179 870 4233 tete
889 4184 926 4235 ad·
938 4183 1098 4234 Maestlinnm
1116 4184 1178 4234 data
1194 4184 1278 4247 Tycha
1297 4186 1328 4236 de
1349 4200 1422 4249 opere
1434 4184 1537 4251 Kepleri
1549 4191 1575 4236 et
1592 4186 1623 4236 de
1634 4183 1729 4236 Maest-

374 4255 418 4304 iini
432 4255 534 4319 judicio,
553 4255 618 4320 qnod
634 4254 665 4305 de
685 4256 761 4319 ipsius
779 4254 864 4305 mundi
883 4256 980 4307 radone
998 4253 1036 4318 (in
1054 4255 1208 4321 praelatione
1221 4256 1254 4307 ad
1268 4256 1400 4316 ,Rhmtici
1411 4257 1593 4308 ouationem*
1611 4271 1671 4322 pag.
1684 4253 1732 4317 27)

374 4322 449 4385 mcii,
468 4341 589 4392 quamque
608 4327 747 4391 inscripsit:
1251 4390 1255 4399 ῃ

744 4396 975 4461 Oiarieairnoet
997 4397 1263 4460 Praestantissimo
1288 4399 1362 4461 Viro

864 4486 991 4549 Domino
1014 4487 1057 4547 M.
1081 4487 1245 4550 Maestiinc

376 4572 608 4626 Mathematicarutn
626 4575 716 4626 ιτιιιιιιι
732 4576 863 4642 insigniter
884 4577 975 4643 perito,
1001 4576 1182 4641 earundemque
1203 4577 1228 4626 in
1246 4577 1340 4641 inclyta
1359 4576 1489 4629 academia
1506 4577 1656 4645 'lubingensi
1674 4594 1729 4645 pro·

320 4670 325 4679 x
746 4647 831 4697 iesscri
849 4647 1020 4702 celeberrimo.
1038 4647 1097 4696 mihi
1114 4648 1243 4713 plurimum
1262 4648 1358 4699 dilecto.

374 4714 438 4767 haee
455 4715 566 4780 profert:

445 4841 531 4888 Annum
547 4841 601 4903 jam
618 4841 701 4907 agitur
718 4841 843 4900 desimus,
866 4841 1029 4894 eruditissime
1048 4849 1075 4893 et
1091 4843 1301 4907 pramtandesirne
1319 4840 1467 4900 Maestiine,
1485 4859 1515 4896 ex
1532 4860 1580 4910 quc
1597 4846 1696 4911 qnidam
1706 4862 1729 4898 e

375 4910 436 4963 raaia
455 4910 604 4971 domesticis,
623 4913 664 4979 qui
677 4908 828 4979 diqnsmdln
839 4913 899 4967 mibi
910 4915 937 4964 in
953 4914 1026 4965 rebus
1045 4914 1214 4969 oeconomici·
1232 4915 1383 4971 inservimt,
1403 4916 1539 4983 exemptum
1557 4923 1655 4969 marum
1671 4918 1727 4973 lita·
