3814 5818
379 368 445 437 300
805 368 907 421 Literna
925 369 1028 434 Kepleri
1046 369 1196 434 dictumque
1213 374 1316 419 mutuae

378 532 437 595 fide
460 530 562 610 digno,
587 529 638 590 vix
661 528 773 592 imitari
797 528 909 602 audeo)
932 529 1049 608 periere
1074 527 1202 590 flammis
1226 524 1268 590 25
1292 526 1437 601 homines,
1462 522 1483 589 4
1506 532 1614 600 turres,
1639 524 1736 604 ipsius

378 620 465 682 Jovis
480 617 627 699 palatium
642 627 725 680 metu
740 618 864 696 periculi
888 636 973 678 snum
993 617 1109 695 expulit
1124 616 1335 678 habitatorem.
1375 613 1488 677 Omnes
1507 613 1636 676 reditum
1650 614 1735 693 prin-

380 708 456 787 cipis
489 705 651 784 trepidant.
698 707 816 769 Dicitur
844 706 952 767 italica
980 705 1093 766 auxilia
1122 705 1279 766 adducere.
1331 703 1458 765 Senatui
1488 702 1584 765 civico
1613 711 1736 764 nostrae

379 794 580 859 confessionis
597 796 793 874 magistratus
818 794 982 874 abrogatus
1006 803 1061 854 est.
1108 794 1269 855 Portarum
1285 802 1316 853 et
1331 790 1556 854 armamentarii
1570 790 1664 852 urbici
1681 810 1735 852 cu·

380 884 499 947 stadiae
530 884 633 962 Papae
666 882 889 945 confessoribus
923 883 1065 944 creditae.
1112 882 1261 943 Minarum
1294 880 1393 942 omnia
1425 881 1524 960 plena.
1571 878 1633 941 Sed
1667 898 1737 940 ecce

379 974 494 1035 omina:
519 980 582 1033 tres
606 973 634 1034 in
659 973 717 1033 hac
740 972 813 1033 urbe
835 980 991 1033 matronae
1016 970 1120 1031 eodem
1144 971 1206 1030 fere
1230 978 1374 1048 ternpore,
1399 970 1546 1031 adornato
1570 968 1737 1047 puerperio,

379 1062 530 1124 conducta
552 1067 584 1121 et
607 1061 758 1122 accersita
782 1059 961 1135 obstetrice,
992 1059 1041 1120 din
1074 1078 1127 1128 τας
1152 1057 1260 1128 datrae
1282 1065 1478 1137 expectantes
1509 1057 1632 1119 tandem
1655 1056 1736 1117 didi-

379 1169 446 1239 qere
471 1171 489 1210 a
512 1150 575 1210 suis
599 1148 822 1221 obstetricibus,
842 1168 874 1210 se
894 1157 1011 1210 uterum
1031 1165 1088 1208 nou
1104 1166 1219 1226 gerere,
1243 1146 1349 1208 Haben
1364 1147 1448 1234 Drey
1464 1145 1524 1207 fehl
1540 1144 1737 1219 (Nullitates)

379 1239 519 1318 geboren.
565 1239 655 1300 Faxit
678 1238 761 1300 Deus
792 1243 889 1298 ratum
920 1255 1005 1299 omen
1038 1242 1070 1296 et
1092 1236 1221 1315 dissipet
1248 1235 1375 1297 consilia
1398 1234 1640 1296 adversariorum
1663 1252 1738 1294 sno-

379 1346 452 1389 mm.
500 1323 628 1386 Cremus
653 1334 753 1388 autem
777 1325 882 1406 ipsum,
907 1334 941 1387 ut
963 1325 1242 1386 innocentissimum
1265 1324 1418 1403 juvenculi
1441 1322 1585 1402 principis
1609 1321 1738 1383 animum

379 1422 484 1477 contra
515 1413 663 1493 pessimos
696 1415 883 1476 consultores
916 1414 1039 1475 muniat.
1088 1411 1169 1483 Quid
1202 1411 1227 1472 si
1261 1413 1353 1473 donet
1386 1413 1483 1491 ipsum
1511 1410 1596 1472 Deus
1623 1410 1737 1472 nostris

378 1503 527 1582 precihus.
1391 1559 1396 1565 .
1457 1570 1467 1582 ,

468 1588 627 1652 Comatam
650 1590 752 1651 dixere
776 1598 930 1651 nostrates
954 1589 1074 1651 stellam
1094 1587 1224 1649 Veneris
1247 1586 1377 1649 interdiu
1400 1587 1514 1661 visam;
1538 1586 1575 1648 de
1599 1606 1658 1665 quo
1681 1605 1737 1667 ego

379 1678 542 1747 consultus,
567 1686 601 1739 ut
623 1678 728 1758 aspexi
752 1677 903 1759 respondi,
926 1678 1075 1740 mitiorem
1104 1676 1133 1738 in
1154 1677 1238 1737 coelo
1262 1676 1384 1737 stellam
1407 1695 1465 1737 non
1479 1693 1559 1737 esse.
1598 1675 1737 1748 Idumen

378 1768 484 1828 eodem
508 1783 563 1844 ego
586 1767 700 1827 refero:
729 1774 764 1827 ut
787 1766 936 1845 significet
957 1766 1005 1827 hic
1028 1773 1146 1827 cometa
1164 1774 1276 1827 metum
1300 1765 1512 1826 frustraneum.
1553 1761 1620 1833 Quo
1644 1763 1736 1825 etiam

376 1854 509 1934 pertinet
532 1855 680 1932 eclipseos
704 1854 831 1933 interque
855 1854 901 1915 vel
917 1853 1096 1915 emanantia.
1142 1852 1315 1914 Moscovita
1339 1853 1447 1913 dicitur
1467 1860 1612 1914 mortuus.
1654 1851 1735 1913 Ecce

378 1944 529 2004 borealem
554 1942 688 2020 eclipsin.
736 1944 781 2004 De
806 1944 905 2004 Turca
928 1943 1027 2019 exigui
1058 1949 1128 2002 sunt
1151 1959 1296 2002 mmorcs.
1343 1940 1509 2002 Perhibent
1537 1949 1638 2001 tamen
1662 1958 1737 2003 ven·

378 2039 477 2091 turum
500 2031 622 2111 propria
653 2031 682 2091 in
714 2051 853 2111 persona.
899 2031 945 2091 De
974 2028 1100 2090 Jaurino
1129 2036 1305 2106 recuperato
1335 2047 1462 2109 magnae
1496 2035 1567 2090 sunt
1598 2029 1738 2107 gratula-

378 2117 487 2180 tiones.
534 2119 602 2180 Noo
627 2118 671 2179 ita
692 2119 807 2198 pridem
833 2117 1096 2196 Constantinopoli
1124 2113 1212 2179 4000
1237 2117 1392 2178 domorum
1423 2118 1657 2195 conflagrarunt.
1704 2117 1737 2179 iu

378 2206 522 2288 Bithynia
544 2225 636 2286 prope
661 2208 879 2288 Trapezuntem
909 2208 985 2268 dnae
1010 2206 1098 2267 urbes
1131 2224 1189 2266 oon
1214 2205 1362 2285 ignobiles
1385 2213 1485 2267 terrae
1508 2213 1591 2267 motu
1614 2222 1737 2266 corrue-

378 2302 466 2356 runt:
503 2302 545 2361 et,
563 2295 689 2374 periisse
717 2296 913 2376 perhibentur
944 2296 982 2356 ad
1008 2290 1117 2357 70000
1140 2292 1301 2355 hominum.
1348 2295 1381 2355 ln
1406 2290 1560 2356 limitanea
1583 2295 1739 2372 Hungaria

378 2383 453 2443 duos
476 2383 592 2444 Bassas
616 2384 695 2445 inter
717 2385 784 2446 rixa
807 2392 839 2443 et
862 2383 961 2444 minae
985 2382 1168 2444 delationum
1193 2383 1230 2442 ad
1255 2401 1340 2443 sunm
1364 2380 1530 2444 Caesarem
1553 2382 1737 2444 intercesse-

377 2478 457 2532 rant.
503 2471 567 2533 Res
591 2472 630 2532 ad
645 2491 730 2533 arma
753 2472 845 2534 venit.
892 2472 1020 2533 Delator
1034 2472 1150 2532 futurus
1174 2470 1212 2531 ab
1232 2470 1329 2532 altero
1352 2470 1382 2531 in
1406 2489 1570 2549 congressu
1593 2470 1738 2549 singulari

378 2558 570 2621 interfectus:
600 2561 678 2640 quod
703 2579 768 2622 cnm
792 2559 916 2623 alterins
939 2558 1018 2621 servi
1041 2560 1191 2633 riderent,
1218 2558 1367 2620 dominum
1391 2559 1446 2620 ulti
1471 2559 1598 2621 alterum
1622 2576 1738 2639 qnoque

378 2646 612 2710 interfecsmnt:
645 2649 761 2728 periere
785 2650 824 2711 ad
847 2645 892 2712 40
915 2649 1061 2729 utrinque.
1110 2649 1194 2709 Haec
1219 2648 1320 2709 omnia
1342 2649 1420 2709 male
1444 2646 1489 2709 illi
1512 2646 1636 2726 imperio
1660 2647 1737 2709 omi·

378 2742 497 2797 uantur.
544 2737 623 2798 Nam
647 2737 672 2798 si
696 2745 813 2800 tantum
836 2738 1000 2800 animorum
1014 2735 1121 2798 Bassia
1145 2736 1285 2809 accrevit,
1311 2735 1382 2798 olim
1401 2736 1525 2798 audebit
1543 2735 1667 2815 aliquid,
1688 2736 1736 2815 qui

378 2824 472 2885 vitam
487 2844 572 2885 suam
585 2824 616 2886 in
632 2826 764 2905 periculo
782 2826 906 2888 videbit.
944 2827 987 2888 Ut
1010 2834 1079 2886 sunt
1101 2825 1202 2886 omnia
1216 2824 1355 2898 humana,
1375 2824 1441 2902 jam
1464 2823 1622 2896 salutaria,
1645 2825 1736 2903 paulo

378 2919 449 2991 post
472 2913 617 2984 exitiosa,
640 2915 800 2977 ita'etiam
823 2915 938 2995 rigidae
962 2914 1125 2976 Turcamm
1149 2914 1247 2992 leges,
1282 2920 1314 2974 et
1338 2912 1532 2974 inexorabilis
1555 2912 1586 2972 iu
1609 2912 1736 2987 Bassus,

377 2998 406 3062 iu
431 3001 531 3080 regios
555 3002 666 3064 liberos
689 3002 852 3075 sententia,
877 3003 983 3083 quibus
1007 3004 1096 3065 rebus
1119 3002 1266 3063 hactenus
1290 3001 1379 3063 stetit
1394 3001 1469 3063 haec
1483 3002 1588 3075 moles,
1613 3004 1736 3063 eaedem

377 3088 462 3151 illam
492 3108 614 3168 pessum
642 3091 766 3153 dabunt.
814 3091 992 3170 Exemplum
1022 3109 1100 3151 anno
1135 3086 1218 3153 l562
1246 3090 1276 3150 in
1300 3091 1465 3168 Mustapha
1487 3089 1627 3152 vidimus.
1674 3089 1736 3153 Sed

378 3176 553 3259 Solymauni
577 3197 694 3240 summa
720 3181 886 3240 auctoritas
909 3177 1110 3257 periculosum
1134 3178 1303 3239 incendium
1326 3178 1604 3257 restingueretum
1626 3180 1735 3258 potnit,

378 3263 527 3326 aliusnon
543 3266 664 3343 poterit,
689 3267 774 3345 cnjus
794 3285 851 3327 non
872 3274 920 3327 est
939 3273 1026 3327 tanta
1040 3265 1120 3326 bello
1136 3265 1269 3326 felicitas
1284 3273 1495 3346 gestorumque
1519 3266 1627 3346 gloria.
1674 3266 1735 3328 Sed

381 3353 483 3412 futura
506 3353 550 3414 sic
573 3353 725 3414 habento:
755 3354 793 3415 'in
815 3353 992 3434 praesentia
1015 3353 1091 3415 citra
1115 3372 1232 3413 ornnem
1256 3355 1493 3415 controversiam
1516 3353 1619 3434 gliscit
1641 3354 1736 3418 nostri

381 3437 525 3501 Caesaris
551 3441 733 3515 auctoritas,
758 3449 907 3521 utcunque
931 3441 1099 3519 Hispanica
1122 3441 1251 3521 expiret.
1297 3441 1460 3503 Enimvero
1483 3443 1666 3522 vigilandum
1691 3449 1768 3505 eat

378 3527 580 3589 nostratibus:
614 3529 733 3590 ridetur
754 3529 784 3591 in
815 3539 917 3592 nostro
942 3528 1076 3591 Caesare
1100 3530 1199 3591 inesse
1224 3529 1445 3591 Archimedaea
1477 3531 1624 3611 quaedam
1656 3531 1736 3593 ratio

379 3623 497 3689 motus,
532 3617 581 3697 qui
605 3619 681 3679 adeo
705 3617 822 3692 lentus,
856 3617 963 3679 utrix
992 3619 1094 3680 oculos
1117 3618 1265 3690 incurrat,
1298 3635 1440 3679 successu
1464 3628 1564 3680 tamen
1589 3620 1734 3699 temporis

318 3761 321 3767 .
377 3703 531 3784 ingentem
554 3708 662 3769 molam
685 3716 882 3769 commoveat.
928 3706 1009 3768 Ecce
1033 3708 1151 3788 Pragae
1175 3707 1300 3780 sedens,
1337 3706 1403 3767 sine
1424 3708 1486 3768 nlla
1509 3707 1636 3791 bellicae
1660 3707 1735 3769 artis

376 3792 506 3873 peritia,
549 3794 613 3856 sine
646 3794 827 3858 anctoritate
861 3797 911 3869 (ut
934 3796 1063 3858 antehac
1091 3795 1285 3868 credebatur)
1318 3802 1419 3857 tamen
1452 3795 1599 3857 miracula
1620 3804 1734 3875 patrat,

376 3879 527 3960 principes
551 3882 581 3943 in
606 3882 704 3944 officio
728 3884 879 3951 continet,
913 3883 1131 3963 obsequentes,
1164 3889 1314 3963 promtus,
1347 3883 1489 3945 liberales
1513 3883 1621 3959 habet,
1655 3883 1736 3945 orbis

376 3970 571 4031 monarcham
603 3979 651 4033 tot
680 3973 788 4033 seculis
818 3971 1038 4034 formidabilem
1062 3971 1208 4045 sustinet,
1243 3978 1343 4032 tractu
1367 3971 1438 4033 belli
1462 3971 1626 4051 defatigat,
1659 3974 1736 4034 citra

377 4064 478 4118 tamen
502 4077 643 4136 magnum
668 4060 787 4140 aliquod
811 4060 1044 4135 incommodum,
1076 4060 1154 4138 quod
1178 4058 1339 4122 hostilibus
1362 4060 1559 4121 incommodis
1581 4079 1734 4142 praepon-

377 4143 473 4206 deret.
521 4143 637 4215 Quibus
661 4149 751 4209 rebus
775 4148 921 4227 eiusmodi
953 4167 1053 4209 merae
1075 4146 1241 4228 potestatis
1274 4147 1469 4211 fundamenta
1487 4142 1578 4227 jacit,
1611 4158 1646 4211 nt
1669 4149 1736 4211 sola

376 4232 459 4312 regni
485 4233 600 4295 Turcici
633 4234 788 4297 inclinatio
822 4237 930 4297 deesse
962 4236 1110 4298 videatur.
1158 4234 1264 4306 Quid?
1310 4234 1427 4306 Quibus
1460 4256 1572 4318 quaeso
1607 4237 1732 4311 artibus,

377 4338 436 4401 qna
468 4321 613 4383 felicitate
637 4323 902 4406 Transsylraniam
935 4324 1070 4386 restituit
1092 4324 1288 4386 Austriacis?
1334 4323 1421 4395 Quod
1454 4344 1558 4387 omnes
1582 4325 1733 4388 miramur.

376 4406 456 4478 Quin
480 4417 512 4471 et
534 4411 590 4472 hoc
613 4412 727 4491 passim
752 4413 933 4485 affirmatur,
959 4412 1081 4476 tertium
1104 4412 1343 4474 exhaeredibus
1367 4413 1552 4476 nominatum
1567 4432 1634 4478 asse
1650 4413 1733 4477 Cae·

376 4516 475 4558 sarem
499 4506 633 4561 nostrum
657 4520 676 4560 a
698 4500 879 4562 Moscorita.
926 4499 965 4561 Ei
988 4501 1030 4561 rei
1054 4500 1167 4580 legatio
1190 4499 1437 4580 splendidissima
1461 4503 1675 4578 adornabatur,
1699 4512 1735 4565 ιιι

376 4603 419 4645 sc.
444 4584 527 4647 solus
550 4596 655 4649 noster
676 4588 783 4650 haeres
808 4587 1020 4650 nominaretur.
1068 4588 1130 4651 Sed
1154 4596 1250 4650 morte
1273 4590 1463 4651 Moscovitae
1493 4591 1606 4671 legatio
1635 4592 1733 4655 intar-

375 4672 461 4734 cidit.

464 4762 543 4824 Utut
565 4759 615 4836 sit,
641 4762 796 4823 fatendum
819 4762 938 4824 omnino
964 4768 1027 4834 est,
1052 4782 1072 4823 a
1094 4762 1160 4825 Deo
1184 4762 1320 4826 benedici
1344 4765 1439 4826 nostri
1465 4764 1608 4829 Caesaris
1631 4770 1732 4833 rebus.
