3786 5808
399 366 441 432 52
992 366 1154 418 Prooemium.

399 496 567 588 mutandus.
614 521 694 594 Quia
715 523 808 602 igitur
830 531 943 585 certum
964 542 1058 604 penes
1085 529 1140 586 vos
1175 523 1294 586 minime
1325 530 1404 599 erat,
1433 523 1676 586 inveteraturane
1708 522 1750 584 sit

399 616 474 677 haec
497 612 623 676 mutatio
647 631 702 674 uec
724 631 773 688 ne,
797 610 871 673 nihil
893 611 941 674 hic
964 621 1086 688 temere,
1110 612 1183 675 nihil
1201 631 1281 674 vana
1299 614 1428 694 quadam
1446 612 1655 697 desperatione
1679 630 1747 672 cor-

398 702 591 785 rumpendum
614 720 681 762 esse
704 700 871 781 putabatis,
896 703 974 782 qnod
997 702 1133 784 nequiret
1155 702 1184 764 in
1203 709 1355 782 posterum
1370 700 1498 764 restitui.
1530 701 1666 781 Denique
1680 718 1746 760 mo-

399 793 529 867 nebatis,
554 798 693 853 eventum
716 789 909 869 profectionis
933 810 1018 853 meae
1041 791 1071 852 in
1093 791 1207 852 incerto
1231 809 1309 861 esse,
1333 791 1454 873 fierique
1478 809 1581 871 posse,
1605 798 1639 850 ut
1663 787 1746 851 Cha-

399 882 505 964 rybdin
522 881 623 942 vitans
646 880 674 942 in
697 876 831 961 Scyllam
849 879 988 941 incidam.
1022 880 1064 941 Et
1078 879 1152 941 haec
1167 880 1284 960 quidem
1305 884 1481 960 argumenta
1496 888 1559 940 tum
1573 879 1745 941 valuemnt:

393 972 458 1052 jam
479 977 641 1050 postquam
665 986 702 1029 ex
725 968 781 1029 hac
805 987 904 1030 annua
933 968 1026 1031 veluti
1060 970 1129 1031 crisi
1161 970 1198 1030 de
1230 969 1383 1030 turbarum
1415 968 1518 1031 harum
1546 968 1628 1031 exitu
1652 966 1747 1046 deque

292 1106 298 1127 r
398 1059 532 1121 venturis
556 1057 739 1138 temporibus
758 1057 903 1137 judicium
922 1057 1021 1119 iacere
1041 1058 1149 1120 didicit
1173 1058 1412 1137 respondendum
1429 1066 1478 1120 est
1496 1056 1609 1139 aliquid
1627 1057 1667 1117 ad
1689 1073 1746 1135 op-

398 1149 515 1229 positas
539 1147 682 1210 rationes.
722 1143 809 1218 Quod
833 1147 950 1228 quidem
973 1146 1091 1223 faciam,
1117 1164 1241 1210 exorsus
1265 1146 1302 1208 ab
1321 1147 1436 1209 ultima.
1476 1145 1676 1227 Quaecunque
1699 1163 1747 1205 me

399 1257 527 1319 namque
543 1238 663 1299 fortuna
677 1243 821 1316 sequatur
834 1236 893 1297 alio
913 1236 1090 1317 proiectum,
1115 1244 1228 1298 certum
1251 1236 1357 1311 habeo,
1382 1236 1559 1299 atrociorem
1581 1253 1639 1296 nou
1663 1234 1747 1295 lutu-

399 1346 472 1403 ram,
497 1345 584 1408 quam
608 1344 683 1407 quae
707 1324 793 1385 nobis
816 1325 960 1410 impendit
983 1325 1110 1387 durante
1132 1324 1188 1387 hac
1211 1325 1297 1405 Reip.
1321 1333 1441 1387 nostrae
1465 1326 1570 1388 forma.
1616 1324 1751 1385 Ventum

400 1425 448 1478 est
461 1417 527 1496 janu
541 1415 579 1476 ad
595 1415 686 1476 exilia
699 1412 826 1476 civium:
853 1433 927 1495 quae
951 1413 1064 1476 indicta
1087 1423 1165 1488 sunt,
1191 1414 1410 1494 repraesentari
1429 1413 1557 1476 nondum
1575 1419 1748 1492 coeperunt,

399 1516 556 1585 postquam
579 1503 705 1584 principi
728 1503 809 1564 cives
834 1503 1054 1583 supplicarunt,
1085 1522 1316 1585 responsumque
1345 1503 1488 1566 differtur.
1536 1500 1596 1573 Qui
1618 1521 1656 1563 ex
1679 1501 1752 1565 aula

399 1596 430 1657 iu
454 1594 530 1655 hanc
553 1592 733 1653 mentionem
756 1592 909 1666 incidunt,
938 1593 1079 1672 graviora
1107 1593 1276 1655 minantur:
1311 1611 1433 1672 quorum
1461 1611 1550 1654 voces
1578 1591 1605 1653 si
1627 1590 1751 1653 oracula

399 1683 469 1757 sint,
494 1700 643 1763 nunquam
658 1680 868 1742 commissurus
884 1689 932 1742 est
944 1682 1092 1761 princeps,
1117 1690 1151 1743 ut
1174 1681 1221 1741 vel
1245 1680 1418 1743 Lutherauo
1442 1682 1524 1742 locus
1547 1680 1576 1741 in
1599 1681 1672 1742 urbe
1695 1680 1749 1755 sit,

399 1772 447 1834 vel
479 1771 575 1836 libera
607 1769 748 1850 migranti
779 1778 918 1849 potestas
949 1769 1113 1844 evehendi,
1147 1770 1367 1844 commutandi,
1397 1769 1543 1831 vendendi
1571 1769 1651 1831 bona
1682 1788 1750 1830 sua.

400 1859 615 1940 Confingentur
639 1859 710 1931 doli,
736 1858 841 1938 quibus
865 1860 894 1920 in
918 1858 1042 1921 crimina
1060 1859 1229 1939 majestatis
1248 1859 1436 1940 implicentur
1452 1860 1544 1933 cives,
1569 1867 1603 1919 ut
1625 1858 1751 1937 rapinae

398 1958 590 2030 praetextum
621 1947 753 2008 habeant
777 1948 926 2027 justitiae.
974 1946 1120 2011 Carceres
1148 1947 1242 2029 primo
1274 1948 1373 2027 parati
1406 1958 1509 2017 erunt,
1542 1955 1604 2009 tum
1635 1946 1751 2009 multae

398 2037 598 2118 pecuniariae,
624 2037 730 2118 quibus
753 2036 797 2097 illi
820 2036 1021 2111 redimantur3
1046 2037 1171 2116 denique
1190 2036 1276 2098 bonis
1299 2037 1455 2116 dissipatis
1478 2036 1578 2100 exilia
1621 2036 1662 2098 Et
1681 2036 1750 2116 jam

399 2128 518 2208 quidem
541 2125 685 2206 incipiunt
708 2125 841 2204 irrogare
866 2127 977 2187 multas
1000 2126 1198 2205 pecuniarias.
1237 2123 1296 2198 Qui
1320 2126 1463 2188 infantem
1487 2126 1526 2187 ad
1549 2124 1633 2187 verbi
1657 2124 1750 2187 mitii-

400 2225 493 2277 strum
516 2215 547 2276 in
572 2234 640 2276 arce
664 2214 764 2294 aliqua
781 2214 880 2275 vicina
899 2215 1055 2294 degentem
1076 2215 1182 2288 defert,
1209 2214 1351 2294 baptismi
1370 2233 1471 2289 causa,
1496 2215 1545 2295 qui
1562 2213 1596 2278 S.
1612 2211 1751 2276 Coenam

398 2305 509 2386 accipit
531 2323 569 2365 ex
591 2303 779 2364 institutione
804 2301 932 2374 Christi,
964 2304 1014 2384 qui
1037 2303 1193 2364 conciones
1215 2303 1416 2384 Evangelicas
1440 2303 1525 2379 adit;
1552 2304 1752 2384 majestatem

397 2394 497 2457 laesit.
536 2390 595 2463 Qui
609 2392 761 2455 Psalmurn
782 2390 862 2473 intra
883 2392 987 2452 urbem
1010 2401 1123 2466 cantat,
1149 2393 1196 2473 qui
1220 2393 1370 2472 postillas,
1396 2393 1444 2473 qui
1468 2392 1591 2454 Biblia
1608 2392 1750 2457 Luthe-

397 2502 485 2546 rana
508 2481 614 2561 legit,
639 2480 720 2542 urbis
736 2480 886 2542 territorio
900 2489 1031 2543 meretur
1045 2481 1149 2542 arceri.
1189 2478 1247 2553 Qui
1266 2481 1295 2543 in
1319 2482 1490 2543 coemiterio
1512 2499 1651 2562 pompam
1674 2480 1751 2544 hor-

398 2579 480 2633 tatur
502 2572 541 2632 ad
569 2588 687 2650 preces,
717 2569 764 2653 qui
789 2570 926 2631 morienti
950 2571 1183 2632 consolationem
1206 2572 1357 2650 suggerit,
1386 2571 1562 2649 gravissime
1584 2581 1692 2650 peccat
1716 2579 1754 2633 et
1828 2570 1833 2577 ’

397 2663 611 2740 nolvnpoypmo
634 2667 692 2720 est.
729 2659 813 2721 Haec
837 2659 914 2720 enim
938 2659 1038 2720 omnia
1056 2667 1126 2721 strat
1143 2659 1173 2721 in
1193 2660 1333 2721 decretis.
1370 2660 1492 2722 Nullum
1515 2659 1564 2721 hic
1587 2660 1751 2722 discrimen

353 2812 355 2817 ,
398 2751 476 2812 iuter
491 2751 584 2811 civem
608 2756 640 2809 et
657 2747 825 2810 ministrum
839 2747 1065 2827 provincialium
1084 2748 1113 2809 in
1134 2748 1323 2819 exsecutione
1343 2758 1489 2811 servatur.
1527 2749 1603 2810 Mihi
1625 2748 1654 2809 iu
1678 2747 1750 2810 rin-

398 2839 509 2901 dictam
534 2837 677 2899 contemti
701 2836 857 2898 ministerii
881 2836 974 2897 urbici
992 2837 1088 2898 multa
1114 2834 1154 2900 10
1172 2837 1353 2899 thalerorum
1373 2837 1485 2899 indicta
1502 2845 1570 2899 est:
1595 2836 1751 2900 dimidium

396 2927 534 3007 precibus
548 2926 669 3001 redemi,
694 2927 839 3006 reliquum
861 2926 943 3006 prius
968 2936 1034 2987 erat
1055 2927 1278 3005 praestandum,
1304 2945 1392 3007 quant
1407 2942 1534 3007 possem
1553 2926 1676 2988 filiolam
1697 2926 1748 2988 in-

398 3018 475 3080 ferre
499 3016 666 3095 sepulchro.
712 3016 817 3091 Alius,
842 3016 920 3096 quod
943 3015 1083 3094 populum
1106 3024 1173 3077 erat
1196 3015 1372 3077 exhortatus
1395 3015 1425 3077 in
1448 3015 1635 3089 coemiterio,
1664 3016 1751 3078 nulla

397 3107 547 3169 mentione
572 3105 736 3166 invidiosae
760 3124 879 3173 causae,
903 3105 1058 3165 teterrimo
1082 3123 1201 3166 carcere
1225 3104 1387 3167 detinetur.
1433 3104 1557 3167 Summa
1580 3105 1654 3166 haec
1678 3114 1748 3168 est:

397 3216 434 3257 ea
460 3196 523 3276 jaon
547 3195 646 3269 dicta,
680 3194 816 3273 incepta,
850 3194 1024 3254 factasunt
1047 3213 1066 3252 a
1089 3193 1236 3272 principe,
1270 3201 1305 3255 ut
1326 3213 1384 3256 non
1407 3194 1506 3274 possit
1529 3194 1592 3255 sine
1617 3194 1749 3257 maximo

397 3284 442 3345 sui
471 3286 614 3363 despectu
643 3282 692 3343 vel
722 3301 810 3343 uuum
834 3300 942 3343 anuum
968 3281 1019 3342 ulli
1043 3282 1125 3341 verbi
1149 3282 1285 3345 ministro
1308 3283 1337 3344 in
1362 3283 1457 3345 tribus
1480 3283 1562 3345 hisce
1584 3283 1749 3363 provinciis

397 3375 427 3434 in
447 3372 510 3434 ulla
524 3389 602 3446 arce,
628 3390 819 3450 quaecunque
838 3371 918 3448 jura,
942 3368 1071 3448 publica,
1095 3370 1215 3449 privata
1230 3372 1445 3452 praetendente
1460 3372 1557 3434 locum
1571 3374 1750 3452 relinquere.

397 3465 444 3523 Ac
467 3460 525 3522 nisi
549 3461 768 3521 malesanorum
791 3459 940 3519 hominum
962 3459 1119 3521 conatibus
1147 3460 1274 3521 resistat
1295 3462 1460 3522 Austriaca
1483 3461 1657 3533 clementia,
1681 3461 1751 3541 jam

397 3551 426 3611 in
450 3549 634 3628 quorundam
657 3548 764 3609 animis
789 3547 941 3608 delineata
963 3554 1032 3608 sunt
1057 3558 1087 3610 et
1110 3550 1263 3631 martyria,
1287 3569 1342 3611 nec
1365 3558 1549 3630 temperatur
1571 3551 1610 3612 ab
1633 3551 1750 3630 apertis

397 3638 687 3702 comminationibus.
733 3638 797 3700 Nec
821 3637 977 3718 quisquam
1001 3636 1133 3714 dubitat,
1164 3639 1232 3719 quin
1256 3640 1282 3700 si
1305 3639 1335 3700 in
1358 3639 1439 3701 cives
1462 3648 1494 3702 et
1515 3640 1546 3702 in
1569 3640 1749 3720 metropolin

395 3727 596 3789 valeathaec
618 3727 802 3806 persecutio,
827 3727 960 3805 singulas
984 3744 1099 3807 quoque
1122 3727 1263 3790 nobilium
1286 3747 1391 3802 arces„
1410 3728 1550 3810 ipsosque
1573 3730 1649 3791 adeo
1673 3748 1748 3810 pro-

396 3836 489 3891 ceres,
514 3817 621 3877 nedum
644 3816 794 3877 ministros
817 3823 994 3895 perreptura
1017 3816 1067 3877 sit.
1105 3816 1208 3877 Habes
1228 3816 1458 3879 delineationem
1472 3818 1601 3899 aliquam
1620 3828 1747 3880 nostra-

395 3907 470 3968 tium
492 3923 598 3967 rerum.
647 3902 713 3975 Qua
737 3924 795 3967 uon
819 3904 923 3966 ultimo
947 3911 1064 3965 tantum
1089 3913 1277 3984 argumento,
1301 3907 1410 3968 sedet
1433 3906 1531 3969 medio
1554 3907 1749 3970 satisfactum
1795 3974 1800 3983 ,

394 4004 477 4075 puto.
523 3995 618 4066 Nem,
650 4002 683 4055 ut
710 4013 787 4055 nunc
819 3993 936 4073 quidem
959 3993 1072 4055 habent
1101 3994 1232 4055 humana
1258 3996 1427 4073 praesidia,¹
1454 3996 1537 4058 nulla
1563 4015 1601 4057 ne
1623 3997 1749 4059 minima

395 4084 513 4164 quidem
536 4102 606 4164 spes
631 4091 679 4145 est
701 4084 729 4144 iu
759 4101 919 4163 quoquam,
950 4082 1009 4144 nisi
1039 4082 1068 4143 in
1099 4084 1199 4145 armis.
1245 4083 1296 4145 Ad
1324 4104 1407 4146 arma
1435 4094 1533 4146 annm
1562 4084 1627 4165 quis
1655 4093 1747 4165 putas

395 4174 519 4235 veniet?
563 4173 641 4236 Num
674 4172 816 4233 nobilitas
849 4181 954 4233 contra
985 4170 1170 4252 principem?
1215 4172 1389 4251 Disputatio
1422 4156 1537 4236 infinita
1569 4181 1627 4237 est.
1680 4176 1747 4238 Nec

394 4263 499 4345 uideo,
524 4262 694 4343 quaemihi
718 4262 838 4342 privata
860 4280 930 4340 spes
954 4261 983 4321 in
1008 4260 1128 4340 publica
1151 4261 1325 4323 calamitate
1346 4263 1445 4342 possit
1468 4282 1543 4325 esse.
1585 4264 1747 4343 Nunquam

395 4351 481 4414 salva
503 4359 606 4431 potest
629 4371 696 4412 esse
724 4370 772 4413 res
802 4351 968 4412 domestica
995 4350 1023 4411 in
1054 4349 1180 4429 publicis
1212 4350 1462 4430 grassationibus.
1508 4352 1615 4415 Filiam
1646 4372 1745 4416 meam

396 4441 473 4520 quod
498 4441 622 4515 attinet,
652 4441 769 4519 opinor,
800 4440 876 4500 hanc
900 4459 967 4500 esse
989 4457 1088 4500 rerum
1112 4440 1232 4514 iaciern,
1264 4449 1298 4501 ut
1320 4441 1400 4502 baud
1422 4449 1548 4521 gravate
1570 4443 1744 4504 consensuri

394 4531 457 4591 sint
480 4530 543 4609 ejus
567 4536 683 4591 tutores
707 4548 773 4590 cnm
796 4544 887 4590 uxore
910 4548 988 4601 mea,
1013 4546 1088 4607 quae
1112 4528 1193 4589 illurn
1218 4546 1317 4590 secum
1339 4529 1511 4592 abduceret.
1549 4532 1594 4592 At
1616 4532 1744 4592 officium

393 4637 499 4694 meum,
524 4618 611 4699 quale
630 4618 721 4679 luerit
735 4618 879 4679 hactenus
893 4618 957 4698 jam
981 4636 1058 4678 anno
1083 4624 1227 4692 vertente,
1252 4627 1325 4698 puto
1348 4626 1379 4679 te
1403 4620 1584 4700 perspicere.
1622 4621 1742 4682 Nemini
1779 4638 1782 4649 ·

393 4707 458 4769 usui
483 4715 552 4768 sunt
575 4725 666 4786 opera
689 4725 770 4779 mea;
794 4707 929 4787 quodque
950 4705 1091 4768 salarium
1110 4726 1209 4768 meum
1228 4706 1362 4769 obtinere
1378 4726 1425 4770 me
1443 4708 1606 4788 patiuntur,
1630 4709 1744 4770 faciunt

392 4816 451 4857 non
476 4806 538 4858 tam
557 4815 609 4875 spe
625 4804 803 4876 sequuturae
818 4815 856 4857 ex
871 4815 918 4857 me
933 4795 1084 4867 utilitatis,
1108 4814 1196 4876 quam
1220 4796 1423 4861 misericordia
1446 4807 1477 4859 et
1500 4806 1580 4860 metu
1603 4798 1743 4861 sinistrae

393 4884 625 4949 existimationis
647 4903 740 4969 penes
762 4903 817 4947 vos
840 4885 870 4946 in
894 4884 1027 4966 imperio:
1064 4886 1116 4946 Ad
1139 4885 1213 4947 hacc
1237 4886 1262 4946 si
1283 4887 1314 4947 in
1334 4886 1438 4950 schola
1456 4887 1528 4949 mihi
1547 4886 1742 4953 laborandum
