3814 5818
786 382 947 434 Pomm
1178 452 1182 459 ,
1479 381 1544 452 293

188 560 224 605 eo
247 541 394 617 utrrisch,
419 541 492 603 dass
516 541 692 604 deroselben
715 561 752 603 zu
774 542 854 605 ihrer
867 542 966 604 selbot
979 543 1140 605 Frommen
1163 542 1247 605 diese
1263 543 1326 606 alte
1344 547 1542 627 verstltndige

186 631 318 704 notter,
351 631 401 693 die
425 628 624 692 Astronomia
651 630 744 692 durch
768 631 822 692 der
844 631 976 693 Tochter
998 631 1245 713 Narrenteyung,
1277 632 1344 694 weil
1375 633 1418 694 sie
1441 637 1542 699 tumel

185 719 264 782 auch
295 719 381 781 einen
405 718 527 802 Spiegel
554 720 621 793 hat,
655 738 711 780 nur
738 720 974 798 eingeschwatat
999 720 1060 781 vnd
1088 720 1264 799 eingelogen
1293 722 1412 783 werden
1444 743 1537 788 muse.

180 808 259 870 'Vnd
281 807 376 889 seynd
398 815 524 869 scnsten
547 807 600 868 der
622 807 909 869 Mathematicorum
936 808 1050 869 salaria
1072 828 1107 870 eo
1131 808 1258 870 seltzam
1281 810 1342 870 end
1365 828 1399 872 so
1422 812 1538 892 gering,

185 896 258 958 dass
282 895 331 958 dio
354 897 470 959 Mutter
492 896 660 975 gewisslich
687 897 809 976 Hunger
833 897 938 976 leyden
963 903 1090 970 mlisste,
1120 915 1185 958 wau
1210 897 1258 957 die
1283 897 1414 960 Tochter
1438 900 1540 963 nichts

186 986 320 1047 erutrbe
344 985 398 1047 hc.
424 983 545 1063 (Comp.
570 984 677 1047 librum
700 984 738 1045 de
762 984 861 1046 Stella
884 1003 963 1046 nova
986 983 1063 1064 (lap.
1088 984 1158 1047 Xll.
1183 985 1239 1047 sub
1261 986 1351 1048 finem
1378 994 1411 1048 et
1433 995 1537 1051 annot.

186 1082 322 1136 coenam
344 1074 422 1135 infra
446 1080 619 1154 sequentem
643 1073 716 1135 Nro.
744 1071 811 1146 10.)
856 1072 943 1143 Etsi,
973 1082 1006 1134 ut
1029 1074 1104 1135 haec
1129 1081 1282 1135 testantur
1300 1074 1410 1148 verba,
1434 1076 1541 1156 priva·

187 1162 244 1225 tim
267 1171 300 1224 et
320 1162 439 1242 publice
462 1181 520 1223 noo
540 1161 666 1223 multum
682 1162 836 1223 tribuebat
849 1160 999 1241 Keplerus
1019 1161 1216 1242 astrologiae,
1241 1162 1279 1223 ob
1299 1181 1352 1225 eas
1366 1183 1443 1244 quas
1457 1165 1540 1227 dixi-

185 1270 252 1313 mus
279 1270 390 1313 causas
422 1269 499 1331 quae
522 1251 631 1311 rationi
664 1250 761 1312 minus
784 1250 936 1312 contraria
967 1251 1140 1312 viderentur
1167 1269 1204 1310 ex
1238 1250 1290 1313 illa
1313 1250 1473 1328 desumit,
1508 1260 1540 1314 et

186 1339 325 1418 sibiipsi
353 1339 479 1419 aliisque
509 1338 680 1418 acceptiora
707 1339 833 1399 reddere
859 1338 973 1417 passim
996 1347 1123 1400 conatus
1146 1348 1195 1399 est
1223 1357 1289 1401 cum
1313 1339 1409 1401 literis
1433 1342 1537 1421 priva-

185 1428 236 1502 tis,
261 1435 324 1490 tum
347 1428 432 1490 libris
455 1428 484 1488 in
507 1428 615 1503 vulgus
638 1427 737 1497 editis,
762 1427 922 1506 praecipue
945 1427 1018 1499 illis,
1049 1446 1124 1506 quos
1148 1446 1239 1507 supra
1261 1428 1401 1499 diximus,
1423 1430 1539 1492 Astro-

187 1517 285 1597 logiae
309 1517 525 1590 fundamentis,
554 1516 630 1577 libro
655 1516 692 1577 de
716 1516 806 1577 stella
829 1515 904 1576 anni'
926 1510 1010 1579 1604
1033 1524 1065 1576 et
1087 1515 1189 1577 Tertio
1221 1517 1456 1580 interveniente.
1503 1519 1539 1579 lu

186 1606 283 1668 literis
305 1604 447 1686 privatis,
470 1603 631 1684 praecipue
654 1603 706 1679 iis,
722 1623 798 1684 quas
821 1604 861 1664 ad
883 1604 1065 1665 Davidem
1089 1602 1294 1666 Fabricium
1318 1605 1410 1679 dedit,
1442 1607 1539 1668 multa

184 1694 446 1773 deprehendimus,
467 1711 544 1772 quae
566 1693 624 1753 huc
645 1685 810 1772 pertinent,
835 1711 925 1773 quam
949 1693 986 1754 ob
1010 1711 1074 1754 rem
1097 1693 1153 1753 has
1172 1690 1365 1754 calendariis
1388 1695 1536 1772 praemit·

184 1781 277 1843 tenda
298 1800 465 1844 censemus.
512 1779 588 1843 Oum
612 1788 712 1842 autem
735 1781 764 1841 in
789 1780 849 1843 illis
873 1780 952 1843 sicut
974 1780 1069 1842 etiarn
1091 1781 1122 1841 in
1146 1779 1336 1843 Calendariis
1364 1783 1460 1843 multa
1487 1783 1536 1844 in-

183 1871 255 1944 sint,
279 1888 355 1951 quae
378 1888 456 1932 nuuc
479 1871 544 1932 sine
559 1869 758 1953 explicatione
774 1888 865 1947 aegre
879 1869 1101 1950 intelligantur,
1125 1868 1172 1930 his
1187 1869 1241 1930 illa
1258 1869 1438 1932 illustranda
1455 1877 1535 1932 sunt

271 1958 428 2038 Astrologi
452 1958 574 2039 quidam
597 1957 761 2019 horizontis
785 1957 927 2019 circulum
949 1958 980 2018 iu
1008 1956 1049 2020 12
1063 1957 1207 2038 aequales
1231 1965 1335 2036 partes
1358 1958 1535 2031 diviserunt,

183 2046 268 2109 initio
292 2048 374 2109 teoto
397 2068 417 2106 a
438 2056 549 2127 puncto
573 2047 698 2108 orientis
721 2046 804 2108 Solis
827 2045 1008 2127 aequinoctii
1037 2055 1184 2125 tempore.
1231 2044 1345 2108 Circuli
1374 2046 1536 2111 verticales

181 2155 237 2217 per
258 2136 437 2198 divisionum
463 2143 576 2214 puncta
602 2135 733 2196 traducti
764 2141 860 2196 totum
884 2135 960 2195 coeli
988 2134 1240 2214 hemisphaerium
1269 2133 1298 2194 in
1331 2131 1371 2195 12
1399 2142 1536 2197 sectores

183 2223 330 2299 dividunt,
355 2243 431 2304 quas
453 2225 580 2286 domos
603 2224 753 2285 coelestes
776 2231 896 2285 vocant.
943 2222 1006 2284 Alii
1029 2222 1218 2284 constituunt
1245 2222 1300 2284 has
1325 2223 1430 2284 domus
1454 2222 1535 2284 divi-

183 2312 280 2374 dendo
302 2312 460 2375 zodiacum
488 2331 543 2394 per
569 2312 697 2373 circulos
726 2310 932 2379 latitudinum,
966 2311 1019 2372 alii
1047 2310 1209 2372 dividendo
1240 2320 1451 2390 aequatorem,
1484 2310 1536 2373 alii

183 2400 309 2481 denique
338 2401 480 2463 circulum
504 2399 680 2461 verticelem
708 2417 762 2478 per
785 2407 883 2461 ortum
907 2407 939 2460 et
961 2417 1103 2461 occasum
1127 2399 1378 2479 aequinoctialem
1402 2399 1535 2462 ductum.

183 2489 452 2551 Denominationes
475 2498 507 2551 et
530 2487 766 2566 significationes
789 2488 894 2549 harum
909 2488 1092 2561 „domuum“
1116 2488 1173 2548 hae
1187 2496 1258 2549 suut
1272 2488 1437 2555 secundum
1452 2485 1536 2571 Ori-

182 2596 342 2657 gauum:
371 2579 394 2641 l.
418 2576 597 2639 Ascendens
627 2594 682 2637 seu
704 2576 913 2659 Horoscopus3
943 2576 1048 2638 domus
1071 2576 1163 2637 vitae.
1212 2577 1250 2638 ll.
1276 2576 1457 2638 Diuitiarum
1481 2593 1535 2636 sen

68 2694 72 2700 >
117 2714 124 2719 „
180 2675 285 2745 portae
308 2667 453 2728 infernae.
499 2666 553 2727 Ill.
577 2666 717 2727 Fratrum
740 2683 794 2726 seu
817 2682 962 2737 sororum,
978 2683 1032 2726 seu
1051 2663 1162 2726 divine.
1209 2664 1266 2725 IV.
1289 2664 1464 2736 Parentum,
1482 2681 1536 2725 seu

181 2755 272 2817 imum
287 2755 373 2817 coeli.
421 2755 461 2814 V.
486 2755 672 2825 Liberorum,
688 2770 742 2815 seu
756 2752 836 2813 bona
850 2753 982 2814 forturm.
1021 2753 1077 2814 VI.
1102 2751 1305 2824 Valetudiuie,
1321 2751 1534 2825 ministrorum,

182 2843 353 2906 animalium
376 2843 616 2914 domesticorum,
643 2860 696 2902 seu
719 2841 801 2902 mala
814 2841 943 2901 senuna.
991 2840 1063 2901 Vll.
1089 2837 1238 2918 conjugii,
1263 2858 1316 2901 seu
1335 2840 1427 2900 cardo
1449 2837 1533 2903 occi-.

182 2931 323 2995 dentalis.
370 2931 454 2992 VIlI.
478 2930 598 3004 Mortis,
621 2948 675 2990 seu
694 2946 824 3007 superna
838 2935 936 3008 porta.
983 2927 1039 2989 IX.
1059 2926 1239 3004 Religionis,
1265 2927 1455 3001 somniorum,
1481 2925 1533 2986 iti-

181 3038 292 3095 nerum,
317 3039 371 3082 sen
385 3019 479 3081 Deus.
517 3018 557 3080 X
582 3019 675 3079 Vitae
694 3035 789 3096 genus
803 3025 953 3090 natorum,
979 3035 1032 3077 seu
1046 3015 1176 3077 medium
1190 3015 1277 3076 coeli.
1324 3015 1380 3077 Xl.
1404 3013 1532 3077 Amico-

181 3126 255 3176 rum,
281 3127 333 3170 seu
346 3109 442 3170 bonus
455 3106 571 3186 genius.
612 3105 682 3167 xit
707 3104 905 3179 Inimicomm,
929 3122 984 3167 seu
996 3104 1094 3166 malus
1109 3102 1225 3183 genius.
1250 3150 1255 3165 ‚
1273 3101 1395 3165 Gradus
1410 3099 1532 3180 eclipti-

181 3214 235 3257 cae
271 3196 466 3258 meridianum
507 3212 657 3273 occupans
1054 3209 1101 3258 ris·
1117 3207 1137 3247 ¹·

182 3281 263 3345 Gor
299 3281 422 3347 Coeli
459 3292 656 3366 nuncupatur.

182 3370 304 3434 Gradus
354 3371 512 3453 eclipticae
557 3372 657 3434 oriens

180 3459 403 3539 (Horoscopus)
426 3468 568 3545 ,tempore
600 3460 657 3521 ob-

179 3549 370 3622 servationis,
395 3549 424 3609 in
439 3549 464 3609 Ι.
480 3549 567 3610 domo
591 3548 656 3609 col-

179 3637 296 3699 locatur
309 3636 496 3712 „thematls“
515 3655 569 3697 seu
581 3655 656 3710 „ra-

179 3726 292 3801 dicis“;
316 3744 391 3800 „cor
404 3724 502 3787 ooeli“
525 3724 555 3786 in
569 3724 610 3797 X,
625 3732 658 3785 et
676 3721 722 3777 Ill

177 3813 265 3875 initia
286 3814 466 3894 reliquarum
491 3813 655 3885 domorum,

177 3902 208 3963 h.
241 3920 269 3963 e.
307 3900 576 3981 correspondentes
608 3900 655 3961 his

152 3989 289 4065 ‘gradus
326 3990 499 4069 eclipticas,
545 3988 655 4050 inscri-

176 4076 286 4139 buntur
322 4077 448 4157 singulis
485 4077 655 4156 triangulis,
703 4089 721 4146 1

178 4183 254 4245 qnae
271 4166 409 4246 singulae
424 4172 657 4246 repraesentant

177 4253 293 4317 domus.

266 4341 425 4419 „Thema“
448 4348 549 4402 autem
576 4339 655 4402 hano

174 4429 269 4492 habet
290 4430 431 4509 liguram,
464 4447 567 4510 quam,
601 4447 653 4489 se·
689 4473 719 4529 Π

175 4526 303 4598 quentes
318 4518 481 4597 Keplerum
504 4517 652 4579 nativita-

174 4613 237 4667 tem
251 4606 518 4669 Wallenstenii
540 4613 652 4667 notau-

175 4702 247 4768 tom,
272 4693 488 4757 delineavimus
502 4693 586 4768 (vide
601 4692 652 4754 in-

174 4782 245 4865 fra).
287 4780 498 4861 Ioecripsimus
513 4798 652 4844 numeros

174 4871 329 4934 domm
351 4870 478 4949 singulte
491 4869 651 4963 triangulis
