3814 5818
734 358 937 412 sularem
1448 351 1514 421 rot

154 523 266 586 umas
287 539 343 584 sen
365 540 449 602 seqq
471 520 605 601 ejnaoan
627 539 682 600 per
705 520 752 581 sui
775 517 877 582 circuli
901 517 1113 598 quadrantem,
1147 522 1288 580 manente
1320 535 1377 577 axe
1401 515 1514 581 'l'erraa

154 629 274 692 semme
302 609 442 690 sibiipsi
471 609 502 671 in
525 609 655 671 dirersis
677 609 795 671 sitnhns
823 607 986 687 parallelo,
1020 604 1140 669 minime
1163 624 1236 667 vero
1264 611 1402 667 nutante.
1448 604 1514 669 Neo

153 701 283 780 simplex
300 700 376 760 haec
399 697 587 761 asseveratio
610 718 683 759 vera
705 706 763 771 est,
788 699 931 776 angulum
952 696 1029 757 hanc
1048 693 1170 757 variari.
1215 694 1294 757 Nam
1309 692 1416 754 eadem
1430 711 1514 756 sem·

152 808 207 870 per
227 795 333 850 manet
354 788 421 851 axis
445 788 557 850 Terrae
581 788 620 848 ad
644 787 766 870 planum
789 785 947 866 eclipticae
971 783 1140 857 inclinatio,
1173 782 1291 844 sivein
1315 782 1513 861 aequinoctiis

152 878 217 940 slve
249 877 280 938 in
304 877 448 940 solstitiis
471 876 525 949 (de
554 879 735 950 mutatione,
770 895 846 956 qnae
878 883 950 955 post
981 872 1076 935 multa
1103 871 1206 934 secula
1236 888 1382 951 perquam
1405 870 1514 950 exigna

153 964 314 1045 contingit,
341 967 406 1047 jam
438 983 497 1026 non
530 964 664 1046 loquor),
698 966 752 1029 sed
784 985 843 1029 non
872 980 990 1042 semper
1018 959 1121 1023 Solem
1152 959 1296 1039 respicit;
1330 959 1514 1021 transfertur

153 1072 281 1133 namque
303 1052 408 1117 Tellus
430 1072 497 1116 cum
520 1071 576 1116 sua
597 1056 806 1128 inclinatione,
834 1071 911 1135 quae
934 1068 1052 1129 semper
1080 1050 1111 1110 in
1135 1048 1257 1110 easdem
1281 1047 1384 1110 mundi
1407 1043 1513 1127 parles

153 1143 262 1223 vergit.
309 1143 416 1224 ltaque
445 1141 600 1206 inclinatio
628 1145 720 1222 haec,
754 1145 861 1209 eadem
891 1148 1018 1205 manens
1051 1156 1117 1199 cum
1146 1138 1235 1217 plano
1261 1137 1343 1215 ipso,
1376 1135 1512 1198 diversos

151 1242 253 1294 tamen
276 1233 404 1311 angulus
427 1250 496 1293 cnm
519 1232 646 1297 dirersis
674 1235 756 1315 plani
780 1231 869 1294 lineis
892 1225 1064 1300 constitnit,
1099 1234 1133 1288 nt
1161 1244 1199 1286 ex
1228 1224 1414 1305 geometrica
1436 1224 1513 1286 aoli-

150 1321 256 1383 dorum
278 1320 417 1383 Mna
430 1328 570 1384 mosot.

240 1409 387 1491 Adeoque
415 1409 466 1488 qui
497 1420 568 1490 apte
597 1411 654 1473 sibi
686 1410 817 1474 voluerit
849 1402 1007 1485 imaginari
1040 1403 1167 1481 primum
1191 1408 1224 1463 et
1256 1399 1378 1462 tertium
1401 1399 1513 1461 Terrae

150 1506 262 1560 motum
286 1499 447 1560 meandum
474 1497 672 1578 Copernienm
696 1499 848 1577 (quamvis
881 1492 991 1556 tertius
1024 1491 1071 1552 hic
1098 1509 1153 1570 per
1175 1508 1208 1551 se
1232 1495 1333 1550 motus
1356 1507 1415 1549 non
1438 1490 1512 1562 est),

149 1588 176 1648 is
199 1587 365 1668 cylindrum
389 1586 467 1649 binis
489 1589 589 1668 planis
612 1588 769 1668 parallelis
792 1586 911 1665 oblique
935 1587 1018 1641 secet
1032 1579 1071 1640 ad
1086 1578 1228 1658 angulum
1244 1570 1366 1654 66¹l,⁰‚
1389 1575 1510 1656 etquis

150 1678 205 1739 bec
227 1682 319 1754 pacta
342 1694 513 1738 communes
536 1677 687 1739 auctiones
711 1696 764 1739 seu
787 1678 878 1738 bases
900 1672 977 1732 hant
1191 1715 1235 1765 ,ιι
1251 1712 1272 1756 3·

149 1765 283 1844 ellipses,
303 1782 358 1843 per
372 1765 474 1827 coroll.
494 1762 544 1828 lo.
561 1766 611 1828 lib.
628 1767 652 1827 l.
677 1764 784 1829 Sereni
799 1765 835 1826 de
850 1759 978 1843 cylindri

148 1854 304 1915 sectione:
331 1852 427 1932 lingat
449 1854 475 1915 is
499 1854 633 1929 iuterim,
664 1874 732 1917 esse
756 1853 884 1916 circulos
908 1867 980 1928 per-

151 1942 257 2005 fectos.
286 1939 373 2012 Quae
387 1941 542 2021 igiturest
562 1943 592 2004 in
608 1941 849 2005 circumferentia
862 1938 981 2000 basium

149 2029 321 2109 superficies
336 2029 444 2093 alicubi
462 2040 555 2104 recta,
581 2031 728 2093 inclinata
743 2029 863 2103 alicubi,
887 2027 981 2088 talem

147 2119 335 2198 superficiem
356 2119 422 2180 axis
437 2120 549 2181 Terrae
568 2119 712 2182 inclinate
731 2117 909 2182 circumlata
923 2115 979 2176 de·
1003 2158 1021 2217 c

148 2207 264 2269 scribit.
311 2205 378 2280 AO,
404 2208 460 2269 BD
484 2208 575 2270 bases
598 2207 737 2290 cylindri,
771 2208 824 2270 illa
846 2204 979 2276 inferior,

148 2297 224 2359 haec
255 2295 406 2377 superior,
443 2295 500 2358 OD
532 2296 704 2376 superficies
737 2294 901 2377 aequealta
933 2291 984 2354 axi

149 2386 276 2454 Terrae,
305 2384 354 2446 blo
378 2392 427 2446 est
453 2384 600 2447 inclinata
630 2392 664 2448 ut
686 2393 719 2448 et
741 2386 771 2447 in
795 2384 867 2456 AB,
898 2388 985 2444 recta

146 2473 177 2535 in
199 2474 236 2548 E,
261 2475 296 2535 F.
335 2471 384 2535 lta
407 2471 472 2546 OD,
502 2474 559 2535 AB
583 2474 784 2537 solstitiorum
811 2480 882 2536 sunt
904 2473 983 2543 loca,
1249 2513 1270 2566 3

146 2562 192 2638 lt,
216 2563 243 2625 F
265 2561 528 2641 aequinoctiorum.

236 2651 302 2714 Nee
326 2650 455 2713 feliciter
468 2651 567 2714 Ursus
581 2647 722 2713 Graecas
738 2669 827 2711 voces
852 2650 957 2729 tetigit
978 2656 1103 2730 nahum,
1127 2662 1250 2734 tmpore,
1272 2663 1436 2737 potestque
1459 2659 1508 2720 rel

148 2739 205 2800 hoe
228 2740 294 2800 solo
318 2737 459 2801 Graecae
477 2740 597 2818 linguae
612 2740 710 2818 perito
735 2735 936 2817 Oopernicnm
956 2744 1117 2806 obscurum
1131 2745 1267 2808 reddere.
1314 2744 1392 2819 Tibi,
1417 2744 1507 2819 Ursa,

146 2828 256 2902 Terra,
280 2827 323 2890 uti
347 2827 466 2908 quidem
490 2828 617 2901 statuis,
641 2828 671 2888 in
690 2826 818 2907 jactatis
842 2848 860 2889 a
883 2832 914 2888 te
937 2830 1156 2912 hypothesibus
1180 2837 1310 2902 teramus,
1335 2832 1364 2894 in
1389 2830 1507 2912 (loper-

147 2916 214 2977 alce
237 2917 318 2978 orbis
347 2916 398 2998 qui
421 2917 546 2979 Terram
569 2917 667 2991 vehit,
700 2914 727 2976 si
750 2917 817 2994 quis
839 2916 1002 2995 palpabilis
1026 2929 1122 2994 esset,
1154 2927 1278 2983 werras.
1327 2921 1508 2982 inusitatis

147 3005 363 3088 hypothesibus
396 3026 500 3069 omnes
533 3005 622 3067 orbes
653 3011 685 3066 et
708 3004 884 3066 nominatim
913 3009 1040 3070 mundns
1068 3016 1152 3071 totus
1185 3018 1217 3070 et
1240 3007 1371 3088 sphaera
1394 3008 1510 3071 extima

146 3098 278 3163 maen,
312 3094 342 3156 in
374 3103 462 3158 torno
486 3094 593 3175 globus
622 3099 737 3156 tauram
770 3093 994 3173 quiescentibus
1020 3097 1098 3177 polis
1127 3106 1160 3160 et
1187 3104 1327 3159 manente
1350 3096 1454 3159 mobili
1476 3097 1507 3159 in

146 3200 201 3244 sno
224 3184 301 3245 loco.
348 3185 443 3246 Terra
467 3202 538 3245 vero
562 3183 591 3244 in
608 3180 785 3262 Gopemico,
810 3182 836 3243 si
860 3181 956 3247 solum
980 3205 1108 3249 annuum
1123 3192 1236 3248 motum
1251 3192 1382 3265 spectes,
1405 3194 1507 3248 mente

145 3289 292 3352 separans
316 3272 461 3348 murnum,
485 3272 663 3351 simpliciter
684 3292 882 3351 usercensem.
929 3272 983 3336 Sin
1007 3282 1041 3336 tn
1065 3276 1166 3350 dicas,
1192 3272 1360 3355 Cepernico
1382 3274 1508 3337 Terram

145 3365 305 3434 mandas,
335 3381 394 3424 nou
419 3380 475 3441 ego
499 3361 678 3423 intellexero
712 3362 749 3421 de
778 3370 859 3423 motu
883 3382 981 3424 annuo
1016 3365 1068 3426 sed
1098 3365 1135 3426 de
1159 3365 1280 3437 diurno,
1314 3381 1381 3424 cnm
1409 3363 1448 3425 ab
1472 3382 1508 3425 eo

144 3458 245 3512 mente
268 3468 445 3530 separamus
469 3469 607 3512 annuum.
655 3449 709 3512 Sin
729 3459 829 3512 autem
852 3449 935 3515 dicas
949 3456 1148 3530 retardandos,
1167 3454 1233 3532 jam
1250 3460 1407 3532 utmmque
1422 3471 1507 3515 com·

143 3540 252 3618 plexus
275 3558 309 3601 es
332 3549 364 3601 et
386 3546 500 3601 motum
524 3538 663 3600 diurnum
686 3549 718 3600 et
741 3558 879 3601 aunuum.
926 3542 1047 3605 Etenim
1063 3547 1195 3623 ,annom
1230 3541 1256 3603 si
1278 3540 1392 3615 nescis,
1424 3558 1508 3603 com·

143 3629 263 3706 positos
285 3635 334 3689 est
356 3636 455 3690 motus
486 3647 524 3689 ex
548 3649 630 3706 φορᾳ
662 3631 833 3702 ettamen.
879 3629 922 3690 Et
951 3633 1112 3693 substerni
1145 3631 1251 3710 globus
1284 3629 1336 3690 ille
1365 3630 1507 3705 lusorum,

144 3735 203 3796 quo
236 3716 420 3779 adstantes
452 3735 562 3778 cuneos
590 3715 770 3777 evertendos
803 3714 966 3779 collimant
1010 3719 1077 3781 Nec
1109 3738 1156 3780 me
1179 3718 1310 3780 Hercule
1334 3718 1507 3780 concinnius

144 3812 194 3866 est
217 3806 386 3885 exemplum
410 3814 509 3867 motus
524 3805 654 3866 Telluris
678 3803 846 3882 compositi,
870 3824 959 3885 qnam
983 3806 1009 3867 si
1033 3807 1099 3887 quis
1122 3808 1228 3885 fingat,
1252 3805 1372 3885 globum
1393 3807 1506 3868 Terrae

143 3894 243 3955 instar
265 3894 412 3973 ejusmodi
436 3893 517 3973 globi
542 3893 643 3955 lusorli
668 3892 787 3972 obliquo
811 3899 912 3954 mmeu
937 3895 986 3956 axi
1010 3896 1147 3975 provolvi
1170 3895 1200 3956 in
1223 3894 1369 3955 directam
1384 3893 1505 3963 lineam,

145 3983 199 4044 sed
219 4000 296 4062 qnae
311 4001 369 4043 non
385 3983 470 4044 sitin
485 3982 575 4060 plano
596 4001 698 4045 rerum
721 3982 751 4043 in
781 3981 887 4060 globo;
912 3992 946 4046 nt
969 3984 994 4045 si
1010 3984 1106 4045 Terra
1129 3984 1158 4044 in
1182 3982 1328 4062 superiori
1352 3983 1505 4045 schemate

142 4070 299 4151 superficie
313 4069 425 4134 EAFO
448 4071 678 4149 provolveretur
693 4071 742 4133 via
756 4069 859 4145 EGF3
883 4079 918 4132 et
939 4073 983 4134 sic
1007 4079 1071 4134 tres
1087 4071 1246 4151 Coperuici
1269 4078 1368 4133 motus
1391 4071 1422 4132 in
1445 4090 1505 4134 una

142 4160 201 4222 bac
223 4160 432 4239 provolutione
454 4160 567 4222 insunt.

231 4248 380 4311 Perduxit
400 4247 610 4331 hypothesium
634 4248 792 4310 historiam
805 4249 904 4312 Ursus
926 4267 1020 4328 nsque
1044 4250 1082 4312 ad
1103 4257 1240 4329 tempora
1255 4244 1379 4322 Christi,
1404 4247 1505 4328 quali-

143 4354 262 4418 meoque
285 4356 436 4401 successu.
484 4335 574 4408 Quod
597 4337 692 4425 sicubi
716 4358 735 4398 a
757 4356 849 4418 scopo
874 4337 999 4413 erravit,
1025 4356 1107 4401 error
1129 4337 1251 4400 crimine
1275 4344 1377 4399 tamn
1401 4355 1504 4398 carere

142 4425 240 4490 rideri
263 4432 377 4506 petest
424 4427 485 4489 Per
508 4425 709 4504 ignorantiam
732 4426 809 4488 enim
834 4442 937 4487 omnes
969 4426 1167 4489 multifariam
1189 4426 1327 4488 labimur.
1374 4424 1420 4488 At
1438 4424 1504 4504 jaro

142 4515 192 4577 ubi
216 4514 257 4576 sd
279 4515 473 4594 Apollonium
496 4515 664 4594 Pergaeam
688 4515 818 4591 devenit,
844 4514 920 4576 adeo
944 4515 1018 4578 dura
1041 4517 1139 4577 fronte
1164 4522 1221 4587 est,
1246 4515 1381 4593 adeoque
1404 4532 1503 4593 nuga·

142 4602 296 4665 cissimam
327 4603 426 4665 sciens
450 4605 613 4682 volensque
643 4612 748 4665 namet
778 4603 929 4679 fabulam,
962 4612 997 4666 nt
1023 4604 1157 4671 nescias,
1189 4602 1330 4665 rideasue
1353 4600 1503 4664 hominem

136 4692 306 4772 polins‘an
336 4690 488 4755 irascaris.
536 4691 780 4754 circumstantiis
803 4691 939 4755 omnibns
962 4691 1165 4773 sanationem
1189 4710 1275 4753 snam
1295 4690 1433 4762 instruit,
1458 4696 1500 4759 nt,

141 4780 189 4843 cni
213 4781 251 4842 de
275 4798 308 4840 re
332 4781 398 4858 ipsa
420 4800 479 4843 non
504 4788 576 4843 ante
599 4788 731 4853 conant,
749 4780 855 4860 jurare
879 4780 977 4850 ausit,
1001 4800 1061 4843 non
1085 4798 1153 4842 esse
1177 4779 1261 4841 uuili
1284 4797 1357 4853 rem,
1383 4778 1502 4858 quade

140 4869 284 4952 loqeltur.
335 4866 407 4941 Qua
429 4870 458 4931 in
482 4889 514 4933 re
538 4886 604 4933 cum
620 4868 812 4950 praecipuum
827 4887 936 4930 causae
951 4888 1024 4932 snae
1038 4870 1257 4932 firmamentum
1279 4872 1384 4951 ponat,
1408 4882 1499 4945 prae-
