3838 5824
367 375 411 440 7ss
964 373 1129 424 Prooemium.

365 537 446 586 demit
463 533 539 583 dureh
557 533 625 582 diese
644 532 734 581 eissere
751 531 878 588 unaierde‚
898 529 954 580 aad
960 532 1054 581 welche
1074 532 1205 598 disjenige.
1224 545 1251 580 so
1270 531 1310 580 dis
1321 530 1456 583 tarnenna
1468 529 1554 580 amn
1571 530 1615 580 dee
1632 530 1727 580 veroha

367 609 406 656 nit
422 604 561 664 versteben,
580 603 613 651 vil
629 601 699 653 rnelsr
718 602 756 652 als
774 601 830 651 anfi
843 602 890 653 das
908 601 1000 652 andere
1019 602 1104 660 sehon.
1124 604 1162 652 nit
1178 601 1261 666 gleich
1279 603 1313 651 im
1330 607 1413 657 ersten
1432 601 1581 653 enschawen
1598 601 1728 651 offendiret

368 678 419 731 und
436 683 469 727 es
481 676 522 725 hei
539 673 592 725 sich
610 676 648 723 nit
665 689 693 723 so
710 672 913 723 hochzuscheaen
932 674 983 723 und
1001 673 1067 725 auch
1085 674 1134 723 alle
1152 673 1327 737 aafgevandte
1345 672 1444 722 Kcsten
1463 675 1502 722 fiir
1518 672 1680 736 engebrauch
1698 687 1729 720 zu

366 748 451 797 hulten
476 746 527 795 sich
551 744 716 793 understehen
735 743 841 792 werden.
880 743 967 792 Damit
985 744 1044 792 aber
1066 747 1095 806 ja
1113 744 1150 792 dis
1168 742 1248 791 nereis
1268 743 1318 791 und
1335 742 1493 792 Kunststiiclr
1512 759 1542 792 zu
1559 744 1655 793 seinem
1674 756 1725 791 rer·
1753 782 1757 791 .

365 818 460 868 boliten
480 816 534 865 End
553 815 651 865 mbchte
670 814 790 879 gebracht
807 814 913 873 werden,
933 829 959 862 so
979 816 1011 863 ist
1029 812 1148 875 (welches
1165 814 1214 876 bey
1232 813 1261 862 Ε.
1277 813 1304 861 F.
1325 814 1354 863 G.
1374 813 1540 879 hnderthonig
1558 814 1728 877 ansubringen

368 904 395 939 er
412 887 477 938 mich
496 883 621 945 ersucbet)
640 885 675 934 ir.
694 886 797 948 Kepieri
817 884 984 950 underthdnig
1003 886 1126 950 begeren,
1152 885 1181 933 E.
1200 885 1227 932 F.
1248 884 1278 933 G.
1301 884 1371 953 wolfe
1394 884 1488 949 guedig
1506 884 1615 934 Ber-eleb
1637 885 1727 949 geben,

366 963 414 1010 das
433 960 473 1011 ffie
491 973 572 1024 ganzo
590 958 673 1007 werck
691 959 740 1007 ime
757 956 856 1005 mbchte
875 971 905 1005 su
922 958 1010 1006 seineo
1028 957 1136 1006 Handen
1154 955 1221 1021 gaha
1240 956 1315 1006 Grttr
1334 957 1475 1020 fibergehen
1494 955 1608 1017 werden,
1632 954 1729 1005 solebas

367 1031 458 1082 wieder
476 1045 523 1079 ron
546 1044 600 1079 new
619 1030 657 1077 nit
677 1042 743 1077 sarar
761 1028 893 1084 inmilber,
923 1028 1029 1077 sondern
1053 1029 1079 1079 in
1102 1027 1198 1090 Kupfer
1223 1027 1282 1076 oder
1302 1026 1414 1092 Messing
1436 1028 1482 1075 mit
1498 1026 1655 1091 gebiirender
1672 1025 1730 1075 Zier

368 1103 529 1166 annulangen
562 1099 613 1149 und
646 1114 677 1147 su
710 1098 845 1147 rolfiihren.
891 1097 983 1146 Hieran
1010 1099 1155 1162 verspreche
1182 1113 1226 1155 er,
1262 1097 1307 1146 dae
1335 1111 1362 1146 er
1387 1100 1425 1147 nit
1450 1112 1497 1146 nur
1524 1097 1563 1146 die
1591 1096 1728 1160 dispositio·

366 1188 425 1223 nem
445 1173 538 1221 orbium
557 1171 713 1234 planetarum
731 1172 776 1218 mit
793 1168 864 1217 ihren
883 1170 1023 1232 corporibus
1041 1170 1199 1233 geometricis
1223 1168 1392 1232 regularibus,
1417 1169 1464 1217 uie
1488 1183 1515 1218 er
1532 1168 1656 1216 vormalen
1675 1181 1729 1214 vor·

367 1245 463 1294 babens
482 1248 604 1309 gereret,
634 1241 739 1291 condem
763 1239 1004 1291 damnietatis
1025 1248 1107 1289 motus
1132 1241 1224 1295 selber,
1249 1241 1296 1288 vie
1315 1239 1356 1288 dio
1372 1239 1490 1303 planetae
1508 1240 1533 1287 in
1551 1238 1620 1288 coele
1638 1237 1729 1303 gaham

370 1316 456 1367 dareiu
475 1315 579 1379 bringen
596 1313 675 1362 sote
716 1311 792 1361 Danu
810 1312 925 1361 sintemei
944 1327 971 1361 er
988 1311 1108 1360 nunrnehr
1125 1311 1201 1375 lange
1218 1310 1276 1360 Zeit
1292 1311 1337 1358 mit
1355 1310 1426 1361 disen
1447 1309 1585 1360 chanlten
1602 1307 1730 1374 umagebt,

367 1387 419 1437 und
436 1384 626 1445 nacbtrachtet,
652 1390 726 1447 atque
750 1383 801 1433 dies
820 1381 884 1432 diem
904 1383 1008 1439 doceat.
1034 1397 1062 1430 so
1085 1396 1144 1445 sepe
1169 1396 1196 1431 er
1218 1381 1283 1431 auch
1301 1380 1353 1430 auli
1376 1381 1462 1431 horam
1481 1381 1573 1430 orbium
1591 1386 1672 1429 motus
1689 1394 1736 1428 ror

370 1452 452 1522 eugen
472 1472 502 1505 zu
520 1455 608 1504 stellen
632 1453 755 1503 bedacbt:
784 1452 835 1502 also
855 1453 900 1502 dae
918 1468 945 1503 er
963 1452 1078 1514 verhodt‚
1103 1453 1133 1502 Ε.
1151 1452 1179 1502 F.
1200 1452 1231 1502 G.
1250 1453 1349 1502 werdon
1368 1453 1408 1501 ein
1427 1451 1528 1501 sonders
1546 1450 1667 1516 gntdiges
1685 1463 1729 1515 ga·

370 1528 447 1578 fallen
467 1526 545 1577 daran
563 1525 653 1575 baben.
1576 1524 1580 1530 '

440 1597 543 1647 Dieweil
561 1596 626 1645 donn
645 1595 766 1659 gnadiger
784 1594 859 1643 Fiirst
875 1593 926 1642 und
939 1594 1003 1643 Herr
1020 1594 1085 1643 diess
1103 1593 1165 1651 also,
1182 1594 1235 1644 und
1252 1592 1298 1642 Ich
1314 1594 1380 1641 mein
1397 1592 1564 1657 underthhnig
1579 1591 1731 1641 Bedenclren

372 1668 437 1719 anch
454 1669 520 1718 dazu
538 1682 569 1716 su
586 1667 668 1731 geben
686 1666 806 1730 schuldig.
825 1664 891 1715 mich
909 1665 968 1714 aber
981 1664 1024 1714 des
1037 1665 1132 1715 werthe
1153 1665 1248 1730 anfang
1267 1664 1322 1715 dem
1341 1663 1472 1729 kdnftigen
1484 1679 1511 1713 so
1524 1664 1607 1728 folgen
1620 1663 1673 1719 roll,
1693 1663 1732 1712 nit

368 1746 454 1805 gemla
473 1738 607 1795 bediinket¹
629 1737 681 1785 also
694 1737 733 1785 wil
747 1737 775 1784 E.
786 1737 814 1785 F.
826 1737 855 1784 G.
874 1736 915 1785 ich
933 1736 1121 1801 underthbnigst
1139 1750 1170 1785 su
1188 1736 1317 1786 bedenlren
1335 1736 1424 1800 geben,
1444 1749 1471 1783 so
1484 1749 1510 1783 ss
1529 1734 1585 1783 dens
1603 1734 1729 1799 gnadigen

369 1810 450 1860 Herm
468 1810 572 1875 gefillig
589 1815 668 1870 ubre,
694 1808 724 1857 ob
747 1809 782 1856 sie
801 1806 887 1856 wdllen
907 1807 985 1855 durch
1006 1807 1131 1872 gnadigen
1150 1806 1259 1855 Bevelch
1277 1822 1323 1855 ven
1341 1809 1390 1854 ime
1409 1805 1444 1854 M.
1463 1805 1571 1868 Keplero
1591 1820 1622 1853 su
1640 1806 1729 1854 nissen

368 1882 491 1948 begeren‚
516 1893 568 1927 rrae
586 1878 637 1926 und
655 1881 700 1926 wie
719 1892 746 1926 er
765 1879 809 1927 des
827 1877 919 1926 Wercls
936 1877 1007 1927 recht
1025 1878 1198 1927 ansaurichten
1217 1877 1364 1936 verhobene,
1392 1875 1456 1925 auch
1474 1891 1525 1925 sas
1548 1890 1575 1925 er
1592 1877 1632 1924 fflr
1649 1881 1731 1925 motus

367 1952 456 2001 darein
475 1966 506 1999 au
524 1951 627 2013 bringon
647 1951 763 2014 gesinuet
780 1962 852 1998 were.
891 1948 939 1997 Mir
964 1949 1070 1998 sueiflet
1091 1949 1175 2007 nicht,
1199 1948 1262 1999 solta
1285 1949 1322 1997 dis
1344 1947 1411 1997 rrerh
1434 1949 1467 1996 im
1484 1947 1520 1996 Μ.
1542 1947 1649 2009 Keplero
1667 1946 1732 1996 noch

368 2025 410 2075 ein
426 2021 478 2073 mal
496 2036 528 2071 su
545 2022 651 2085 eigeuen
668 2020 778 2071 Handeu
795 2020 918 2075 hommen,
938 2032 965 2069 ar
982 2020 1066 2070 viirde
1084 2022 1124 2071 ein
1142 2020 1243 2069 madere
1261 2019 1367 2071 Meister
1383 2019 1436 2069 und
1453 2018 1611 2077 Kunststfisk
1628 2017 1730 2069 fdrneh·

367 2109 442 2149 men,
469 2091 574 2142 welches
602 2091 649 2153 bey
672 2092 723 2140 und
747 2092 828 2141 neben
851 2091 945 2140 andern
964 2090 1154 2141 Kunststdchen
1178 2092 1224 2140 vol
1246 2092 1299 2140 sein
1327 2096 1365 2138 ort
1382 2090 1433 2139 und
1450 2090 1518 2154 plata
1537 2090 1599 2139 solte
1618 2089 1731 2139 erhaiten

369 2164 477 2215 irbnnen.
507 2161 608 2213 Solches
620 2162 742 2227 gnadiger
754 2161 827 2211 Fisrst
839 2162 890 2212 und
902 2161 966 2212 Herr
978 2161 1027 2211 hab
1045 2162 1086 2212 ich
1097 2160 1265 2227 underthbnig
1283 2176 1314 2210 au
1332 2160 1463 2210 bedenlsen
1481 2161 1561 2226 geben
1579 2159 1665 2216 senen,
1685 2156 1732 2209 dte.

440 2235 496 2283 Act
516 2232 579 2282 Tdb.
601 2230 643 2282 22.
663 2233 733 2282 Febr.
755 2229 833 2282 15118.
1617 2250 1622 2259 ·

438 2355 509 2406 Idem
527 2356 550 2404 d.
570 2353 612 2402 27.
633 2356 690 2418 Apr.
710 2350 747 2415 (7.
767 2353 842 2417 Mei.)
863 2351 931 2405 1597
950 2352 998 2405 hac
1017 2354 1048 2406 de
1066 2369 1093 2403 re
1112 2353 1220 2418 Keplero
1239 2357 1388 2419 tempserat:

440 2443 527 2508 Nuper
546 2442 716 2507 Stutgardiam
735 2450 837 2493 recatus
861 2458 915 2492 sum
938 2449 1036 2506 propter
1061 2448 1131 2492 tuum
1149 2457 1209 2506 opus
1228 2445 1425 2493 astronomicum.
1464 2443 1595 2493 aurifaber
1612 2443 1638 2490 in
1657 2455 1731 2505 opere

305 2574 309 2583 Ι
371 2532 415 2566 suo
433 2529 535 2579 pergere
553 2529 602 2562 non
620 2514 708 2577 potuit.
747 2512 810 2562 Cum
828 2515 951 2569 venirem,
969 2515 1067 2563 invenio
1085 2512 1184 2579 globum
1203 2515 1312 2573 nondum
1330 2515 1402 2578 plene
1421 2528 1476 2565 esse
1494 2514 1635 2570 coelatum
1655 2511 1730 2562 infor·

371 2588 506 2636 mationem
523 2586 599 2649 igitur
616 2584 788 2633 nonnullarum
807 2583 932 2633 stellarum
951 2583 990 2632 rel
1008 2585 1144 2649 imaginum
1157 2585 1268 2648 petebat.
1298 2584 1366 2649 Opus
1378 2585 1443 2649 quod
1455 2585 1594 2634 absolutum
1607 2590 1653 2641 est,
1672 2582 1732 2632 milri

372 2658 470 2721 placet.
498 2657 564 2705 11111
588 2663 614 2705 11
636 2656 695 2712 tibi;
723 2656 811 2705 stellae
833 2670 883 2704 non
908 2654 1038 2719 eleganter
1062 2654 1203 2718 exstrriptae
1228 2662 1294 2706 arnt
1332 2655 1431 2705 Contuli
1454 2669 1511 2704 unm
1528 2654 1636 2705 Domine
1658 2654 1732 2705 Luca

373 2727 504 2785 Osiandro‚
523 2728 564 2790 qui
577 2740 650 2789 opere
661 2726 737 2775 veteri
750 2726 876 2777 destructo
887 2724 946 2775 lllud
959 2726 990 2789 de
1003 2740 1064 2776 noro
1076 2740 1130 2775 esse
1148 2727 1314 2789 incipiendum
1329 2727 1434 2789 iudicat,
1452 2728 1598 2789 praesertim
1616 2739 1673 2775 cum
1691 2725 1730 2774 111.

373 2799 491 2862 Princeps
508 2798 569 2847 illud
585 2799 650 2847 inter
672 2810 719 2847 sue
741 2798 833 2846 rariora
856 2796 996 2847 artificialia
1013 2811 1132 2860 reponere
1157 2796 1294 2855 desideret.
1323 2797 1461 2861 multosque
1488 2803 1583 2847 sumtus
1610 2798 1728 2861 requirat.

374 2862 504 2919 Aurifabe'r
522 2870 639 2918 aestimat
656 2867 710 2916 illos
731 2864 799 2915 1000
816 2867 922 2917 florenis.
1273 2920 1276 2939 Ι

441 2940 533 2990 Postea
552 2939 574 2988 d.
597 2936 638 2987 11.
653 2937 757 2988 21111.
778 2941 865 2988 iterum
884 2938 968 2988 scribit
985 2936 1147 2988 Maestlinua:
1176 2938 1216 2988 De
1235 2953 1307 3003 opere
1325 2944 1369 2987 tuo
1386 2937 1466 2987 mults
1483 2938 1569 2996 lubens
1589 2938 1730 2990 scriberem.

373 3011 465 3063 Laetor
482 3010 641 3061 uehementer
658 3016 703 3059 tna
721 3010 909 3069 informatione;
935 3010 1054 3059 confiteor
1071 3011 1136 3059 enim
1155 3024 1236 3059 meam
1254 3010 1395 3059 infantiam.
1431 3006 1522 3058 Nescio
1540 3023 1653 3074 prorsus,
1671 3023 1730 3072 quo·

370 3081 442 3131 modo
462 3081 597 3145 adaptandi
616 3083 666 3129 sint
683 3082 815 3131 exteriores
832 3083 939 3130 maxime
959 3081 1050 3129 circuli.
1089 3080 1180 3131 Globus
1196 3083 1249 3143 jam
1268 3081 1301 3129 ad
1319 3094 1407 3130 manus
1426 3087 1481 3135 est,
1501 3087 1527 3129 et
1545 3079 1669 3130 aurifaber
1687 3079 1730 3131 ds·

370 3154 464 3202 rideret
482 3154 693 3217 consignationem
712 3152 839 3201 stellarum
856 3152 936 3200 minus
955 3158 1022 3201 recte
1042 3150 1230 3200 delineatamm.
1268 3152 1333 3201 Ecce
1353 3165 1382 3200 eo
1400 3166 1440 3201 res
1457 3152 1579 3216 perducta
1594 3158 1649 3209 est,
1667 3150 1692 3199 h.
1707 3165 1730 3201 e.

370 3224 467 3273 ridetur
481 3225 535 3284 jam
554 3222 653 3272 cuidam
670 3223 789 3285 principio
811 3223 923 3285 principii
947 3221 1039 3269 similis.
1076 3221 1129 3285 Ego
1155 3221 1312 3271 vehementer
1335 3221 1422 3271 dubius
1447 3236 1516 3279 sum,
1542 3221 1732 3272 dissolvendaue

370 3287 508 3345 machina?
527 3298 555 3341 at
571 3298 656 3341 metuo
671 3292 834 3341 offensiorem
844 3293 968 3364 principis,
986 3297 1086 3355 prepter
1097 3298 1192 3341 sumtus
1208 3295 1263 3354 iam
1273 3294 1370 3351 factore
1389 3306 1423 3342 an
1434 3294 1461 3342 in
1472 3307 1547 3356 opere
1559 3290 1731 3358 pergendum?

371 3367 408 3415 At
424 3369 521 3420 metuo.
548 3377 581 3413 ne
605 3364 779 3415 consecutione
801 3362 856 3410 finis
879 3362 1010 3411 frustreris.
1048 3359 1120 3422 Quod
1142 3364 1164 3411 si
1185 3362 1225 3412 111.
1244 3364 1361 3427 Princeps
1379 3377 1436 3413 eam
1452 3365 1565 3428 pretiosis
1583 3367 1634 3413 suis
1652 3363 1730 3413 111111-

373 3433 475 3486 cialibus
495 3446 658 3483 annumerare
676 3433 792 3487 soluerit,
818 3432 947 3489 convenit,
971 3438 1000 3482 ut
1022 3434 1054 3482 sit
1079 3447 1139 3496 opus
1158 3448 1234 3496 opera
1251 3441 1278 3484 et
1295 3440 1378 3484 sumtu
1397 3434 1506 3500 dignum.
1542 3438 1578 3484 At
1595 3436 1636 3500 qui
1653 3436 1731 3498 primo

372 3506 546 3565 intuebuntur,
575 3505 656 3570 ignari
674 3504 764 3553 interni
788 3503 901 3560 artificii,
926 3502 1082 3552 offendentur
1099 3504 1166 3554 hand
1185 3505 1257 3554 dubio
1276 3511 1379 3556 externa
1396 3506 1449 3555 rudi
1468 3505 1602 3571 sculptura.
1637 3504 1732 3555 Verum

371 3590 418 3642 ego
437 3591 493 3624 cum
511 3575 544 3624 D.
563 3573 692 3624 Directore
711 3572 743 3622 D.
762 3574 946 3639 Eisengreinio.
966 3575 1010 3623 tibi
1030 3576 1121 3637 optime
1133 3578 1264 3640 cupiente,
1283 3583 1309 3625 et
1326 3576 1385 3625 DD.
1406 3576 1542 3634 Oaiandria
1561 3575 1597 3626 M.
1616 3576 1688 3626 Luca
1706 3584 1733 3626 et

372 3646 405 3697 D.
426 3646 527 3695 Andros
545 3645 679 3703 conferam,
698 3650 768 3694 inum
790 3646 866 3694 etiarn
889 3645 1024 3704 consilium,
1043 3646 1103 3697 licet
1121 3646 1239 3705 absentis,
1258 3654 1371 3697 attamen
1389 3663 1433 3712 per
1450 3648 1535 3698 literas
1555 3646 1688 3698 exhibitam
1705 3648 1732 3696 in

372 3718 480 3768 medium
498 3728 647 3781 proponam,
668 3723 814 3781 nostrasque
833 3716 996 3781 cogitationes
1016 3718 1176 3768 conferemus.
1213 3717 1279 3779 Quid
1296 3718 1405 3769 futurum
1423 3721 1466 3777 sit,
1492 3720 1584 3769 faciam
1602 3726 1630 3768 ut
1647 3719 1731 3775 acies3

375 3796 403 3839 at
419 3790 461 3838 nbi
478 3788 533 3851 plus
553 3788 596 3835 otii
614 3785 731 3845 habuero,
748 3789 801 3849 jam
820 3789 886 3837 eninr
903 3794 1002 3852 propter
1019 3803 1162 3852 responsum
1174 3804 1256 3839 meum
1268 3790 1352 3839 multis
1370 3790 1448 3841 modis
1466 3791 1498 3840 ab
1518 3789 1571 3839 aliis
1590 3789 1731 3853 occupatio-

373 3861 444 3910 nibus
464 3858 600 3908 abstrahor.

446 3928 546 3979 Lucas
570 3927 742 3991 Osiauder,
769 3944 841 3995 quem
868 3928 908 3979 hic
934 3934 960 3979 11
982 3944 1056 3994 snpra
1078 3930 1139 3982 dicit
1154 3930 1318 3987 Maestlinus.
1345 3930 1432 3980 eodem
1457 3945 1503 3994 quo
1522 3928 1646 3993 Keplerne
1665 3942 1732 3980 anno

374 3997 471 4062 (1171,
490 3998 515 4051 Β.
534 3995 610 4061 Mai.)
634 4004 727 4062 natus,
750 4001 816 4051 inter
833 4001 931 4051 sodales
948 4002 1025 4066 ipsius
1043 4003 1208 4053 numerandus
1227 4010 1279 4059 est,
1308 4015 1457 4067 quamquam
1479 3998 1529 4051 non
1548 4014 1604 4050 cum
1623 4000 1663 4050 iilo
1682 4002 1735 4066 egit

372 4087 417 4135 per
434 4072 527 4121 literas.
565 4070 641 4119 Filius
664 4082 702 4119 est
720 4069 805 4122 Lucae
825 4079 851 4122 et
868 4087 944 4136 nepos
963 4072 1079 4123 Andreae
1098 4073 1226 4131 Osiandri.
1252 4074 1420 4139 theologorum
1438 4072 1502 4122 illins
1520 4074 1636 4137 temporis
1654 4074 1731 4122 notia·

373 4144 504 4199 simorum,
523 4143 576 4207 ipse
594 4156 704 4206 quoque,
728 4143 793 4192 sicut
811 4144 887 4193 frater
905 4150 968 4193 natu
985 4146 1064 4206 major
1081 4145 1235 4195 Andreas
1254 4142 1320 4205 (nat.
1340 4140 1431 4204 teet).
1451 4144 1625 4194 ecclesiasticis
1642 4143 1732 4209 funge-

373 4213 446 4263 batur
463 4212 613 4270 muneribus,
632 4213 673 4261 ille
691 4219 743 4262 turn
761 4215 877 4278 temporis
895 4223 980 4279 pastor
992 4214 1226 4282 Schwiebertingae,
1242 4215 1284 4265 hio
1297 4217 1456 4265 concionator
1469 4215 1542 4265 aulae
1557 4212 1730 4280 Stnttgartiae.

371 4282 482 4349 Uterque
501 4284 643 4334 cancellarii
660 4299 762 4334 munere
784 4287 951 4335 universitatis
969 4286 1133 4353 Tubingensis
1158 4293 1287 4351 suscepto,
1313 4287 1428 4336 Andreas
1450 4300 1516 4335 anno
1537 4282 1622 4348 1605,
1647 4285 1732 4336 Lucas

376 4351 460 4409 1620,
479 4356 543 4404 diem
563 4355 623 4404 obiit
639 4354 680 4405 ille
701 4352 785 4415 1617,
803 4356 844 4406 hit
864 4353 941 4406 ttae.
1311 4354 1315 4359 ⁴

444 4512 614 4577 Keplerua
632 4513 665 4565 ad
682 4513 767 4566 literas
785 4514 912 4565 Maeetlini
930 4517 1076 4579 posteriores
1093 4516 1156 4565 haec
1174 4516 1299 4580 respondit
1318 4479 1354 4578 (d
1374 4516 1468 4578 litatio,
1489 4514 1558 4582 Sept
1579 4512 1677 4577 ibim:

462 4616 542 4691 Quid
567 4620 603 4680 de
625 4618 738 4682 infelici
761 4621 813 4685 illo
834 4640 922 4701 opere
947 4629 1105 4701 argenteo,
1129 4622 1186 4684 hoc
1210 4631 1259 4684 est
1281 4623 1318 4683 de
1337 4642 1384 4684 me
1402 4622 1487 4703 ipso,
1512 4631 1659 4686 statutum
1679 4622 1729 4698 sit,

374 4707 464 4769 anxie
495 4715 621 4787 expecto
655 4709 768 4771 audire.
816 4711 924 4773 Adhuc
954 4710 981 4770 in
1002 4730 1069 4772 eam
1098 4711 1207 4773 inclino
1235 4711 1431 4786 sententiam,
1462 4720 1495 4774 nt
1514 4722 1567 4774 aut
1599 4712 1730 4792 sphaera

371 4796 428 4858 fiat
452 4798 627 4878 „antiquum
650 4798 775 4861 confusa
798 4800 927 4875 chaos,“
953 4808 985 4863 11
1007 4799 1088 4861 omni
1111 4809 1220 4861 conatu
1244 4800 1385 4861 ulteriore
1404 4802 1652 4879 supersedentem
1676 4808 1730 4877 aut

372 4893 543 4966 argentum,
569 4885 648 4967 quod
666 4885 732 4967 jam
755 4897 911 4969 erogatum
933 4895 997 4963 est,
1021 4880 1164 4971 quantum
1182 4889 1303 4969 quidem
1326 4889 1390 4969 ejus
1413 4889 1444 4950 in
1463 4890 1728 4970 nasesa'snpereet,
