3814 5818
714 302 801 348 aas·
818 297 916 349 um
1428 302 1491 369 aar

10 476 12 527 ς
132 474 186 518 uec
214 454 313 535 ipsum
339 461 454 536 potest.
500 454 580 518 Nam
608 455 653 518 sic
681 455 801 537 quidem
829 457 956 537 planeta
982 456 1178 538 retrogradus
1205 458 1305 537 heret,
1339 470 1374 524 at
1405 462 1493 527 simul

10 572 11 585 2
133 542 325 606 latitudinem
357 543 515 623 aequalem
546 544 682 608 efficeret
712 545 976 627 retrogradationi.
1029 546 1094 609 Nec
1126 545 1249 610 tertium
1278 568 1346 611 esse
1378 560 1495 630 potest.

10 646 11 661 ¹
131 633 212 695 Nam
238 632 366 713 planeta
391 632 422 694 iu
449 631 545 695 latum
567 633 726 696 veheretur
749 635 794 696 cis
824 641 856 695 at
877 635 958 697 ultra
981 636 1161 715 eclipticam.
1207 636 1243 697 In
1270 637 1318 700 his
1341 640 1493 719 angustiis

10 804 11 807 Ἴ
133 721 224 784 aliter
247 728 385 783 statuere
408 739 469 782 non
487 738 624 802 possum,
649 741 739 805 quam
763 723 843 804 quod
866 731 921 786 aut
939 724 1128 787 Aristoteles
1152 724 1191 787 ad
1213 722 1332 789 Eudoxi
1355 727 1494 791 delinea-

132 809 245 872 tionem
273 809 456 891 respiciens,
490 809 540 890 qoi
568 810 679 875 lineam
711 831 750 873 ex
773 812 867 874 Terra
892 830 948 893 per
977 821 1084 875 centra
1105 812 1306 894 epicyelomm
1333 815 1491 894 educebat,
1581 836 1585 851 '

132 900 217 961 illam
244 917 333 960 axem
355 898 504 979 sphaerae
535 918 588 961 sen
611 900 738 982 epicycli
761 900 994 976 existimaverit,
1027 902 1154 982 ideoque
1181 901 1269 981 polos
1292 903 1347 965 illa
1369 912 1491 984 puncta,

11 972 12 993 ³
132 987 240 1068 quibus
264 987 345 1050 linea
367 987 532 1068 epieyclnm
551 990 692 1065 secabat;
716 998 770 1053 aut
782 998 875 1063 certe,
900 991 971 1070 quia
992 991 1109 1053 ratione
1125 990 1227 1069 optica
1249 991 1312 1054 tale
1327 993 1491 1073 episphae-

132 1077 198 1139 riou
222 1074 254 1138 in
273 1076 357 1156 justo
380 1076 442 1139 situ
465 1076 650 1156 adplenum
673 1077 832 1158 eclipticas
847 1078 923 1141 visui
936 1079 1226 1159 perpendiculariter
1240 1079 1392 1159 objectum
1407 1083 1491 1162 pingi

132 1164 250 1246 nequit,
280 1164 349 1245 quin
372 1165 435 1244 poli
458 1173 491 1226 et
512 1173 650 1228 centrum
678 1167 813 1248 adeoque
846 1174 930 1229 totus
953 1168 1020 1229 axis
1043 1168 1073 1229 in
1098 1187 1187 1230 unum
1208 1179 1352 1249 punctum
1375 1171 1490 1234 coinci-

10 1286 11 1313 ι
133 1254 217 1328 daut,
242 1253 309 1333 ipse
333 1254 426 1315 etiam
438 1253 626 1317 Aristoteles
650 1265 755 1318 centra
777 1265 810 1317 et
831 1257 918 1337 polos
942 1257 1121 1330 confuderit,
1145 1275 1211 1319 cum
1229 1257 1356 1329 videret,
1381 1258 1491 1322 lineam

132 1361 172 1404 ex
194 1342 289 1404 Terra
315 1361 371 1423 par
398 1342 525 1425 epicycli
554 1354 690 1406 centmm
717 1352 818 1407 aetam
845 1345 875 1407 in
904 1345 1074 1425 eclipticam
1102 1345 1179 1408 duci.
1225 1347 1332 1427 Itaque
1364 1349 1489 1424 iactum,

132 1439 167 1492 ut
189 1430 391 1506 existimaret,
416 1442 530 1493 motum
553 1432 703 1511 sphaerae
727 1436 776 1508 (ut
797 1433 826 1495 is
849 1434 1015 1514 epicyclum
1038 1435 1188 1515 appellat)
1212 1454 1280 1497 esse
1303 1434 1385 1499 circa
1407 1437 1492 1499 illam

133 1520 251 1582 lincam
297 1519 491 1582 Necessitate
515 1521 616 1600 itaque
640 1522 744 1584 adacti
767 1521 823 1584 hcc
847 1523 884 1584 de
898 1523 1068 1585 Aristotele
1091 1523 1285 1602 suspicemur,
1310 1531 1343 1586 et
1366 1525 1410 1586 sic
1433 1544 1491 1587 ex·

132 1608 278 1687 plicemus
300 1607 469 1681 Eudoxum,
494 1609 602 1670 tertiae
626 1610 777 1690 sphaerae
801 1612 893 1691 (quae
907 1611 1060 1695 epicyclus
1080 1611 1170 1675 fuerit
1192 1630 1256 1685 seu,
1280 1621 1316 1673 ut
1328 1613 1492 1676 Aristoteli

132 1698 316 1777 placeamus,
340 1697 577 1777 episphaerium)
601 1708 736 1761 centrum
759 1707 792 1761 et
823 1700 946 1780 planum
972 1699 1103 1763 medium
1132 1700 1162 1761 in
1186 1701 1308 1780 planum
1331 1701 1491 1781 ecliptioae

134 1786 340 1866 competiisse,
374 1793 407 1848 ut
430 1786 528 1849 lineae
551 1806 590 1848 ex
613 1787 708 1851 Terra
729 1807 784 1868 per
807 1798 942 1851 centrum
971 1788 1059 1868 hujus
1083 1789 1209 1869 epicycli
1234 1790 1348 1870 eJectae
1371 1790 1402 1852 in
1425 1790 1491 1852 siu-

134 1875 212 1954 gulis
238 1874 372 1955 plauetis
402 1874 540 1956 singulae
564 1875 689 1950 fuerint,
724 1877 754 1938 iu
785 1876 810 1950 Ω
839 1896 910 1939 vero
938 1879 1015 1955 etl}
1043 1877 1239 1941 coinciderint
1266 1886 1298 1939 et
1324 1897 1385 1940 une
1411 1878 1493 1941 linea

136 1964 257 2026 fuerint.
302 1963 339 2025 lu
362 1962 420 2024 hac
443 1982 513 2026 vero
537 1965 630 2027 tertia
652 1964 733 2028 aliud
757 1965 978 2045 episphaerium
993 1965 1087 2028 fuisse
1101 1966 1308 2041 constitutum,
1333 1967 1417 2047 cnjus
1430 1966 1494 2046 poli

133 2073 153 2114 a
180 2052 261 2133 polis
288 2050 400 2114 tertiae
429 2052 610 2115 declinarint
631 2062 726 2116 tanto
755 2054 871 2135 spatio,
906 2061 1050 2135 qnantum
1071 2053 1242 2117 sufficiebat
1271 2054 1492 2119 latitudinibus.

133 2139 175 2202 Et
204 2140 302 2221 quarti
332 2141 452 2222 quidem
480 2149 564 2203 motu
595 2141 626 2202 iu
654 2144 870 2222 consequentia
896 2143 1049 2222 planetam
1081 2152 1114 2204 et
1142 2144 1173 2204 in
1203 2143 1298 2205 latum
1321 2144 1438 2224 digredi
1460 2152 1495 2206 et

135 2230 345 2310 remogradum
368 2229 481 2292 inimo
506 2230 731 2312 epicyclifieri,
764 2232 848 2294 tertii
870 2250 941 2293 vero
965 2239 1047 2294 motu
1071 2231 1102 2293 id
1125 2231 1217 2306 effici,
1249 2238 1284 2293 ut
1304 2233 1430 2311 planeta
1453 2232 1496 2295 sit

135 2317 164 2379 in
186 2318 319 2383 maxima
342 2318 519 2395 latitudine,
544 2320 611 2399 jem
633 2321 713 2401 apud
736 2319 854 2394 Solem,
877 2320 942 2400 jam
964 2320 996 2383 in
1019 2320 1085 2400 eius
1108 2321 1263 2402 opposito,
1283 2321 1348 2400 jam
1370 2321 1402 2383 in
1424 2330 1493 2383 sta-

135 2407 267 2470 tionibus
290 2407 344 2470 hc.
377 2452 383 2461 .

223 2494 366 2576 Sequitur
388 2494 419 2557 iu
432 2494 618 2558 Aristotele:
642 2478 811 2578 „Calippus
834 2485 935 2559 autem
958 2495 1140 2577 positionem
1163 2496 1283 2577 quidem
1297 2498 1494 2576 sphaerarum

102 2577 112 2601 ⁸
136 2584 262 2647 eaodem
285 2603 352 2646 cnm
374 2583 501 2647 Eudoxo
524 2585 635 2664 posuit,
661 2591 724 2646 tum
746 2594 779 2648 et
800 2584 964 2648 intervalla
986 2584 1107 2647 eadem:
1136 2603 1225 2664 porro
1249 2585 1286 2655 ei,
1311 2604 1388 2666 quae
1406 2585 1494 2649 Jovis

18 2710 24 2719 ·
136 2682 167 2737 et
199 2691 276 2754 quae
304 2671 443 2745 Saturni,
476 2673 603 2735 eandem
631 2673 827 2752 sphaerarum
857 2673 1080 2735 multitudinem
1112 2672 1343 2753 (quantitatem)
1376 2675 1494 2736 dedit.“

10 2768 12 2811 l
136 2762 171 2825 In
194 2758 215 2840 b
239 2770 272 2823 et
293 2761 324 2836 ll
345 2761 466 2841 penitus
489 2761 564 2824 nihil
586 2761 724 2836 mutavit,
749 2782 820 2825 nam
842 2761 1077 2842 inaequalitates
1097 2779 1199 2824 sorum
1222 2780 1315 2824 causa
1338 2763 1385 2824 sui
1400 2763 1492 2838 orbis,

134 2859 258 2932 propter
275 2851 396 2926 tardum
418 2868 520 2912 eorum
543 2850 681 2925 reditum,
706 2868 762 2912 nec
784 2851 850 2931 ipse
874 2848 1003 2930 quidem,
1028 2850 1163 2931 quamvis
1186 2849 1374 2930 professione
1389 2859 1493 2913 astro·

136 2958 250 3015 numus,
276 2939 517 3001 animadvertere
538 2946 671 3019 poterat.
717 2937 806 3014 „Soli
829 2958 900 3001 vero
923 2946 956 3001 et
972 2938 1078 3001 Lunae
1102 2938 1177 3001 duas
1201 2939 1324 3017 insuper
1345 2939 1492 3019 adjicien·

92 3050 99 3061 ’
136 3028 192 3090 das
216 3027 417 3103 existimarit,
441 3027 468 3088 si
491 3028 558 3107 quis
580 3035 739 3107 praestare
762 3028 866 3102 debet,
892 3047 968 3109 qnae
992 3036 1157 3107 apparent:
1182 3027 1305 3107 reliquis
1329 3046 1400 3089 vero
1422 3028 1493 3108 pla-

135 3118 216 3179 netis
239 3116 397 3197 uuicuique
420 3116 543 3179 unam.“
590 3114 736 3196 Calippus
760 3136 818 3180 uon
841 3116 1086 3199 philosophorum
1114 3115 1203 3178 alieni
1226 3124 1330 3178 sectae
1353 3116 1494 3179 addictos

10 3200 11 3229 ³
135 3206 210 3281 (non
234 3213 407 3269 recensetur
431 3205 509 3267 enim
532 3224 552 3267 a
574 3205 701 3268 Laertio
724 3206 804 3269 inter
825 3206 1052 3288 philosophos),
1081 3205 1136 3268 aed
1164 3214 1198 3267 ut
1221 3204 1283 3268 dixi
1305 3205 1494 3286 professione

136 3301 343 3370 astronomus,
373 3294 575 3357 astronomica
608 3296 754 3358 tractavit
782 3314 877 3377 eaque
905 3294 1076 3358 accuratius
1105 3313 1194 3376 quam
1216 3294 1361 3356 Eudoxus
1384 3295 1497 3375 ,philo-

135 3383 265 3466 sophus,
295 3402 442 3464 quaerens
466 3383 696 3447 concinnitates.
744 3386 971 3448 Animadvertit
997 3383 1090 3464 igitur
1112 3383 1323 3447 observatione
1347 3383 1494 3465 diligenti,

136 3470 193 3552 Θ,
215 3476 256 3547 t,
280 3479 322 3548 d,
346 3470 425 3550 Μ
457 3472 558 3551 plures
582 3473 681 3534 inesse
704 3472 951 3555 inaequalitates,
977 3490 1065 3555 qnam
1077 3472 1198 3535 Eudoxi
1221 3473 1322 3535 lerunt
1342 3472 1495 3554 hypothe-

133 3582 200 3625 ses:
225 3580 293 3624 eam
316 3579 359 3623 sc.
384 3579 460 3641 quae
484 3569 654 3641 respectum
676 3562 771 3623 habet
798 3563 836 3623 ad
857 3571 961 3642 partes
983 3562 1109 3637 zodiaci,
1135 3580 1224 3643 quam
1238 3561 1496 3625 eccentricitetem

135 3651 289 3714 dicimus..
317 3651 425 3730 ltaque
454 3649 557 3711 orbem
584 3668 674 3712 unum
700 3650 828 3730 siugulis
856 3650 990 3727 addidit,
1019 3649 1069 3732 qui
1099 3657 1198 3712 utrum
1225 3648 1377 3732 epicyclos
1406 3650 1497 3712 fuerit

135 3761 175 3803 an
198 3741 338 3803 deterens
361 3738 562 3800 ecceutricum
580 3740 753 3820 (utromque
776 3738 856 3800 enim
877 3739 942 3801 lieri
964 3738 1077 3825 potuit,
1108 3738 1205 3816 magis
1236 3746 1338 3799 tamen
1361 3739 1433 3813 hoc)
1458 3758 1496 3800 ex

134 3830 183 3893 his
205 3828 307 3893 verbis
329 3827 449 3890 decerni
473 3826 585 3907 nequit

224 3918 283 3982 Hic
311 3917 418 3997 igitur·
431 3915 626 3997 incongruam
649 3918 869 3978 &ecastoreus
901 3915 991 3977 affert
1018 3912 1314 3994 interpretationem
1342 3913 1437 3994 primo
1464 3915 1496 3977 iu

134 4006 208 4071 Sole
232 4015 265 4069 et
286 4007 386 4079 Luna,
411 4005 463 4080 ait,
488 4004 576 4067 binos
600 4005 738 4086 utrinque
762 4002 884 4067 additos
908 4024 927 4065 a
951 4001 1089 4084 Galippo,
1114 4003 1164 4083 qui
1186 4010 1258 4064 sunt
1280 4002 1400 4084 singuli,
1425 4022 1497 4065 eos-

135 4116 193 4180 que
219 4096 263 4158 sic
287 4100 488 4174 comparatos,
512 4100 547 4156 ut
569 4094 747 4156 tarditatem
769 4101 802 4155 et
824 4093 1029 4166 velocitatem,
1053 4110 1129 4173 quae
1152 4091 1183 4154 iu
1206 4100 1332 4172 utroque
1356 4100 1495 4172 apparet,

134 4203 285 4269 quamque
315 4182 466 4265 positione
499 4182 735 4246 ecceutricitatis
766 4202 821 4245 nos
853 4182 1013 4256 efficimus,
1046 4179 1204 4243 inveheret
1235 4180 1431 4243 luminaribus
1465 4190 1498 4244 et

134 4275 258 4337 ordinet
279 4273 426 4353 sphaeras
450 4271 632 4333 admodum
660 4271 920 4334 homocentrorum
940 4288 1070 4332 suorum.
1118 4267 1215 4340 Quasi
1234 4270 1323 4331 modo
1346 4277 1410 4331 tam
1433 4269 1495 4332 dif-

133 4364 205 4426 ficili
229 4363 341 4425 fuerint
362 4360 409 4423 usi
430 4370 562 4435 veteres,
586 4360 671 4441 isque
695 4359 816 4423 silentio
839 4381 859 4421 a
881 4358 1096 4422 recentioribus
1120 4358 1211 4420 fuerit
1234 4359 1381 4437 sepultus.
1427 4359 1495 4420 Ve-

133 4472 201 4517 rum
223 4458 283 4526 est,
306 4449 396 4512 orbes
418 4448 474 4511 hos
496 4467 566 4510 esse
590 4457 713 4528 propter
736 4448 1003 4521 eccentricitatem,
1029 4446 1083 4509 sed
1098 4446 1207 4526 singuli
1229 4446 1390 4521 sufficiunt,
1417 4448 1496 4529 quod

133 4541 257 4605 ridetur
285 4540 448 4619 desperare
470 4539 704 4612 Fracastorens,
737 4537 849 4619 singuli
872 4555 916 4599 sc.
940 4536 1067 4619 epicycli
1095 4543 1149 4598 aut
1175 4535 1289 4597 circelli
1317 4535 1397 4597 circa
1420 4555 1494 4599 cen-

133 4641 226 4706 trum,
250 4629 278 4692 si
300 4627 390 4691 simul
411 4644 604 4707 progressum
619 4643 822 4707 apogaeomm
841 4625 961 4688 efficere
974 4625 1120 4688 Eudoxus
1133 4623 1239 4686 voluit.
1281 4625 1346 4686 Nec
1365 4625 1402 4686 de
1417 4625 1495 4687 binis

133 4719 284 4800 trinisque
311 4714 491 4779 Aristotelis
518 4715 613 4779 rerba
643 4722 765 4779 sonant.
813 4715 931 4777 Deinde
964 4714 1049 4777 illum
1080 4712 1111 4774 in
1138 4713 1248 4776 ceteris
1275 4713 1494 4776 lhecastcreus

132 4816 224 4892 putat
246 4806 394 4881 additum,
417 4811 542 4886 propter
564 4824 667 4870 earum
690 4806 728 4868 ab
751 4811 915 4886 aequatore
939 4801 1179 4878 declinationem,
1205 4803 1245 4864 ad
1263 4820 1398 4864 normam
1411 4800 1494 4864 Solis

187 4910 393 4966 ιηιοςιομηῑ.
1249 4902 1283 4956 17
