3838 5824
395 384 438 452 60
983 381 1146 434 moenium.

391 563 448 599 vero
467 547 578 612 Keplsri,
597 559 661 612 qnae
673 543 832 595 Prodromum
850 544 984 595 subsecuta
1001 549 1066 605 sunt,
1086 556 1208 609 eaquae
1226 557 1257 594 ex
1275 543 1347 593 dictis
1366 541 1525 592 voluminibus
1543 543 1656 594 duumta
1673 543 1742 594 socl-

392 620 484 677 dimns,
503 618 570 670 haud
588 616 655 683 parri
673 622 732 665 sunt
749 616 875 665 momenti.

370 700 376 713 ⁸
461 691 528 752 lam,
546 690 678 740 redeuntes
691 687 724 737 ad
735 686 942 743 Harwartum,
961 686 1033 743 haec,
1053 684 1227 737 concludentes
1244 686 1311 735 hanc
1328 686 1487 749 praelationis
1505 690 1609 749 partem,
1628 683 1744 736 addenda

391 763 538 815 consuimus.
574 761 682 811 Primam
701 758 763 808 adlit
780 757 916 823 Keplernm
933 757 1086 815 Harmartus,
1106 756 1282 823 chronologicis
1300 757 1387 807 studiis
1406 763 1554 822 occupatus,
1573 772 1616 822 per
1634 756 1742 806 Christo·

391 835 492 900 phorum
510 834 714 898 Grienhergerum
732 843 747 879 e
765 827 821 880 Sec.
840 828 916 884 Jesu.
941 835 994 878 tum
1011 829 1127 892 temporis
1145 828 1252 878 Gmetiis
1276 830 1431 880 mathemata
1447 829 1619 893 proritantem,
1645 834 1743 879 aestate
1811 890 1815 899 Ι

391 907 450 956 anni
469 901 550 962 1507,
569 901 696 954 Lucani
715 900 808 951 dictum
826 900 859 950 sd
877 907 971 951 certum
989 913 1082 949 annum
1098 900 1189 950 reterre
1208 902 1324 965 cupiens,
1350 916 1397 965 quo
1417 901 1550 959 ,Lucanus
1568 906 1682 950 recenset
1700 901 1741 949 ob·

391 977 554 1028 servationem
573 972 775 1030 constellationis,
795 985 869 1037 quam
881 971 995 1037 Nigidius
1007 971 1110 1037 Figulus
1123 970 1314 1024 Mathematicus
1334 979 1393 1023 ante
1411 972 1501 1023 hellam
1516 972 1586 1022 civile
1599 972 1627 1022 G.
1640 971 1665 1022 J.
1679 970 1742 1021 Cae·

391 1051 469 1107 saris,
489 1048 527 1098 rel
545 1048 634 1099 saltem
652 1043 773 1109 Augusti,
793 1042 944 1094 observarit“
964 1039 1052 1106 (rerba
1069 1041 1213 1105 Herwarti).

465 1193 504 1243 Ad
521 1193 587 1245 hanc
605 1194 775 1260 quaestionem
793 1190 918 1256 respondit
935 1191 1091 1255 Keplerus
1108 1192 1174 1244 huno
1191 1194 1217 1243 iu
1234 1193 1348 1245 modum:

482 1299 558 1364 Cum
581 1302 610 1363 in
634 1303 690 1363 hoc
712 1300 870 1381 dignitatis
895 1301 1018 1380 fastigio
1041 1301 1208 1367 collocatus
1238 1300 1427 1364 nihilomiuus
1455 1301 1609 1363 literarum
1630 1301 1743 1375 studia,

392 1390 548 1454 lectionem
572 1390 764 1454 historiarum
788 1397 819 1453 et
842 1390 1014 1453 matheseos
1037 1389 1238 1470 cognitionem
1261 1409 1354 1465 ames,
1379 1410 1436 1452 nou
1460 1409 1582 1472 possum
1607 1388 1742 1469 equidem

391 1479 454 1555 tibi,
479 1479 536 1541 Vir
559 1480 627 1543 nob.
644 1488 675 1542 et
697 1480 797 1560 ampl,
822 1498 881 1542 non
904 1480 1059 1560 gratulari,
1083 1487 1186 1559 utpote
1210 1481 1257 1543 cui
1280 1479 1353 1542 nihil
1377 1479 1505 1542 omnium
1527 1498 1626 1541 rerum
1645 1478 1741 1551 deest,

391 1588 466 1649 quae
491 1568 538 1630 vel
560 1569 626 1649 ipse
649 1569 834 1631 Aristoteles
865 1568 895 1631 in
928 1588 983 1630 sua
1014 1568 1169 1631 felicitatis
1196 1568 1265 1631 idea
1292 1568 1454 1631 desideret.
1501 1567 1568 1640 Quo
1592 1567 1742 1630 lubentius

391 1657 537 1720 desiderio
561 1668 622 1733 tuo,
647 1659 726 1738 quod
741 1658 836 1720 literis
850 1660 888 1720 ad
903 1658 942 1721 D.
958 1655 1210 1737 Grienbergerum
1233 1659 1313 1721 datis
1337 1665 1469 1720 testatus
1492 1677 1534 1732 es,
1559 1657 1737 1719 satisfacere

390 1747 546 1822 contendo,
569 1748 742 1827 propositae
757 1746 941 1829 quaestionis
956 1746 1155 1831 explicatione
1171 1748 1302 1829 scripta:
1326 1767 1385 1809 uon
1400 1746 1528 1829 quidem,
1554 1746 1631 1826 quod
1650 1747 1696 1808 ita
1720 1765 1739 1808 a

390 1836 506 1897 nemine
530 1856 619 1916 quam
643 1858 662 1898 a
685 1855 732 1898 mc
755 1837 866 1899 rectius
890 1836 952 1898 lieri
977 1855 1065 1916 posse
1089 1855 1250 1916 sperarem,
1276 1837 1329 1899 scd
1348 1837 1418 1916 quia
1431 1834 1618 1898 occasionem
1633 1835 1738 1898 derhe-

391 1925 474 1988 rendi
497 1924 568 1986 milri
592 1927 670 1988 tanti
694 1925 767 2000 viri,
802 1926 887 2005 cujus
909 1925 981 1987 milri
1005 1944 1088 2006 spem
1111 1926 1224 1989 faciunt
1246 1926 1315 1988 illae
1342 1925 1427 2005 ipsae
1458 1926 1583 1994 literae,
1616 1925 1738 1987 mirifice

357 2074 361 2081 .
392 2014 584 2076 deosculatus
608 2034 682 2076 sum.
715 2014 942 2077 Resolutionem
967 2022 1067 2077 autem
1090 2015 1187 2095 ipsam
1206 2034 1264 2077 non
1278 2015 1340 2076 alia
1353 2015 1460 2095 scripsi
1475 2014 1625 2090 methodo,
1650 2034 1738 2095 quam

390 2122 435 2177 ea,
460 2121 519 2182 qua
542 2112 632 2165 natae
656 2103 728 2165 mihi
752 2110 822 2165 sunt
844 2104 881 2165 de
903 2104 971 2185 ipsa
994 2102 1169 2184 quaestione
1192 2102 1405 2185 cogitationes:
1437 2123 1512 2184 quae
1540 2104 1637 2165 forma
1660 2104 1738 2166 scri-

389 2189 478 2254 bendi
503 2192 560 2254 etsi
583 2191 666 2275 rudis
690 2200 721 2255 et
743 2191 865 2273 indigna
887 2193 1018 2256 fortasse
1041 2201 1126 2256 tanto
1150 2194 1262 2256 lectore
1287 2200 1344 2265 est,
1367 2200 1468 2255 tamen
1487 2193 1524 2255 ob
1545 2191 1575 2253 id
1590 2191 1661 2254 mihi
1679 2211 1737 2272 po-

390 2280 538 2342 tissimum
561 2280 672 2355 arrisit,
696 2288 730 2343 ut
751 2301 806 2362 per
828 2301 894 2343 earu
916 2290 1036 2363 pateret
1058 2302 1124 2345 oum
1146 2283 1220 2347 fides
1243 2302 1311 2344 mea
1333 2282 1362 2343 irr
1382 2282 1438 2344 hac
1458 2279 1655 2362 explicatione
1679 2281 1736 2344 ad-

389 2369 485 2431 hibita
508 2378 570 2431 tum
594 2370 756 2433 difficultas
779 2370 809 2432 iu
833 2371 895 2433 alia
917 2372 1121 2452 contingenda.
1164 2370 1280 2444 Quibus
1302 2371 1332 2432 iu
1355 2370 1482 2452 pagellis
1506 2371 1533 2433 si
1555 2370 1626 2451 quid
1646 2390 1737 2453 repe·

389 2458 474 2533 reris,
500 2460 577 2539 quod
599 2459 729 2540 placeat,
753 2466 786 2521 ct
808 2459 846 2523 ob
870 2461 947 2542 quod
970 2479 1016 2522 me
1040 2468 1092 2522 tuo
1111 2460 1232 2541 dignum
1247 2461 1350 2522 favore
1364 2480 1498 2535 censeas,
1523 2461 1600 2540 quod
1622 2460 1737 2522 utinam

390 2566 447 2609 non
471 2546 557 2610 irrita
580 2549 659 2611 mihi·
675 2549 855 2611 confidentia
881 2550 1110 2631 persuaderem,
1144 2552 1210 2630 ejus
1242 2549 1284 2613 rei
1312 2549 1561 2611 demonstrandae
1589 2550 1737 2629 geminam

389 2636 578 2699 occasionem
601 2657 667 2699 oum
690 2638 810 2718 optione
833 2658 985 2720 propono,
1018 2646 1052 2701 ut
1075 2646 1129 2701 aut
1151 2659 1198 2702 me
1221 2640 1260 2702 D.
1283 2638 1440 2712 Ficlrlero,
1473 2638 1536 2700 viro
1560 2638 1735 2712 clarissimo,

390 2724 439 2807 qui
463 2727 725 2801 consanguinitate
749 2735 892 2807 parentes
907 2747 989 2790 meos
1004 2727 1136 2807 attingit,
1161 2728 1360 2802 commendes,
1385 2735 1439 2790 aut
1460 2728 1737 2790 mathematicomm

387 2813 566 2877 vestratium
585 2816 699 2895 judicia
723 2816 760 2878 de
783 2834 850 2878 meo
872 2837 966 2897 nuper
989 2817 1069 2880 edito
1094 2816 1210 2892 libello,
1242 2837 1301 2879 non
1334 2817 1426 2880 refert
1459 2835 1546 2898 quarn
1570 2816 1640 2879 mihi
1663 2835 1736 2898 pro·

387 2903 473 2985 pitia,
498 2913 687 2986 extorqueas,
711 2911 801 2986 atque
826 2907 864 2969 ad
883 2925 930 2969 me
944 2905 1068 2988 perferri
1087 2906 1128 2980 (si
1142 2926 1201 2969 non
1216 2914 1391 2987 arroganter
1405 2908 1490 2985 peto)
1504 2924 1557 2985 pro
1573 2907 1735 2967 autoritate

388 3001 441 3055 tua
459 2994 579 3073 jubeas.
626 2995 662 3057 Id
686 3014 775 3075 quam
797 2996 871 3058 meis
898 2997 988 3058 rebus
1015 2996 1201 3077 profuturum
1233 2996 1292 3071 sit,
1325 2996 1524 3075 conjecturam
1548 3014 1585 3057 err
1608 2995 1661 3056 illa
1683 3002 1737 3055 tua

388 3081 519 3162 epistola
542 3085 638 3163 capio,
663 3103 740 3165 quae
763 3085 839 3148 adeo
863 3085 1040 3165 quibusdam
1062 3104 1100 3147 ex
1122 3104 1188 3148 meo
1202 3085 1380 3166 magistratu
1398 3085 1520 3163 placuit,
1545 3092 1578 3145 ut
1600 3083 1672 3145 nihil
1696 3083 1735 3144 ad

387 3189 485 3233 meum
512 3172 653 3235 honorem
685 3173 909 3236 convenientius
941 3175 1077 3236 accidere
1109 3174 1244 3254 potuisse
1277 3174 1452 3236 existimem.
1501 3173 1579 3235 Vale
1601 3172 1679 3235 Nob.
1704 3178 1737 3233 et

388 3258 489 3339 Ampl.
505 3260 570 3334 Vir,
596 3256 675 3323 et'si
699 3262 768 3341 quid
793 3262 854 3323 dixi
876 3262 972 3324 minus
995 3263 1059 3325 foro
1079 3263 1344 3336 accommodatum,
1369 3262 1645 3324 mathematicorum
1667 3280 1733 3324 ruo-

387 3348 469 3409 ribus
492 3350 637 3412 condona.
679 3348 717 3412 17
736 3348 821 3431 Sept.
850 3348 942 3416 1597.

758 3438 837 3500 Nob.
862 3449 892 3501 et
916 3440 1016 3519 Ampl.
1041 3439 1075 3499 T.
1321 3438 1524 3500 deditissimus

1236 3527 1281 3590 Μ.
1305 3528 1465 3592 Johonaes
1486 3526 1613 3611 Keples.

1101 3617 1146 3679 lll.
1171 3613 1291 3697 Styriae
1315 3636 1469 3697 procerum
1492 3617 1735 3683 Mathematicus.

458 3788 515 3838 Has
543 3787 647 3856 Koplarl
671 3790 759 3841 literas
794 3791 884 3846 desunt
909 3796 935 3844 in
962 3793 1105 3844 collectione
1138 3793 1334 3857 Petropolitsus3
1369 3793 1529 3844 desnmsimua
1557 3808 1600 3845 eas
1631 3811 1646 3846 e
1676 3796 1737 3847 llhro

387 3859 414 3910 F.
437 3859 539 3910 Paula
562 3859 598 3910 ds
628 3861 785 3920 Schranh,
812 3881 885 3931 quem
912 3866 1050 3928 inscripsit:
1078 3864 1223 3929 Sammlung
1246 3865 1402 3916 naturhistor.
1430 3881 1454 3915 u.
1487 3866 1580 3930 physik
1608 3867 1736 3918 Aulsttse.

387 3930 471 3982 Nerib.
486 3927 564 3986 titt.
582 3934 608 3983 ln
626 3948 673 3997 quo
691 3934 737 3984 has
756 3950 811 3986 cum
829 3938 905 3987 tribus
924 3944 1042 4000 sequente
1061 3950 1126 3986 anuo
1144 3937 1177 3986 ad
1193 3937 1348 3987 Hernartum
1366 3938 1462 4001 scriptis
1479 3938 1555 3987 literis
1572 3937 1674 4002 Kepleri
1690 3941 1735 3989 im·

387 4000 527 4066 primendss
545 4006 651 4061 curant.
671 4004 796 4057 dmumtns
814 4023 828 4057 s
847 4009 1018 4071 manuscriptis
1036 4007 1158 4058 Hervarti
1175 4009 1201 4057 in
1219 4009 1367 4059 bibliotheca
1378 4007 1567 4060 Laudshutlaua
1585 4006 1662 4070 (nuno
1680 4008 1736 4060 Mo·

387 4069 483 4134 nachii)
503 4077 660 4126 conservatis.
699 4076 770 4138 Quae
789 4080 884 4130 addidit
900 4079 1023 4142 Keplerus
1042 4079 1088 4129 illis
1106 4079 1197 4134 literis.
1215 4082 1336 4142 separatis
1354 4083 1492 4143 conscripta
1510 4081 1573 4130 toliis
1589 4081 1663 4144 plane
1680 4096 1736 4145 pcr-

386 4146 467 4195 tineut
494 4144 527 4194 ad
554 4149 723 4211 quaestionem
751 4151 782 4200 ab
806 4152 934 4202 Hermio
957 4151 1121 4215 propositam,
1140 4165 1216 4214 quare
1233 4151 1274 4201 hic
1293 4153 1430 4201 omittenda
1446 4153 1491 4202 ilis
1508 4167 1645 4217 cenamus,
1680 4152 1736 4203 Hoc

387 4222 484 4266 tantum
503 4216 614 4267 addimus
631 4221 790 4283 respicientes
809 4223 842 4273 sd
860 4222 1042 4273 conclusionem
1059 4222 1184 4272 literamm
1202 4223 1321 4286 Kepleri,
1349 4222 1483 4286 Keplemm
1506 4230 1638 4286 cognatum
1660 4223 1737 4274 tuisse

386 4287 426 4337 lo.
450 4286 526 4337 hsrch·
548 4284 677 4351 ficklero,
705 4292 754 4341 filio
781 4292 820 4344 Je.
848 4294 954 4344 Fiokleri
980 4293 1110 4350 Wileusis,
1143 4296 1212 4356 cujus
1243 4301 1322 4344 mater
1352 4308 1419 4343 soror
1444 4294 1491 4344 tuit
1515 4294 1625 4352 Mllllen',
1653 4296 1737 4358 proavi

387 4358 496 4422 Kapleri.
544 4360 584 4410 Jo.
614 4360 691 4412 Mich.
723 4364 863 4422 arakletus,
892 4379 1000 4416 assessor
1029 4378 1144 4414 cameras
1174 4364 1308 4429 Spirensis,
1345 4365 1459 4415 tundatur
1488 4364 1602 4429 stipendii
1638 4365 1735 4416 Fickle·

387 4431 464 4489 risui,
492 4446 539 4495 quo
566 4432 669 4496 posthac
686 4435 811 4486 tuebatur
832 4437 934 4500 Keplcri
957 4436 1020 4485 filius
1038 4436 1194 4492 hadericus.
1219 4436 1324 4486 decessit
1347 4450 1412 4486 anno
1434 4434 1508 4487 ¹587.
1546 4436 1601 4486 Joh.
1621 4437 1738 4500 Baptista

387 4500 521 4559 Fichlerua
541 4518 612 4567 quem
630 4519 705 4567 supra
722 4507 844 4571 Kaplerus
863 4509 930 4564 dicit.
950 4507 1027 4556 trater
1044 4513 1098 4557 erat
1116 4509 1169 4557 sins
1187 4506 1259 4556 dubio
1277 4508 1349 4562 illius.
1368 4508 1441 4557 theol.
1456 4515 1481 4558 et
1491 4508 1619 4571 jurisprud
1633 4507 1736 4566 Doctus,

387 4571 500 4622 electoris
527 4572 690 4626 Maximillam
712 4577 732 4627 1.
760 4586 925 4642 praeceptor.
950 4579 1102 4628 consiliarius
1129 4586 1155 4627 et
1177 4578 1355 4643 protonotarius
1383 4578 1582 4644 salisburgensis.
1603 4604 1635 4615 -
1654 4578 1738 4629 Prima

388 4644 545 4706 epistolarum
568 4645 738 4709 Hortarii,
766 4665 830 4715 qnae
854 4652 938 4699 insunt
963 4650 1041 4700 codici
1058 4648 1260 4712 Petrcpolitano,
1288 4648 1348 4698 data
1370 4649 1494 4700 Monachli
1519 4651 1543 4699 d.
1564 4648 1598 4699 24
1616 4648 1672 4701 Oct
1692 4646 1737 4706 97.

387 4714 452 4765 haec
475 4715 564 4767 habet:
592 4716 678 4769 Salute
700 4728 725 4770 et
742 4721 875 4772 officiorum
897 4721 1079 4783 studiorumque
1104 4720 1226 4771 oblatione
1253 4722 1393 4785 praemissis
1427 4724 1554 4772 certiorem
1582 4728 1608 4771 ts
1634 4720 1737 4771 reddere

387 4785 460 4844 volui.
473 4786 524 4908 gir
540 4787 700 4845 Doctissime.
725 4791 809 4843 literas
826 4808 865 4843 me
884 4800 940 4842 tuae
961 4789 1000 4841 17.
1020 4791 1089 4855 Sept
1107 4790 1180 4841 datas
1196 4792 1260 4843 hene
1278 4792 1393 4855 quidem,
1419 4799 1529 4844 maruan
1552 4791 1669 4843 horama
1692 4791 1735 4843 do·

388 4872 456 4908 mum
490 4860 526 4916 ὀ,
545 4862 679 4922 accepisse.

460 4929 581 4981 Luam
598 4930 632 4983 iul
651 4948 816 5000 summepere,
836 4948 907 4993 oum,
926 4934 1030 4985 nisime
1049 4934 1144 4984 animus
1161 4932 1235 4996 plane
1253 4932 1337 4989 tollat,
1355 4934 1531 4997 perspexerim,
1558 4933 1603 4984 tihi
1627 4932 1692 4983 haec
1710 4940 1737 4984 ct
