3814 5818
746 382 949 432 suasum·
1463 384 1528 452 oro

169 536 249 597 dere.
296 533 370 597 Stat
396 534 498 615 itaque
526 538 656 599 martio
679 538 751 600 Ursi
778 538 865 600 firma
891 549 924 601 et
949 539 1110 601 immobilis
1143 549 1178 602 ut
1204 556 1309 605 currus
1336 545 1427 607 unius
1456 557 1526 610 rota

169 624 286 685 scilicet
312 624 467 685 subnixus.
513 625 594 687 Nam
621 627 648 687 si
679 634 798 706 partem
819 635 930 703 totum,
963 628 989 688 si
1013 628 1071 691 dno
1093 629 1200 708 viginti
1228 650 1296 693 esse
1323 638 1524 711 persuaserit,

169 713 226 773 hoc
253 730 370 791 qnoque
398 712 476 792 quod
508 715 705 776 contenderat
737 715 896 778 obtinebit.
941 717 1079 795 Denique
1107 717 1186 779 aiom
1212 729 1307 780 autea
1327 722 1525 801 Apollonium

169 800 278 880 negaui
305 800 492 878 professione
520 802 614 864 fuisse
641 812 859 876 astronomum,
900 823 993 883 qnare
1020 823 1116 884 neque
1144 825 1200 885 pro
1226 816 1349 870 anctore
1381 828 1526 873 nouarum

169 888 383 970 hypothmiam
404 889 573 951 habendum
596 893 755 954 contendi:
785 893 831 953 ita
853 893 901 953 hic
925 894 1005 954 idem
1028 894 1122 954 multo
1147 895 1265 973 quidem
1288 896 1453 961 efficaciori
1473 920 1526 961 ar-

170 985 313 1057 gumento
335 995 439 1056 urgeo.
486 978 565 1040 Nam
594 979 653 1041 etsi
671 982 826 1060 Apollonii
853 982 1011 1060 problema
1033 982 1070 1043 de
1105 983 1181 1043 aulis
1207 985 1392 1049 stationibus
1417 987 1524 1064 piune·

171 1080 270 1127 tamm
294 1065 366 1140 ruit,
397 1066 500 1127 horum
523 1085 595 1129 veru
618 1079 775 1130 auctorum
799 1070 1000 1148 cogitationes
1029 1070 1150 1131 intuta
1177 1071 1334 1133 machinae
1357 1075 1524 1136 mundanae

172 1154 267 1216 forma
290 1163 460 1234 vagantur:
489 1155 541 1216 ille
570 1165 672 1218 tamen
697 1176 770 1219 suae
799 1159 982 1219 inventionis
1006 1160 1165 1237 (quantum
1195 1160 1252 1220 sibi
1276 1172 1430 1239 geometra
1453 1182 1523 1241 pro-

171 1245 327 1322 posuerat)
351 1253 457 1304 auctor
479 1243 592 1323 primus
616 1245 722 1307 merito
747 1247 930 1308 celebratur:
960 1246 991 1307 hi
1015 1247 1130 1307 alienas
1155 1247 1192 1307 de
1215 1249 1326 1309 mundo
1349 1253 1523 1330 conceptio-

170 1351 225 1393 nes
248 1331 285 1392 de
307 1331 458 1393 industria
481 1334 695 1395 consarcinant
718 1334 812 1415 iisque
838 1355 894 1396 sua
917 1354 1009 1413 opera
1034 1344 1193 1407 exornant,
1217 1337 1349 1425 necysibi
1369 1349 1522 1418 arrogant,

170 1420 196 1483 si
219 1438 319 1499 pauca
339 1420 369 1481 iu
391 1420 491 1482 Plinio
515 1422 670 1501 excipias,
699 1441 775 1503 quae
800 1424 851 1485 ille
876 1444 896 1483 a
917 1424 1059 1485 Vitruvio
1082 1432 1221 1485 mutuata
1242 1443 1303 1487 uon
1325 1444 1437 1504 magna
1460 1429 1524 1507 eJ'ns

168 1509 282 1587 injuria
302 1509 482 1583 dissimulat,
506 1527 572 1571 cum
596 1520 721 1591 uterque
744 1512 900 1573 erraverit.
947 1512 1128 1591 Apollonius
1147 1512 1268 1575 laudem
1282 1513 1396 1591 ingenii
1419 1524 1453 1579 et
1466 1517 1523 1581 ad·

169 1597 360 1658 mirationem
383 1597 513 1659 omnium
535 1599 733 1661 subtilissima
756 1610 789 1661 et
812 1600 972 1661 verissima
988 1601 1194 1679 speculatione
1209 1601 1332 1661 meruit:
1357 1602 1388 1663 hi
1403 1612 1525 1665 mutent

170 1687 320 1746 erroribus
344 1695 376 1746 et
398 1684 529 1765 gratiam
552 1688 670 1766 quidem
682 1687 807 1749 ‘habeut
834 1688 1082 1750 transmissamm
1112 1689 1153 1749 ad
1174 1708 1228 1749 nos
1254 1690 1303 1751 vel
1326 1698 1524 1755 conservata-

170 1793 236 1836 rum
258 1775 377 1836 illarum
399 1769 650 1854 speculationum:
681 1777 863 1857 peculiarem
883 1795 954 1838 vero
979 1778 1106 1855 gloriam
1130 1796 1185 1839 uec
1208 1777 1266 1839 sihi
1290 1797 1347 1841 neu
1369 1780 1524 1861 magistris

170 1861 233 1923 suis
257 1863 458 1923 redemerunt
504 1863 587 1924 Male
610 1864 766 1926 uobiscum
789 1874 913 1944 agatur,
944 1865 970 1925 si
994 1867 1157 1925 etiamnum
1181 1866 1366 1931 astronomis
1388 1867 1417 1931 in
1437 1877 1525 1933 tauta

169 1951 382 2012 incertitudine
406 1959 551 2023 versetur,
575 1953 742 2014 sitantum
766 1955 928 2013 etiamnum
952 1953 982 2013 in
1006 1954 1060 2014 illa
1075 1953 1308 2026 desideraretur,
1333 1954 1360 2015 si
1384 1956 1524 2018 latitudi-

171 2058 254 2113 num,
288 2040 314 2100 si
344 2039 556 2119 erogationum
585 2041 715 2102 Veneris
749 2051 782 2102 et
810 2041 951 2102 Mercurii
984 2041 1116 2120 cognitio
1145 2060 1202 2102 non
1232 2042 1359 2102 certior:
1392 2043 1419 2103 si
1442 2042 1525 2106 Solis

170 2127 326 2189 circuitum
348 2128 512 2189 etiamnum
533 2129 675 2190 inflexum
698 2137 731 2189 et
753 2137 923 2191 contortum
945 2136 1100 2211 putemus:
1126 2130 1151 2190 si
1167 2147 1277 2190 causas
1300 2147 1398 2190 rerum
1421 2140 1525 2193 astro-

171 2216 355 2278 nomicamm
378 2235 436 2277 uon
460 2216 599 2278 meliores
623 2216 796 2292 habeamus,
821 2236 911 2297 quam
931 2217 970 2278 ab
985 2218 1047 2278 illis
1062 2217 1229 2279 didicimus.
1275 2218 1323 2278 Ac
1347 2217 1405 2278 nisi
1420 2219 1524 2299 Tycho

169 2304 327 2391 hisquae
351 2305 409 2366 sibi
432 2303 538 2365 merito
560 2305 705 2379 vindicat,
731 2306 947 2387 hypothesibus
972 2306 1188 2366 astronomiam
1212 2305 1299 2366 nobis
1314 2307 1525 2385 perfectiorem

172 2391 343 2467 tradiderit,
368 2412 457 2473 quam
480 2393 523 2454 ilii
548 2393 712 2473 reliquere:
745 2412 803 2454 non
827 2394 1006 2472 deprecatur
1032 2394 1167 2473 quamvis
1190 2402 1286 2455 toturn
1309 2394 1360 2455 ille
1383 2395 1525 2458 mundum

173 2482 345 2562 complexus
368 2481 418 2553 sit,
444 2481 512 2561 quin
536 2483 750 2544 meditationes
774 2502 847 2543 suae
870 2483 950 2542 inter
971 2482 1112 2543 Pliniana
1134 2483 1278 2560 figmenta
1300 2482 1470 2545 reserantur
1492 2492 1526 2547 et

173 2570 297 2650 indigna
319 2570 498 2642 habeantur,
523 2571 629 2649 quibus
653 2570 859 2651 hypotheseon
883 2571 1150 2631 astronomicarum
1175 2588 1282 2630 nomen
1306 2570 1464 2633 tribuatur.

261 2658 323 2720 Sed
347 2659 423 2719 aiios
446 2658 568 2737 insuper
590 2659 729 2738 producit
751 2668 891 2719 auctores
914 2658 1126 2738 'lychoniauae
1150 2658 1366 2738 hypotheseos;
1390 2679 1449 2720 non
1468 2679 1522 2721 so-

173 2748 218 2809 los
240 2747 287 2809 illi
309 2755 491 2825 geometras,
513 2747 665 2827 physicos,
690 2747 884 2819 architectos,
909 2745 1053 2806 historiae
1073 2747 1191 2806 navalis
1206 2745 1379 2823 scriptores,
1402 2754 1520 2824 poetas,

171 2836 396 2916 grammaticos,
421 2836 622 2896 astronomiae
645 2836 800 2913 imperitos
823 2834 943 2912 objicit:
969 2851 1043 2912 quos
1058 2841 1164 2894 contra
1183 2832 1426 2898 dissimilitudine
1449 2854 1522 2915 pro-

170 2925 313 2986 fessionis
341 2923 491 3003 excipiat:
521 2924 656 3004 sequitur
684 2932 717 2984 et
740 2932 996 2995 astronomus,
1031 2930 1269 2983 astronomorum
1289 2920 1419 2982 omnium
1451 2932 1523 3002 post

173 3013 379 3075 Ptolemaeum
402 3012 630 3084 celeberrimus,
657 3030 711 3072 nec
736 3010 864 3071 scientia
882 3018 1017 3082 tantum,
1051 3010 1104 3069 sed
1130 3018 1158 3069 et
1184 3015 1293 3068 eventu
1317 3008 1417 3069 clarus
1440 3012 1522 3072 edito

170 3102 456 3164 Revolutiounm
483 3100 705 3161 coelestium
730 3118 835 3178 opere,
863 3099 940 3159 nude
968 3098 1090 3158 tabulae
1121 3097 1276 3158 derivatae
1301 3104 1385 3169 sunt,
1413 3099 1521 3176 quibus

171 3191 262 3252 hodie
285 3190 316 3251 iu
339 3210 410 3252 usus
432 3189 667 3267 Ephemeridum
691 3188 821 3267 receptis
844 3187 975 3266 priorum
995 3186 1117 3247 tabulae
1133 3186 1308 3264 antiquatae
1323 3193 1402 3245 snut.
1441 3187 1519 3265 Age,

171 3279 261 3353 Urse,
283 3278 377 3339 virum
401 3287 432 3339 te
454 3287 593 3357 praesta:
622 3287 737 3339 rectam
760 3277 839 3338 enim
861 3276 941 3336 viam
964 3275 1091 3336 insistis.
1138 3274 1209 3349 Dic,
1235 3292 1305 3353 age,
1331 3273 1426 3334 fuitne
1450 3273 1520 3337 Co-

170 3368 349 3447 peruicus
376 3367 510 3448 Tychoni
546 3374 804 3447 praemonstrator
836 3384 908 3426 suae
941 3363 1163 3444 hypotheseos?
1209 3361 1271 3424 Sed
1303 3381 1369 3423 cum
1400 3362 1521 3437 dixeris,

116 3506 120 3519 ,
170 3456 355 3531 memineris,
389 3466 488 3517 tecum
516 3456 587 3517 mihi
617 3476 678 3517 rem
705 3457 837 3517 suturam
864 3454 983 3534 tuisque
1016 3472 1083 3514 cum
1106 3452 1223 3521 verbis,
1257 3469 1316 3512 non
1346 3470 1413 3511 cum
1442 3452 1521 3515 aliis.

169 3547 249 3608 Nam
273 3556 421 3624 utsupra
443 3562 558 3624 quoqne
583 3545 683 3606 innui:
712 3551 784 3623 post
806 3543 948 3621 vulgatas
973 3540 1132 3621 Coperuici
1156 3540 1339 3622 hypotheses
1362 3558 1420 3601 non
1444 3558 1521 3619 nego

169 3654 237 3697 esse
261 3642 294 3695 et
316 3634 409 3695 fnisse
431 3634 552 3707 multos,
577 3651 652 3713 quos
676 3631 753 3692 inter
776 3649 809 3691 sc
832 3630 1112 3691 Rothomannus
1136 3630 1309 3709 profitetur:
1334 3630 1441 3708 quibus
1457 3627 1521 3691 Co·
1609 3657 1621 3669 -

169 3724 351 3804 pemicanae
379 3722 582 3803 hypotheseos
611 3718 826 3797 contemplatio
850 3718 977 3796 digitum
1006 3719 1136 3779 intendit
1159 3718 1198 3778 ad
1222 3716 1347 3777 eandem
1371 3736 1438 3778 cum
1457 3718 1520 3797 Ty-

169 3813 265 3874 chone
287 3812 370 3872 viam
393 3810 635 3890 ingrediendam:
661 3825 783 3888 qnorum
806 3807 956 3867 neminem
978 3825 1035 3866 sua
1049 3807 1137 3866 laude
1151 3804 1326 3882 privandum
1341 3805 1520 3878 existimem,

169 3902 229 3962 etsi
253 3901 319 3982 quis
349 3899 380 3960 in
404 3899 461 3960 hoc
485 3899 627 3979 Tychone
654 3906 850 3976 praeceptore
878 3913 936 3954 non
961 3895 1051 3955 inerit
1080 3911 1161 3954 usus.
1209 3889 1354 3960 Quamvis
1377 3891 1521 3972 Tychoui,

169 4009 236 4052 cum
264 4006 352 4050 snam
382 3997 540 4068 quaereret
562 3986 758 4068 hypothesin,
792 4002 850 4044 noo
880 3982 971 4043 fuerit
999 3982 1028 4042 in
1058 3982 1156 4041 auimo
1181 3977 1455 4058 Coperuicanarum
1483 3982 1520 4041 ad

168 4078 280 4140 Terrae
308 4076 548 4139 immobilitatem
574 4075 736 4145 traductio,
762 4073 807 4134 uti
832 4070 914 4144 aliis,
944 4069 999 4130 sed
1026 4069 1136 4130 Martis
1165 4068 1195 4129 in
1224 4068 1411 4147 oppositione
1439 4066 1521 4131 Solis

171 4168 209 4228 ad
238 4167 363 4229 Terram
392 4164 660 4245 appropinquatio,
692 4160 891 4242 epicyclorum
925 4160 964 4219 ad
988 4157 1090 4219 Solem
1121 4154 1258 4236 alligatio
1288 4164 1321 4216 et
1347 4156 1375 4218 in
1404 4176 1521 4219 summa

170 4255 277 4317 eadem
300 4260 386 4340 pene,
412 4273 488 4333 quae
504 4251 671 4332 Coperuico
690 4252 773 4330 prius
796 4251 914 4311 inerant
937 4246 1101 4326 proposita.
1148 4248 1196 4307 Ac
1215 4264 1281 4306 cum
1295 4244 1354 4324 ipsi
1377 4246 1458 4307 marn
1482 4247 1520 4306 ad

170 4364 257 4406 suam
285 4342 465 4424 hypothesin
497 4339 727 4419 intersepsisset
755 4337 869 4399 orbium
898 4338 974 4397 falso
999 4336 1120 4413 jactata
1148 4334 1300 4406 soliditas,
1335 4334 1520 4394 commodum

170 4434 358 4494 intervenere
381 4440 528 4506 cometae,
553 4429 603 4510 qui
626 4437 800 4489 transcursu
825 4444 878 4486 sno
902 4426 971 4485 illas
995 4423 1158 4484 solidorum
1173 4422 1286 4482 orbium
1305 4421 1430 4482 nebulas
1455 4423 1521 4483 dis-

169 4529 309 4583 cuterent
341 4528 373 4581 et
400 4519 615 4600 impedimenta
642 4515 855 4597 Tychonianae
887 4513 1091 4593 hypotheseos
1124 4512 1274 4571 tollerent.
1322 4509 1410 4571 Adde
1443 4511 1521 4589 qnod

74 4636 83 4657 ·
168 4629 226 4671 non
260 4611 327 4672 sola
358 4609 389 4669 in
417 4608 598 4690 Tychonicis
628 4604 755 4666 mutatio
788 4612 820 4663 et
851 4601 1048 4681 transpositio
1077 4598 1349 4678 Coperuicanarum
1373 4606 1435 4668 est,
1467 4599 1522 4659 sed

167 4700 265 4761 multa
286 4716 367 4758 nora
388 4696 611 4777 peculiariaque
640 4712 678 4753 ex
706 4686 891 4770 apparentiis
915 4690 989 4769 ipsis
1017 4689 1161 4761 deducta,
1191 4685 1312 4765 quaesi
1336 4683 1521 4764 Coperuicus

167 4805 314 4868 usurpare
336 4786 420 4860 velit,
445 4805 531 4847 suam
553 4786 618 4864 ipse
642 4779 821 4863 hypothesin
846 4779 980 4857 corrigat
1002 4784 1033 4837 et
1051 4777 1188 4836 immutet
1210 4792 1335 4835 necesse
1356 4782 1418 4847 est,
1443 4774 1520 4851 qnod

167 4892 225 4955 ego
248 4875 380 4957 quidem,
404 4874 461 4956 qui'
478 4871 678 4955 Coperuicum
701 4869 735 4931 in'
755 4866 938 4945 capitalibus
961 4884 1078 4944 sequor,
1102 4865 1272 4926 faciendum
1290 4879 1408 4923 censeo.

1252 4963 1284 5014 18
1293 4965 1311 4995 ³
