3788 5828
737 369 906 434 omem
1209 342 1211 347 ’
1442 372 1502 440 ιιι

143 549 196 603 qno
217 534 401 585 conservatur
424 527 531 599 species
559 528 634 584 doris
664 534 694 584 et
713 546 842 586 numerus
872 529 1008 587 loliorum.
1048 533 1166 589 Debeo
1187 534 1248 590 ride
1274 536 1400 608 epilogos
1420 536 1504 592 libro·

141 629 201 668 rum
220 611 268 666 Ν.
290 616 320 664 et
340 609 374 664 V.
395 608 575 664 Harmonioes
595 615 717 665 nostrae.

223 685 253 761 ι’)
275 691 320 746 Ιιιι
340 695 503 760 conceptum
523 696 568 744 est
587 690 640 744 boc
660 683 866 764 argumentum,
886 698 921 746 ιιι
940 692 1035 747 audire
1055 693 1137 748 relim
1158 693 1301 766 physicos,
1323 695 1386 766 quid
1408 702 1506 751 contra

143 772 234 827 disere
255 769 375 841 possint.
417 769 490 823 Nam
510 772 547 824 ab
572 768 616 825 bis
641 770 679 825 ab
701 771 781 825 annis
810 788 890 826 nemo
918 774 988 844 quod
1012 773 1097 829 sciam
1124 774 1232 838 extitit,
1264 773 1309 846 qai
1333 775 1401 830 illud
1422 793 1505 831 excu-

142 859 226 908 teret.
268 855 309 905 At
327 866 370 904 me
400 851 503 904 candor
526 851 602 904 solus
623 856 730 914 moret,
760 858 794 905 ut
822 852 883 922 ipse
904 853 1051 908 excutiam.
1093 853 1178 908 Vides
1199 854 1286 927 igitur
1308 855 1410 921 lector,
1442 857 1506 927 quid

142 931 291 987 voluerim:
322 936 446 984 centrum
467 930 555 985 solum
576 948 639 984 esse
660 933 731 1003 qaod
751 931 839 1002 primo
860 932 934 987 eirca
953 932 1044 988 Solem
1065 931 1171 1007 agatur
1200 935 1227 989 in
1248 952 1361 1007 gyrum:
1392 935 1417 989 id
1439 953 1506 990 vero

142 1013 187 1067 sel
208 1012 269 1066 solo
289 1016 358 1065 nutu
378 1010 437 1065 lieri
458 1028 548 1080 posse,
572 1028 632 1066 cum
652 1027 741 1084 grave
762 1029 817 1066 non
839 1012 890 1074 sit,
911 1018 944 1067 ιιι
963 1013 1043 1083 cujus
1064 1030 1129 1085 pars
1151 1015 1238 1069 nulla.
1280 1016 1361 1069 Hanc
1381 1016 1506 1086 proposi·

142 1094 245 1147 tionem
266 1108 320 1145 non
340 1097 436 1160 potest
455 1090 521 1145 mibi
542 1091 650 1161 eripere
673 1091 823 1162 physicus,
846 1092 892 1164 qui
913 1094 1069 1158 contendit,
1091 1096 1162 1165 quod
1185 1096 1229 1149 bic
1249 1095 1386 1166 sequitur,
1416 1097 1507 1150 omnia

142 1179 266 1228 nentrum
281 1169 366 1244 sequi.
406 1171 446 1224 Et
469 1171 534 1241 quia
547 1171 667 1242 vulgata
680 1171 805 1225 doctrina
833 1172 952 1243 physica
974 1181 1053 1228 tenet
1076 1175 1128 1229 boc
1147 1177 1181 1229 de
1201 1174 1295 1229 centro
1310 1176 1410 1240 mundi,
1435 1177 1506 1247 quod

143 1253 236 1308 omnia
258 1251 360 1323 gravia
382 1250 410 1306 id
433 1258 558 1305 centrum
576 1259 725 1322 quaerant,
750 1252 811 1306 ideo
831 1253 988 1307 existimavi
1008 1271 1063 1327 ego
1086 1272 1168 1326 posse
1186 1255 1287 1326 gravia
1307 1257 1404 1309 ιιιιιιιι
1422 1272 1509 1327 opera

142 1340 266 1388 aeneum
279 1330 323 1385 sui
336 1330 459 1401 corporis
469 1359 471 1362 <
481 1346 624 1401 quaerere.
665 1333 768 1386 Verum
790 1331 819 1386 in
833 1333 976 1403 Epitomes
988 1335 1183 1389 astronomiae
1197 1336 1245 1390 lib.
1265 1337 1290 1390 1.
1312 1336 1506 1400 demonstrari,

142 1414 244 1468 falsum
266 1429 329 1465 esse
351 1411 404 1466 boe
426 1410 603 1482 pbysieorum
618 1411 743 1476 monia,
768 1414 839 1483 quod
862 1413 963 1485 gravia
983 1421 1120 1485 quaerant
1144 1416 1232 1469 ullum
1245 1422 1369 1470 centrum
1391 1422 1425 1469 ut
1438 1416 1506 1479 tale,

143 1492 319 1549 falsissimum
334 1493 406 1563 quod
419 1498 542 1545 centrum
557 1491 643 1545 totius
656 1492 763 1564 mundi;
778 1509 881 1557 serum,
903 1495 950 1563 sed
964 1510 1016 1564 per
1030 1494 1165 1559 accidens,
1185 1496 1255 1567 quod
1275 1502 1400 1550 centrum
1413 1495 1506 1550 Tellu-

145 1574 180 1628 n's
194 1578 341 1643 appetant,
366 1588 420 1625 non
435 1587 516 1641 quam
531 1570 557 1625 id
571 1578 703 1642 punctum
716 1579 770 1636 est,
794 1575 842 1627 sed
857 1574 923 1644 quia
936 1591 1035 1645 eorpus
1050 1574 1168 1629 Telluris
1183 1582 1333 1646 appetunt;
1360 1577 1430 1646 quod
1446 1591 1505 1629 cuns

146 1653 182 1707 sit
193 1653 348 1715 rotundum,
373 1668 409 1705 ex
424 1668 458 1704 eo
472 1650 539 1714 seri,
564 1659 597 1705 ut
611 1652 777 1723 appetentia
791 1652 847 1707 ista
860 1654 969 1707 feratur
980 1671 1077 1709 versus
1091 1655 1216 1720 medium,
1238 1661 1268 1709 et
1282 1654 1320 1709 sic
1334 1671 1430 1709 versus
1445 1673 1508 1709 cen-

147 1739 228 1795 trum
251 1734 322 1786 adeo
346 1731 462 1801 quidem,
485 1738 518 1785 ιιι
537 1731 563 1809 si
577 1731 666 1786 Terra
688 1732 808 1804 liguram
831 1733 951 1787 baberet
971 1733 1113 1789 distortam
1138 1734 1315 1798 sensibiliter,
1340 1735 1441 1807 gravia
1454 1753 1509 1789 non

144 1830 238 1867 versus
261 1826 345 1866 unum
366 1810 486 1881 undique
508 1817 640 1881 punctum
663 1817 777 1868 tensare
800 1813 911 1867 bserint.
963 1815 1022 1868 Hoc
1049 1814 1137 1886 igitur
1159 1815 1336 1870 bundamento
1363 1824 1507 1869 corruente

144 1900 285 1948 structura
298 1890 383 1946 etiam
398 1891 533 1945 evertitur
547 1890 611 1945 buic
624 1892 718 1946 nimia.
761 1893 873 1947 Scilicet
886 1910 1004 1964 corpora
1026 1895 1202 1964 planetarum
1215 1895 1243 1949 in
1257 1902 1333 1948 motu
1353 1911 1403 1948 seu
1417 1904 1508 1949 mans·

144 1974 249 2028 latione
272 1972 315 2025 sui
335 1970 410 2025 circa
422 1971 514 2025 Solem
535 1987 590 2025 non
610 1980 676 2026 sunt
699 1972 899 2027 consideranda
922 1981 954 2029 ιιι
966 1982 1073 2043 puncta
1085 1976 1291 2037 mathematica,
1313 1977 1361 2028 sed
1379 1975 1463 2045 plane
1478 1983 1512 2028 ut

145 2069 263 2124 corpora
280 2052 438 2114 materiata
463 2057 567 2105 etcum
582 2054 699 2122 quodam
713 2053 791 2123 qnasi
813 2055 934 2123 pondere
949 2048 996 2123 (ut
1017 2053 1046 2107 in
1068 2055 1139 2109 libro
1158 2056 1378 2115 destellanora
1400 2050 1509 2125 scripsi)
1609 2090 1615 2098 ·

142 2134 196 2188 boc
215 2140 268 2197 est,
291 2132 320 2186 in
341 2138 473 2202 quantum
494 2137 559 2185 sunt
580 2132 712 2201 praedita
734 2133 871 2187 facultate
893 2133 1030 2188 renitendi
1053 2135 1139 2189 motui
1157 2135 1331 2189 extrinsecus
1354 2133 1434 2189 illato
1459 2150 1510 2205 pro

143 2214 214 2268 mole
237 2212 358 2282 corporis
382 2219 413 2267 et
434 2211 573 2265 densitate
597 2212 741 2267 materiae.
782 2214 853 2268 Nam
869 2213 936 2285 quia
957 2214 1043 2268 omnis
1058 2215 1178 2270 materia
1201 2217 1236 2269 ad
1259 2215 1378 2285 quietem
1392 2213 1510 2269 inclinat

142 2294 172 2347 in
184 2294 246 2347 loco
259 2292 309 2347 illo
323 2293 351 2346 in
366 2309 420 2362 quo
434 2299 479 2345 est
493 2290 557 2357 (nisi
571 2308 671 2363 corpus
686 2292 804 2347 vicinum
817 2294 844 2346 ri
858 2294 1019 2365 magnetica
1032 2294 1111 2349 illam
1126 2297 1161 2348 sd
1176 2312 1205 2348 se
1216 2291 1345 2360 alliciat),
1361 2295 1424 2349 hine
1439 2295 1509 2348 adeo

143 2374 183 2437 lit,
197 2379 229 2426 ιιι
243 2373 332 2426 virtus
346 2371 419 2426 Solis
432 2370 551 2426 motoria
571 2378 680 2443 pugnet
694 2389 755 2427 cum
777 2373 830 2427 hac
844 2373 947 2428 inertia
965 2375 1109 2439 materiae,
1134 2375 1205 2429 sieut
1225 2376 1253 2429 in
1275 2375 1357 2430 lance
1380 2383 1510 2446 pugnant

144 2456 197 2508 duo
218 2454 351 2524 pondera,
373 2469 465 2523 exque
489 2458 669 2522 utrarumque
683 2452 781 2507 virium
802 2453 982 2524 proportione
1005 2456 1116 2509 tandem
1139 2461 1287 2510 enascatur
1309 2454 1439 2508 celeritas
1463 2453 1509 2508 vel

144 2533 264 2589 tarditas
287 2532 429 2603 planetae.
471 2530 541 2601 Vide
563 2530 792 2586 introductionem
814 2534 843 2587 in
866 2533 1016 2588 Commeat.
1041 2535 1149 2600 llartis,
1171 2542 1202 2590 et
1224 2536 1287 2605 ipsa
1307 2533 1511 2590 Commentario

144 2613 262 2685 passim
285 2611 435 2682 praecipue
456 2628 522 2666 vero
545 2611 645 2667 librum
668 2612 715 2666 lV.
736 2613 879 2683 Epitomes
901 2614 1106 2670 astronomiae.

224 2693 321 2763 Neque
345 2698 437 2746 tamen
460 2710 498 2746 ex
521 2709 554 2745 eo
577 2692 716 2763 sequitur,
745 2695 817 2763 quod
840 2693 885 2747 bic
908 2711 959 2764 per
983 2694 1083 2749 iaistuu
1105 2693 1345 2749 ratiocinationem
1368 2694 1510 2748 amolitum

145 2774 228 2837 ibam,
250 2771 347 2827 dubios
373 2778 403 2826 et
424 2772 580 2826 titubantes
602 2771 716 2826 motoris
730 2789 843 2843 gressus
858 2773 938 2837 effici,
961 2774 984 2827 si
998 2775 1111 2829 laborat
1132 2774 1159 2827 in
1177 2776 1308 2844 pondere,
1329 2774 1467 2844 vincitque
1481 2773 1510 2827 in

145 2868 251 2926 pugna
292 2853 363 2907 Nam
377 2859 458 2906 certa
472 2859 503 2906 et
516 2858 647 2906 constans
662 2858 707 2905 est
728 2852 870 2922 proportio
884 2853 981 2907 virium
1004 2846 1120 2915 interae
1140 2863 1327 2924 utrarumque,
1351 2859 1381 2906 et
1393 2853 1511 2907 victoria

146 2933 295 3005 partibilis,
316 2949 367 3002 pro
381 2932 480 2988 virium
494 2932 618 2994 modulo;
640 2938 673 2986 ut
686 2949 775 3002 neque
789 2933 907 3002 planeta
919 2934 947 2987 in
962 2934 1056 2987 eodem
1070 2934 1189 2991 baereat
1202 2934 1272 2997 loco,
1287 2950 1376 3003 neque
1393 2932 1510 2986 rotatio·

146 3014 188 3068 nis
202 3012 308 3068 Solaris
322 3013 494 3067 celeritatem
509 3018 685 3083 assequatur.
718 3016 856 3083 (Compara
874 3034 930 3070 cam
947 3019 987 3070 his
1005 3034 1069 3085 quse
1089 3019 1239 3085 Gopernicus
1258 3020 1290 3070 de
1307 3021 1431 3085 gravitate
1450 3019 1511 3071 dixit

145 3094 171 3142 ιιι
191 3090 294 3151 ,asna
314 3090 474 3141 coelestium‘⁴
494 3089 536 3140 lib.
557 3089 583 3148 1,
603 3104 659 3154 cap.
679 3086 718 3150 b.)

227 3160 261 3235 g)
282 3164 438 3218 Manifestis
453 3162 650 3235 experimentis
669 3163 722 3216 boe
741 3163 842 3217 auum
856 3164 1078 3233 deprehenditur.
1119 3165 1246 3219 Pondera
1263 3163 1377 3218 seorsim
1396 3162 1507 3227 ferrum,

149 3245 262 3299 seorsim
275 3250 305 3298 et
318 3252 488 3317 magnetem
510 3245 613 3314 collige
626 3244 751 3314 pondera
764 3243 792 3298 in
805 3258 889 3297 unam
903 3261 1042 3299 summam
1085 3226 1280 3315 Suspendatur'
1294 3245 1391 3298 deinde
1406 3244 1508 3297 ferrum

148 3331 312 3397 smagnete
325 3324 353 3378 ri
376 3324 427 3379 illc
450 3323 594 3387 invisibili;
618 3339 734 3396 magnes
756 3341 822 3378 vero
846 3330 975 3379 nectatur
997 3342 1016 3379 a
1038 3326 1118 3380 lance
1140 3331 1190 3378 aut
1208 3324 1367 3394 injiciatur,
1380 3325 1446 3394 quia
1467 3323 1509 3377 ris

147 3412 274 3476 permeat
287 3406 404 3469 lancem,
429 3405 453 3458 si
467 3421 521 3459 non
535 3404 573 3458 sit
586 3405 692 3459 ferrea:
714 3404 829 3468 ridebis,
849 3412 1017 3477 magnetem,
1041 3407 1104 3460 dum
1118 3412 1183 3460 actu
1196 3412 1275 3459 tenet
1289 3410 1440 3459 attractum
1455 3405 1510 3457 fer·

147 3504 215 3550 rum,
240 3502 329 3557 aeque
353 3486 569 3555 ponderatorum
594 3484 727 3555 utrisque,
749 3485 826 3555 prius
850 3487 886 3540 ab
910 3486 1025 3541 invicem
1049 3486 1196 3556 separatis.

86 3623 94 3630 ,
228 3563 260 3633 ιι)
297 3566 359 3620 Non
389 3564 532 3637 equidem,
567 3567 638 3635 quod
670 3564 790 3619 influxus
818 3566 953 3621 coelestes
985 3566 1130 3639 indigeant
1162 3566 1258 3637 aliqua
1288 3564 1423 3629 materia,
1456 3580 1513 3634 qua

149 3648 184 3701 ad
206 3662 256 3700 nos
282 3645 472 3707 derebantnr;
496 3645 597 3700 falsum
624 3645 696 3698 enirn
720 3652 764 3699 est
786 3645 855 3700 illud
877 3647 1055 3709 Aristotelis,
1079 3653 1146 3702 aare
1170 3663 1239 3717 opus
1261 3663 1323 3700 esse
1347 3646 1381 3698 ad
1407 3644 1512 3699 sensio·

149 3743 210 3781 nem
233 3725 356 3796 corporis
376 3725 482 3780 Solaris
505 3726 748 3795 transportandam
771 3741 858 3794 usque
882 3728 917 3779 ad
941 3728 1058 3791 oculum
1083 3734 1115 3781 ιιι
1137 3728 1165 3781 in
1181 3726 1286 3797 Opticis
1310 3725 1511 3779 demonstravi:

150 3807 216 3878 quin
233 3806 342 3877 potius,
373 3822 426 3877 quc
455 3804 544 3859 minus
565 3803 684 3859 occurrit
713 3804 847 3859 materiae
875 3804 904 3859 in
924 3806 1022 3861 itinere
1043 3808 1145 3871 medio,
1175 3807 1228 3859 boc
1257 3806 1344 3860 minus
1366 3806 1513 3875 impeditur

149 3888 200 3941 lux
220 3885 249 3940 in
270 3886 434 3955 traiectione
456 3901 516 3940 sua
557 3886 618 3939 Hoc
638 3885 726 3956 igitur
751 3884 804 3938 sibi
823 3885 922 3939 volunt
946 3887 1002 3939 ista
1025 3889 1128 3941 rerba:
1160 3885 1231 3939 sicut
1252 3902 1368 3955 corpora
1388 3903 1443 3939 non
1463 3885 1512 3938 im·

149 3966 273 4038 pedani,
295 3983 349 4037 quo
369 3965 457 4020 minus
478 3965 598 4020 inllums
620 3965 755 4019 coelestes
776 3964 805 4018 in
826 3963 924 4019 intima
944 3973 1099 4037 penetrent,
1122 3966 1161 4019 sic
1175 3965 1259 4020 etiam
1278 3965 1410 4020 motoriaa
1424 3964 1512 4018 facul·
1576 3958 1580 3961 ’

150 4053 226 4102 tates
247 4064 303 4101 non
322 4046 448 4117 indigere
470 4046 630 4116 corporibus
651 4045 790 4116 aliquibus
811 4044 986 4110 intermediis,
1009 4046 1107 4117 quibus
1129 4045 1215 4100 veluti
1236 4045 1343 4100 catenis
1365 4052 1415 4098 aut
1427 4043 1513 4098 vecti-

150 4129 203 4182 bus
225 4127 361 4181 morenda
379 4125 557 4196 planetarum
578 4142 696 4197 corpora
714 4125 898 4196 prehendant.
939 4125 1047 4179 Ludere
1068 4125 1176 4198 placuit
1195 4125 1224 4180 iu
1246 4142 1313 4179 voce
1335 4125 1408 4180 atris
1428 4124 1514 4195 paulo

151 4207 294 4264 audacius.
338 4207 409 4268 Quid
430 4205 503 4260 orbis
525 4206 571 4260 rel
593 4206 719 4260 coelum?
761 4205 831 4268 Quid
852 4204 904 4259 nisi
926 4210 995 4259 aer?
1036 4207 1075 4261 Et
1096 4207 1160 4277 quid
1181 4210 1249 4260 aeri
1285 4206 1355 4269 Quid
1376 4205 1429 4259 nisi
1450 4221 1513 4274 spe·

151 4287 207 4342 cies
236 4286 424 4342 immateriata
452 4286 589 4356 eorporis,
622 4288 692 4358 quod
717 4292 821 4367 motum
852 4285 975 4354 planetis
996 4285 1096 4351 infert,
1126 4286 1154 4340 in
1180 4286 1330 4357 gyratione
1355 4286 1513 4339 versantis?

151 4367 238 4438 Atqui
258 4367 381 4438 seposito
406 4367 471 4421 lusu
494 4368 675 4420 concedamus
702 4372 795 4421 aerem
819 4373 943 4420 nostrrim
964 4382 1026 4420 esse
1047 4382 1146 4437 corpus
1168 4366 1357 4430 materiatum,
1388 4380 1513 4436 permea-

152 4448 208 4502 bile
230 4463 249 4503 a
269 4447 452 4503 facultatibus
473 4445 652 4518 magnetisis,
682 4446 818 4510 meteriis,
850 4446 1050 4511 calefactoriis,
1082 4446 1285 4501 illuminatoriis
1315 4453 1345 4499 et
1364 4445 1513 4500 similibus:

152 4538 184 4582 ut
204 4527 242 4583 sit
262 4545 352 4599 sapor
381 4545 436 4583 non
466 4534 527 4582 toto
555 4543 661 4599 genere
681 4526 818 4581 diversum
848 4527 885 4583 ab
906 4531 985 4591 aare,
1017 4529 1064 4581 sed
1086 4527 1187 4581 saltem
1216 4528 1358 4597 gradubus
1380 4523 1515 4580 crassitiei

98 4674 101 4678 Δ
152 4608 297 4664 distinctus
319 4624 338 4664 a
358 4608 528 4662 circumfusis
549 4608 623 4661 aeris
644 4606 759 4677 campis.

803 4805 835 4811 ‚0-
848 4800 928 4813 —u—-A
