3814 5818
398 330 465 401 250
947 333 1070 400 Ae⁰¹⁰r³⁸
1090 328 1226 397 rythmi!

400 497 469 559 fidei
493 502 670 568 auctorest,
691 494 949 577 anththagoras
965 496 1001 557 de
1027 496 1130 558 ordine
1155 495 1353 578 sphaerarum
1376 495 1421 556 ita
1444 492 1570 569 censuit,
1595 500 1629 556 nt
1650 493 1759 557 Ptole-

398 606 511 659 maeus,
535 585 623 666 idque
648 582 713 647 200
737 583 823 647 aunis
847 591 917 647 aute
941 585 971 647 id
996 593 1124 665 tempus,
1149 585 1227 667 quod
1250 586 1355 647 harum
1373 582 1585 667 hypothesium
1599 582 1679 644 ortui
1703 583 1759 645 de-

399 676 502 756 signat
515 674 623 737 Ursus.
669 673 712 736 Et
734 673 765 735 id
789 680 847 744 est,
872 675 950 755 quod
963 675 1045 737 Ptol.
1060 675 1183 754 Almag.
1200 674 1252 737 lib.
1269 674 1324 736 IX.
1347 693 1414 754 cap.
1434 673 1463 736 1.
1486 672 1598 747 innuit,
1618 690 1685 734 cum
1704 672 1758 749 ait,

398 763 527 835 orbesQ
552 772 583 825 et
606 765 628 840 ζὶ
651 762 693 824 ab
718 763 1001 844 antiquioribus
1025 764 1143 844 quidem
1161 765 1365 846 (Pythagora)
1389 761 1445 824 sub
1461 761 1571 836 Solari,
1597 761 1757 842 aquibus-

398 853 466 915 dam
479 871 552 913 vero
564 852 785 932 posterioribus
800 851 981 928 (Heraclito,
997 853 1134 925 Platone,
1149 851 1285 928 Eudoxo,
1306 852 1491 925 Aristotele)
1513 866 1606 930 snpra
1620 848 1759 912 Solarem

397 942 584 1003 collocatos:
618 948 650 1002 et
677 941 803 1022 denique
830 948 966 1003 veterum
998 942 1182 1004 sententiam
1208 951 1244 1004 ut
1273 942 1370 1021 magis
1397 940 1585 1021 probabilem
1613 939 1758 1018 sequitur,
1833 958 1836 961 ·

397 1049 513 1111 negans
544 1030 620 1093 certi
648 1030 717 1111 quid
747 1050 785 1093 ex
809 1030 995 1093 astronomia
1022 1032 1071 1093 hic
1094 1031 1199 1093 haberi
1226 1048 1327 1112 posse.
1374 1028 1471 1105 Quid,
1506 1029 1585 1111 qnod
1606 1027 1759 1091 Patricius

398 1121 554 1183 Zoroastri
570 1120 695 1192 Persae,
719 1120 768 1199 qni
791 1119 895 1182 multis
919 1120 1029 1182 seculis
1051 1119 1257 1203 Pythagoram
1281 1119 1457 1193 antecessit,
1480 1118 1607 1179 eandem
1630 1124 1757 1179 senteu-

276 1212 284 1218 ”
396 1208 471 1271 tiam
503 1208 631 1283 tribnat,
656 1228 694 1269 ex
722 1208 780 1270 his*
794 1210 860 1288 ejus
885 1208 1001 1271 verbis:
1033 1205 1066 1282 ἐξ
1087 1209 1179 1279 arkes
1201 1204 1344 1286 ὖπεςησεν
1364 1208 1471 1281 (aliter
1492 1204 1525 1279 ἐξ
1544 1206 1757 1285 impenetrata

396 1294 505 1371 ζωσας)
528 1293 657 1376 ἕβδομον
678 1293 741 1376 hiae
764 1299 994 1376 mosndolqoua
1019 1320 1087 1377 nvp.
1135 1296 1168 1359 Si
1193 1296 1247 1360 Sol
1274 1298 1304 1358 in
1328 1297 1426 1358 medio
1450 1296 1638 1376 planetarum
1652 1289 1755 1368 (Ter-

398 1406 463 1449 ram
485 1404 592 1465 nempe
615 1386 694 1448 idem
719 1387 881 1449 Zoroaster
904 1386 934 1447 in
958 1407 993 1448 eo
1017 1385 1130 1461 medio,
1156 1388 1235 1468 quod
1258 1394 1393 1448 centmm
1417 1394 1474 1460 est,
1500 1385 1659 1459 collocat),
1684 1402 1756 1463 ergo

399 1475 424 1546 Q
445 1486 476 1537 et
500 1479 523 1553 ζξ
543 1475 625 1537 intra
648 1474 751 1538 Solem
775 1484 870 1537 eruut.
919 1473 1053 1556 Cumque
1076 1476 1268 1557 Pythagoras
1291 1496 1310 1536 a
1333 1475 1469 1536 Zabraco
1488 1473 1627 1555 Assyrio,
1652 1471 1757 1552 gentili

396 1564 552 1626 Zoroastri
582 1564 731 1636 (Patricio
759 1566 922 1639 referente,
957 1574 1029 1646 puto
1059 1584 1095 1626 er
1122 1564 1245 1636 Proclo)
1278 1564 1356 1626 hanc
1385 1562 1567 1625 sententiam
1599 1560 1755 1623 hauserit:

394 1651 527 1715 ordinem
556 1653 634 1715 hunc
665 1653 798 1716 indidem
826 1654 964 1716 hausisse
998 1653 1162 1716 verisimile
1193 1660 1256 1715 est.
1312 1651 1459 1724 Quamvis
1495 1651 1545 1730 qni
1578 1660 1650 1730 post
1681 1650 1755 1712 cirea·

395 1749 466 1804 sunt
488 1741 708 1824 Pythagoram,
736 1742 815 1804 hunc
838 1744 980 1829 magistri
1003 1742 1049 1805 sui
1072 1742 1205 1804 ordinem
1229 1742 1436 1804 deseruerunt.
1483 1740 1532 1803 Illi
1555 1757 1698 1820 namque,
1722 1746 1757 1801 nt

393 1831 485 1910 paulo
508 1837 581 1909 post
601 1830 787 1910 probabitur,
811 1832 938 1893 eandem
960 1840 1123 1893 tenuerunt
1145 1830 1182 1891 de
1205 1830 1307 1894 mundi
1331 1831 1427 1892 forma
1451 1829 1634 1909 opinionem,
1668 1828 1756 1908 longe

392 1926 465 1981 ants
488 1918 698 1995 Aristotelem,
724 1938 813 2000 qnam
835 1928 906 2000 post
928 1920 1126 1982 Aristotelem
1150 1920 1236 1983 annis
1255 1917 1299 1983 50
1321 1918 1377 1981 sub
1398 1920 1575 1981 Ptolemaeo
1598 1916 1756 1979 Philadel-

393 2008 454 2087 phn
484 2007 683 2069 Aristarchus
713 2007 850 2084 Samius,
885 2017 917 2069 et
949 2018 1053 2070 nostra
1083 2016 1185 2071 aetate
1209 2007 1408 2088 Copemicus,
1443 2007 1508 2088 qui,
1543 2014 1577 2069 ut
1609 2006 1686 2068 haec
1719 2024 1757 2067 ex

396 2096 565 2158 Aristotele
589 2104 621 2158 et
643 2096 808 2159 Plutarcho
832 2098 869 2159 de
891 2097 1113 2180 Pythagoraois
1136 2105 1169 2159 ct
1190 2116 1230 2159 ex
1243 2093 1426 2160 Archimede
1450 2096 1486 2158 de
1501 2094 1682 2158 Aristarcho
1705 2094 1756 2155 in-

327 2228 335 2249 1
394 2184 533 2261 telligere
555 2203 724 2264 possemus,
749 2185 971 2248 inventionibus
992 2186 1057 2248 anis
1078 2187 1192 2248 effecit.
1233 2184 1306 2258 'Quo
1329 2187 1395 2247 loco
1418 2186 1498 2247 alter
1518 2184 1591 2247 Ursi
1612 2202 1700 2245 error
1718 2202 1755 2245 se

393 2272 505 2357 prodit,
531 2275 580 2352 qui
600 2268 874 2354 Goperuicanarum
887 2275 1098 2358 hypothesium
1121 2276 1265 2356 originem
1274 2276 1408 2357 primam
1421 2273 1755 2337 adsumamu-

394 2362 464 2436 fert,
489 2381 564 2442 qnae
587 2363 681 2424 multo
701 2372 749 2425 est
772 2364 932 2445 antiquior.

482 2450 530 2513 Ac
554 2452 591 2512 de
613 2452 751 2514 Philoleo
776 2452 895 2532 quidem
916 2453 1134 2536 Pythagorico,
1159 2451 1209 2534 qui
1232 2450 1348 2513 medius
1370 2450 1428 2513 fuit
1451 2449 1651 2514 Aristotelem
1675 2449 1754 2513 inter

394 2547 426 2602 et
446 2538 653 2621 Pythagoram
685 2541 857 2622 primusque
879 2542 1083 2627 Pythagorica
1106 2540 1261 2622 vulgavit,
1294 2559 1361 2603 cnm
1390 2548 1482 2602 antea
1510 2539 1568 2601 nisi
1591 2560 1610 2600 a
1632 2539 1752 2621 Pytha-

393 2628 503 2709 goricis
526 2628 600 2709 ipsis
614 2630 836 2709 ignorarentur,
861 2632 898 2693 de
923 2651 958 2693 eo
981 2630 1074 2710 igitur
1097 2650 1155 2692 nou
1179 2637 1296 2693 tantum
1320 2630 1445 2692 obscure
1467 2626 1609 2691 Laertius
1632 2628 1754 2702 asserit,

286 2746 290 2753 ¹
393 2718 527 2780 sensisse
550 2718 674 2780 Terram
694 2721 785 2799 juxta
807 2720 1101 2801 primumcirculnm
1126 2718 1277 2797 ¹(intellige
1301 2716 1356 2781 snb
1379 2718 1519 2792 zodiaco)
1543 2716 1673 2786 moveri,
1699 2717 1754 2779 sed

392 2807 486 2868 multo
510 2807 676 2870 clarissime
691 2808 881 2886 Plutarchus,
907 2812 992 2890 cujus
1014 2809 1108 2870 rerba
1131 2826 1197 2870 cum
1212 2805 1398 2887 Oopernicus
1420 2807 1486 2886 ipse
1509 2807 1539 2868 in
1563 2805 1753 2886 praefatione

393 2895 492 2976 operis
516 2895 560 2957 sui
584 2898 729 2976 posuerit,
754 2897 861 2961 mirum
880 2900 1040 2962 admodum
1064 2906 1123 2971 est,
1138 2918 1185 2963 ea
1207 2916 1265 2957 non
1279 2895 1392 2976 legisse
1408 2896 1530 2968 Ursum,
1555 2896 1605 2976 qui
1623 2893 1753 2957 lectione

393 2982 552 3064 Copemici
575 2987 667 3049 toties
692 2994 724 3049 et
746 2995 905 3068 tantopere
929 2989 1089 3068 gloriatur,
1119 3004 1243 3066 eamque
1266 2984 1409 3047 omissam
1432 2985 1500 3046 aliis
1523 2984 1672 3046 immerito
1697 3002 1753 3044 err-

391 3075 525 3155 probrat
571 3074 696 3137 Terram
721 3076 784 3138 vult
806 3077 962 3139 Philolaus
986 3077 1064 3157 apud
1086 3075 1283 3137 ⁴Plutarchum
1312 3073 1341 3134 in
1365 3073 1508 3135 circulum
1531 3073 1645 3134 moveri
1673 3073 1754 3135 circa

392 3164 492 3240 ignem
506 3163 658 3243 (intellige
674 3162 791 3238 Solem)
816 3166 871 3227 sub
886 3165 1009 3227 zodiaco
1024 3165 1054 3225 in
1068 3182 1180 3225 morem
1204 3162 1285 3226 Solis
1300 3171 1332 3225 et
1347 3162 1459 3234 Lunae,
1483 3162 1668 3225 Aristoteles
1681 3180 1754 3223 vero

392 3250 444 3311 lib.
470 3251 510 3312 11.
539 3251 577 3311 de
600 3253 684 3313 coelo
713 3270 779 3332 cap.
808 3249 858 3316 13.
887 3254 924 3314 de
947 3253 1168 3335 Pythagoraeis
1196 3253 1225 3314 iu
1255 3268 1364 3332 genere
1394 3250 1455 3313 sic:
1492 3252 1532 3327 „ii
1557 3251 1606 3330 qui
1629 3250 1753 3311 Italiam

392 3338 535 3413 incolunt,
562 3338 611 3419 qui
633 3340 725 3401 iidem
743 3340 948 3421 Pythagoraei
972 3348 1127 3416 vocantur,
1151 3341 1181 3402 in
1205 3341 1303 3403 medio
1326 3340 1424 3420 ignem
1449 3332 1664 3402 esse'dicunt“
1690 3339 1754 3410 (hic

392 3423 495 3487 Solem
514 3426 662 3507 intellige,
686 3448 756 3490 uam
779 3438 811 3490 et
834 3430 946 3492 Thales
969 3428 1105 3503 Jonicae,
1131 3438 1161 3491 et
1176 3431 1367 3512 Pythagoras
1390 3430 1519 3491 Italicae
1539 3427 1754 3508 philosophiae

392 3513 541 3594 principes
571 3516 750 3578 occultanda
778 3519 868 3599 vulgo
902 3538 1025 3581 suasere
1052 3517 1265 3600 pldlosophiae
1289 3518 1465 3600 mysteria),
1501 3518 1645 3594 „Terram
1666 3535 1752 3591 rero,

392 3620 468 3681 quae
493 3603 533 3665 sit
556 3623 645 3666 unum
667 3613 816 3671 astrorum
841 3608 1061 3687 (planetarum)
1084 3617 1167 3670 motu
1190 3627 1254 3682 suo,
1280 3626 1337 3687 quo
1356 3606 1468 3668 circum
1482 3606 1612 3668 medinm
1627 3606 1753 3681 feratur,
1778 3632 1788 3647 ν

392 3699 498 3753 noctes
521 3699 554 3753 et
577 3693 641 3755 dies
665 3688 815 3758 elicere.“
863 3694 920 3759 Hic
943 3697 1128 3760 Aristoteles
1156 3717 1215 3759 non
1238 3695 1315 3758 bene
1342 3695 1479 3776 percepit
1501 3713 1602 3757 eorum
1626 3702 1752 3758 senteu-

391 3780 480 3855 tiam,
514 3792 568 3844 aut
594 3791 676 3846 certe
706 3785 844 3848 delemus
872 3795 937 3861 est,
967 3805 1055 3867 quern
1087 3786 1131 3848 sic
1158 3786 1304 3847 restituo:
1338 3785 1568 3845 Terram‘motu
1591 3803 1659 3859 sno,
1695 3801 1752 3863 qno

393 3868 503 3932 circum
525 3872 655 3936 medinm
679 3874 805 3950 feratur,
830 3892 954 3950 annum,
980 3892 1037 3954 qno
1062 3895 1133 3937 vero
1157 3875 1238 3937 eirca
1261 3891 1346 3935 snum
1370 3888 1472 3948 axem,
1503 3882 1608 3935 noctes
1631 3881 1664 3934 et
1687 3871 1752 3933 dies

391 3957 521 4021 efficere.
566 3960 687 4041 Pergit:
725 3973 904 4043 „praeterea
936 3964 1028 4027 aliam
1055 3964 1179 4026 Terram
1212 3962 1396 4024 contrariam
1425 3960 1625 4035 fabricantur,
1660 3978 1751 4042 qnam

343 4132 346 4137 .
390 4044 538 4130 auxes,
560 4052 701 4113 vocant‘*
748 4052 814 4115 Hac
837 4071 911 4115 voce
935 4054 1053 4117 Lunam
1075 4052 1255 4133 significant,
1279 4058 1442 4130 propterea
1465 4050 1544 4130 quod
1566 4068 1635 4111 cum
1654 4049 1753 4110 Terra

391 4135 497 4199 eodem
529 4138 600 4199 orbe
630 4139 870 4204 circumvehatur
906 4150 938 4204 et
968 4149 1094 4224 propter
1125 4141 1237 4202 multas
1265 4140 1331 4218 ejus
1359 4157 1425 4200 cnm
1453 4139 1548 4199 Terra
1578 4155 1752 4213 communes

392 4223 576 4299 affectiones,
601 4226 638 4288 de
662 4229 768 4308 quibus
789 4237 944 4293 testantur
967 4229 1069 4312 optici.
1115 4228 1300 4292 Aristoteles
1314 4245 1396 4302 vero,
1421 4226 1470 4306 qui
1494 4228 1549 4288 hoc
1569 4246 1626 4288 uon
1647 4227 1751 4306 capie-

387 4312 454 4389 bat,
479 4314 697 4379 absurditatem
721 4318 889 4381 sententiae
913 4321 1063 4382 ominatos
1087 4318 1217 4397 subjicit,
1242 4317 1344 4398 „quod
1361 4334 1426 4377 non
1446 4324 1595 4396 quaerant
1616 4314 1752 4378 rationes

387 4408 423 4462 et
444 4416 567 4478 causas,
601 4404 640 4467 ad
663 4426 700 4468 ea
723 4422 799 4488 quae
828 4416 977 4488 apparent
1002 4405 1158 4469 reddenda
1185 4415 1217 4468 et
1244 4403 1420 4479 efficienda,
1451 4404 1506 4466 sed
1537 4405 1576 4466 ad
1599 4422 1750 4485 praecon-

392 4498 498 4569 ceptae
523 4512 595 4555 suas
618 4497 766 4574 quasdam
789 4496 945 4577 opiniones
960 4506 1001 4559 et
1021 4493 1270 4559 ratiocinationes
1292 4495 1361 4574 ipsa
1380 4494 1588 4574 phaenomena
1602 4493 1752 4554 violenter

388 4581 618 4643 ‘accommodent
642 4590 674 4645 et
697 4584 856 4646 conciliare
879 4583 1059 4663 conantur.“
1102 4582 1182 4646 Esse
1197 4593 1296 4647 antem
1311 4580 1646 4664 iguem'Pythagoraeis
1659 4579 1750 4655 idem,

393 4664 477 4748 qnod
490 4668 615 4745 Solem,
645 4688 681 4732 ex
705 4674 890 4751 argumentis
913 4666 1017 4736 eorum
1040 4681 1182 4751 apparet,
1215 4691 1290 4753 quae
1315 4671 1358 4732 sic
1381 4670 1522 4750 proponit
1544 4669 1749 4735 Arimomles:

392 4755 510 4831 „rideri
533 4777 604 4845 uero
628 4761 726 4838 possit
749 4762 851 4824 multis
874 4762 967 4825 etiam
991 4762 1074 4834 aliis,
1103 4780 1161 4823 uon
1192 4761 1323 4823 dandum
1346 4759 1458 4821 Terrae
1488 4761 1586 4822 lunum
1608 4758 1750 4833 medium,

386 4846 419 4907 nl
436 4846 686 4926 panormitan
708 4842 848 4931 nuquam
875 4866 936 4913 unu
959 4868 997 4913 ex
1018 4851 1251 4932 apparentibus,
1284 4849 1339 4911 sed
1365 4868 1405 4911 ex
1428 4848 1596 4911 saionibus
1617 4854 1749 4929 *captare
