3786 5808
412 424 451 491 16
618 466 622 475 .
1001 424 1165 479 mmm.

407 604 554 648 merorum
577 586 767 661 concordent,
792 586 933 665 exiguam
956 596 988 651 et
1009 587 1214 651 insensibilem
1231 586 1362 651 existere
1377 589 1576 653 differentiam
1588 589 1617 651 in
1631 590 1747 653 arcubus

408 674 542 748 zodiaci,
577 692 699 754 quorum
729 674 830 754 gratia
852 673 934 737 sinus
958 686 990 739 et
1012 677 1176 740 distantiae
1198 678 1401 758 exquimntnr.
1446 674 1749 743 uceticensem

408 783 511 826 arcum
535 757 691 839 35⁰*16‘,
728 765 782 827 sed
810 759 962 829 5831967
991 766 1067 829 lacit
1099 785 1200 829 arcum
1227 761 1290 832 35ο
1311 764 1381 841 40’,
1412 767 1472 830 din
1501 765 1563 844 243
1594 767 1683 849 igitur
1706 767 1748 830 hic

408 847 531 928 58464,
555 871 662 933 nempe
685 847 706 916 6
729 853 792 916 iere
815 853 968 934 myriades
990 856 1140 919 unitatum
1161 856 1193 919 in
1215 856 1334 919 sinuum
1355 856 1526 921 differentia
1547 876 1606 921 uon
1628 857 1750 920 efficiunt

408 941 559 1005 dimidium
582 942 707 1022 gradum
726 942 756 1004 in
771 943 910 1005 arcobus.

497 1029 613 1093 Deinde
637 1030 664 1092 si
686 1030 833 1112 fingamus
856 1032 979 1106 saltem,
1011 1031 1087 1094 haec
1110 1050 1179 1095 esse
1201 1031 1375 1110 verissima,
1405 1052 1482 1115 quae
1510 1035 1547 1098 de
1569 1032 1748 1116 proportione

408 1138 563 1200 corporum
585 1120 616 1181 in
640 1119 789 1183 coelomm
813 1120 1008 1200 dispositione
1033 1121 1196 1199 observata
1218 1122 1297 1184 dixi:
1321 1143 1381 1185 non
1403 1124 1551 1187 mehercle
1574 1122 1679 1203 injuris
1699 1142 1748 1183 ve-

408 1210 563 1271 hementer
585 1208 651 1290 quis
673 1209 774 1272 mirari
796 1216 917 1291 posset,
945 1207 1143 1289 Oopemicom
1170 1218 1235 1274 tam
1260 1231 1353 1294 prope
1381 1212 1549 1276 necessisse
1576 1212 1616 1275 ad
1637 1211 1680 1274 rei
1701 1229 1749 1273 ve·

407 1299 537 1360 ritatem.

496 1386 576 1447 Nam
599 1384 729 1447 artifices
753 1385 913 1449 distantias
937 1385 1051 1448 orbium
1075 1404 1113 1449 ex
1140 1392 1403 1470 npooduqcspaoss
1424 1388 1548 1470 ἅπογυῳ
1576 1388 1695 1470 capiunt
1721 1396 1750 1449 et

408 1482 593 1555 computant.
638 1474 741 1555 Atque
764 1493 822 1537 non
845 1476 943 1538 solum
966 1475 1098 1538 lubricus
1122 1484 1154 1539 et
1175 1477 1306 1539 difficilis
1329 1487 1378 1540 est
1399 1479 1505 1542 modus
1529 1472 1634 1542 ad'eas
1647 1496 1748 1559 perve-

407 1564 507 1627 niendi
526 1583 580 1645 per
603 1563 772 1626 diuturnam
796 1564 1046 1640 observationem,
1070 1565 1125 1626 sed
1149 1566 1242 1628 etiarn
1264 1567 1348 1647 ipsae
1372 1568 1522 1630 interdum
1544 1576 1677 1630 veterum
1698 1567 1748 1628 ob-

407 1654 609 1729 servationes,
633 1653 739 1735 quibus
763 1672 817 1715 cen
841 1653 1041 1716 laudamentis
1063 1653 1246 1718 recentiores
1270 1656 1326 1718 niti
1349 1656 1475 1730 debent,
1498 1676 1518 1719 a
1540 1657 1668 1720 verimte
1690 1655 1749 1717 dis·

407 1750 542 1824 crepant,
565 1761 620 1804 uec
644 1741 762 1804 omniuo
785 1743 972 1805 certissimae
995 1750 1075 1805 sont

495 1829 584 1902 Quod
607 1830 697 1912 igitur
720 1831 833 1894 numeri
856 1831 886 1894 in
909 1830 1093 1893 Mercurio
1117 1830 1275 1907 dissident,
1299 1833 1487 1897 excusationi
1500 1832 1587 1896 nobis
1605 1850 1672 1895 esse
1684 1838 1750 1913 pot·

328 1948 334 1959 ¹
407 1929 456 1984 est
477 1920 635 2000 multiplex
657 1921 799 1999 planetae
821 1920 955 1983 venetas
979 1926 1011 1982 et
1032 1920 1164 1982 maxima
1187 1920 1252 2001 ejus
1266 1921 1446 1985 observandi
1462 1922 1634 1998 difficultas,
1657 1929 1690 1985 nt
1706 1918 1750 2001 qui

407 2029 475 2073 raro
500 2009 658 2070 admodum
680 2008 820 2072 cernitur.
868 2007 960 2089 (Cap.
983 2007 1104 2084 XVII.)

496 2098 600 2160 Etiam
622 2097 696 2159 illud
720 2098 900 2160 astronomis
924 2098 1143 2161 aestimandum
1165 2097 1313 2180 relinquo,
1343 2107 1442 2162 utrum
1468 2117 1525 2161 non
1554 2099 1584 2163 in
1613 2100 1668 2162 hoc
1689 2099 1752 2179 pla-

409 2196 481 2250 neta
503 2205 647 2266 vaporum
671 2186 822 2248 densitate
845 2195 878 2249 et
899 2187 1026 2268 physica
1047 2187 1205 2267 parallaxi,
1229 2207 1317 2269 qoam
1339 2207 1395 2250 uec
1419 2188 1473 2251 Sol
1495 2208 1551 2251 nec
1574 2189 1661 2251 Luna
1682 2188 1751 2250 effu·

409 2278 464 2358 git,
488 2277 637 2339 interdum
661 2274 813 2338 fallantur.
859 2277 938 2339 Nam
961 2276 1020 2338 etsi
1043 2277 1193 2340 interdum
1216 2276 1263 2339 hic
1286 2277 1411 2358 planeta
1425 2297 1441 2340 e
1456 2278 1551 2340 radiis
1565 2276 1647 2341 Solis
1661 2296 1751 2340 emer·

408 2368 471 2445 git,
505 2384 656 2446 nunquam
686 2372 789 2427 tamen
816 2365 876 2427 uisi
906 2383 998 2445 prope
1030 2365 1214 2428 horizontem
1241 2385 1296 2446 per
1322 2367 1513 2448 interjectam
1537 2365 1752 2431 exhalationem

411 2456 528 2536 copiam
551 2461 654 2517 nostro
676 2454 713 2515 'se
736 2453 813 2516 visui
835 2461 1022 2533 praesentat

502 2542 589 2615 Quod
613 2550 712 2605 antem
735 2543 766 2606 iu
788 2544 907 2606 Marte
930 2543 1021 2605 etiam
1044 2562 1102 2605 non
1126 2543 1344 2606 contemnenda
1357 2551 1407 2605 est
1419 2543 1593 2621 diversitas,
1617 2542 1688 2606 nihil
1700 2540 1753 2603 mi·

414 2652 497 2704 ruru,
519 2652 575 2694 nec
597 2651 645 2695 me
667 2641 786 2707 movet;
819 2640 954 2694 moverat
974 2632 1093 2712 potius,
1122 2632 1150 2694 si
1171 2632 1255 2694 nulla
1277 2640 1369 2695 esset.
1415 2632 1542 2697 Memini
1564 2652 1689 2714 namque
1711 2648 1753 2693 me

415 2745 434 2785 a
456 2742 522 2784 meo
545 2730 739 2803 praeceptore
761 2721 923 2787 Maestlino
947 2721 1096 2796 audiisse,
1120 2720 1228 2784 sideris
1251 2721 1337 2803 hujus
1361 2741 1477 2784 errores
1500 2743 1521 2784 a
1543 2722 1659 2786 calculo
1681 2722 1754 2784 iutra

414 2811 435 2875 2
458 2814 639 2891 integrorum
658 2811 803 2892 madunm
821 2810 979 2890 angustias
998 2811 1065 2891 cogi
1083 2828 1142 2873 non
1160 2828 1262 2890 posse.
1309 2810 1402 2890 (Cap.
1426 2809 1564 2888 XVHI.)

501 2903 548 2964 At
569 2900 714 2982 objicias,
747 2898 942 2963 Saturnum
974 2899 1094 2963 nimium
1121 2899 1304 2981 discrepare.
1350 2897 1431 2970 Quid
1464 2900 1511 2962 hic
1535 2900 1649 2982 agam?
1683 2899 1754 2962 Num

413 2992 484 3072 quid
506 2990 661 3053 convictus
683 2989 772 3052 snm?
795 2989 918 3052 Minime
932 3007 1013 3053 vero.
1060 2989 1140 3065 Nam
1161 2989 1241 3052 sicut
1262 2988 1368 3070 iugens
1392 2988 1457 3069 ejus
1481 2988 1629 3061 distantia
1651 2986 1754 3050 sacilli-

412 3100 493 3143 mam
515 3080 609 3144 errori
631 3098 754 3142 causam
776 3079 902 3159 praebet
923 3078 954 3142 in
976 3078 1205 3141 observatione:
1229 3077 1273 3139 sic
1297 3097 1379 3141 error
1400 3078 1430 3141 in
1446 3077 1601 3154 distantia,
1626 3075 1754 3160 quamvis

413 3171 590 3245 luculentus,
614 3169 752 3248 exiguam
774 3176 806 3230 et
828 3167 966 3249 opinione
990 3167 1132 3230 minorem
1147 3165 1240 3229 efficit
1257 3166 1288 3229 in
1302 3174 1384 3229 motu
1397 3167 1486 3249 inque
1503 3172 1756 3249 npocdapcrpsos

414 3259 632 3323 diversitatem.
677 3257 720 3320 Et
750 3264 851 3319 tamen
874 3275 969 3336 neque
992 3254 1080 3335 hujus
1104 3254 1211 3318 sideris
1233 3264 1332 3319 motus
1354 3256 1521 3319 certissime
1544 3257 1671 3321 dimensi
1693 3261 1757 3319 snut

414 3348 597 3410 astronomi:
621 3346 670 3408 vel
692 3345 759 3407 sola
780 3345 946 3425 praeterita
968 3343 1066 3406 hieme
1088 3361 1210 3407 cernere
1233 3351 1310 3407 erat.
1346 3344 1427 3407 Nam
1448 3346 1497 3407 die
1519 3343 1774 3411 2.12.Nor.a.·

417 3433 504 3500 1594
524 3436 608 3498 nens
631 3442 681 3496 est
702 3442 809 3496 exacte
831 3433 911 3495 inter
934 3432 1081 3495 cervicem
1107 3440 1141 3495 et
1166 3450 1219 3495 cor
1245 3432 1355 3509 leonis,
1388 3433 1440 3497 nhi
1466 3454 1534 3498 esse
1557 3436 1689 3500 debebat
1709 3452 1756 3495 se·

414 3524 542 3588 cundum
565 3523 711 3587 calculum
734 3523 765 3585 d.
789 3519 843 3584 21.
869 3518 921 3585 31.
938 3520 1008 3585 Oct
1031 3519 1205 3602 praeterita
1250 3521 1429 3586 Differentia
1442 3524 1523 3605 long.
1539 3521 1603 3600 37¹,
1629 3526 1684 3587 lat
1698 3518 1756 3589 20⁴.
1847 3604 1848 3609 ἵ

414 3615 482 3697 plus
505 3614 613 3676 mnus.
661 3609 750 3685 Quod
772 3611 799 3673 si
821 3609 903 3673 intra
925 3610 1003 3673 huuc
1025 3611 1183 3673 terminum
1204 3611 1404 3692 permanserit
1427 3612 1492 3693 ejus
1510 3621 1611 3677 motos
1629 3617 1758 3693 correcte

414 3704 501 3766 modo
522 3702 677 3778 distantia,
702 3699 881 3764 existimabo
895 3699 1013 3762 abunde
1031 3698 1223 3763 satisfactum
1237 3701 1301 3787 lore
1315 3701 1504 3767 asnonomis.
1551 3701 1645 3783 (Cap.
1659 3699 1757 3772 xlx)
1805 3768 1807 3777 ,
1847 3720 1848 3743 ³

503 3790 584 3864 Quid
597 3792 623 3853 si
636 3810 708 3854 vero
719 3789 882 3853 astronomi
896 3789 952 3851 hoc
965 3789 1060 3870 adjuti
1070 3789 1256 3853 theoremate
1270 3789 1301 3852 iu
1314 3790 1498 3854 correctione
1513 3800 1647 3856 motuum
1660 3792 1690 3854 in
1705 3807 1759 3870 qua

412 3883 528 3965 pridem
551 3882 700 3944 desudant
721 3878 849 3961 posthac
872 3877 988 3941 felicius
1011 3897 1137 3960 pergere
1158 3878 1297 3960 possint?
1322 3880 1428 3960 Neque
1447 3879 1503 3943 hoc
1517 3881 1594 3943 adeo
1608 3879 1758 3943 ridiculam

414 3980 462 4035 est
484 3971 593 4046 dicere,
615 3989 685 4033 narn
708 3970 736 4032 si
757 3968 862 4031 haberi
883 3976 990 4048 posset
1010 3967 1118 4032 similis
1141 3967 1400 4031 eccentricitatum
1422 3968 1509 4044 ratio,
1536 3969 1656 4050 qualem
1676 3968 1758 4031 vide-

412 4080 479 4124 mus
502 4079 570 4123 esse
593 4060 622 4122 in
647 4058 810 4135 distantiis,
833 4058 973 4120 confecta
994 4076 1044 4120 res
1067 4063 1150 4119 esset
1168 4065 1201 4119 et
1221 4057 1346 4120 cuilibet
1358 4056 1457 4120 obvia
1503 4057 1585 4121 Nam
1599 4059 1676 4121 adeo
1689 4075 1758 4120 con·

414 4152 532 4213 cinnum
554 4149 627 4212 mihi
648 4148 768 4211 videtur
789 4147 846 4210 hoc
870 4146 906 4208 de
929 4146 1102 4226 corporibus
1124 4147 1295 4227 negotium,
1327 4154 1363 4209 ut
1391 4146 1529 4228 quicquid
1557 4147 1656 4211 adhuc
1678 4147 1760 4210 deest

414 4240 452 4303 ad
475 4248 607 4302 motumn
629 4246 767 4301 exactam
789 4235 1008 4316 cognitionem,
1043 4253 1129 4298 omne
1155 4235 1186 4297 in
1210 4234 1466 4298 eccentricitatom
1493 4235 1570 4298 vitia
1601 4236 1758 4300 conferam

413 4328 561 4410 Imprimis
594 4328 732 4390 idoneam
759 4325 827 4388 hnic
856 4325 900 4388 rei
923 4343 1031 4387 censeo
1055 4323 1208 4386 Martialis
1231 4324 1464 4388 eccentricitatis
1492 4325 1759 4405 amplificationem,

415 4437 492 4499 quae
514 4418 577 4481 heri
599 4424 704 4499 posset
726 4434 780 4497 per
801 4433 926 4494 parvom
949 4413 1102 4477 circellum
1126 4414 1264 4494 (propter
1286 4414 1388 4476 varios
1410 4414 1520 4477 Martis
1548 4417 1679 4489 errores)
1710 4415 1760 4475 aot

415 4508 677 4588 quomodocunque
701 4506 799 4568 aliter.
844 4504 924 4567 Nam
945 4504 1033 4567 Jovis
1057 4504 1098 4564 ad
1113 4503 1250 4577 Martem,
1276 4504 1387 4567 Terrae
1409 4503 1450 4565 ad
1468 4503 1620 4566 Venerem
1636 4518 1759 4585 propur-

414 4597 457 4658 tio
482 4596 587 4658 eadem
610 4614 686 4677 qnae
708 4595 738 4656 iu
762 4593 953 4673 corporibus,
987 4590 1119 4668 indicat,
1152 4592 1183 4654 in
1206 4592 1335 4654 maxima
1359 4592 1506 4669 Veneris,
1539 4591 1645 4655 intima
1666 4589 1761 4661 Jovis,

414 4686 488 4747 item
509 4685 539 4747 in
563 4694 630 4747 tota
652 4685 762 4746 Terrae
787 4682 1010 4744 eccentricitate
1034 4699 1093 4742 nou
1116 4681 1161 4743 ita
1175 4682 1263 4744 facile
1277 4682 1347 4762 qnid
1361 4682 1469 4744 mutari
1482 4700 1582 4763 posse.
1629 4680 1762 4743 Videant

415 4774 524 4849 etiam,
559 4773 665 4856 quibus
684 4781 732 4834 est
755 4770 861 4845 otium,
896 4778 994 4833 utrum
1017 4788 1075 4831 oon
1099 4777 1202 4832 cetera
1223 4789 1365 4851 corpora,
1382 4789 1465 4848 ‘quae
1488 4770 1605 4851 species
1628 4770 1760 4832 dicemus

414 4864 523 4928 sortita
545 4871 624 4939 sunt,
649 4861 838 4926 occasionem
861 4860 1027 4941 praebeant
1047 4856 1111 4923 suis
1134 4860 1308 4923 differentiis
1336 4868 1368 4921 st
1391 4860 1429 4921 de
1452 4858 1710 4924 eccentrioitstum
1732 4862 1761 4919 et
