3872 5836
429 359 493 444 33⁹8
849 377 950 427 Literae
968 378 1071 443 Kapisri
1089 378 1239 443 morumque
1257 386 1359 429 mutuae

429 540 481 590 dies
501 535 552 588 tto
571 506 715 599 dispartitur
733 543 759 585 et
777 536 885 586 latenter
902 551 929 586 ss
947 538 1080 588 immiscet
1118 537 1182 588 Puto
1201 538 1368 588 astronomica
1386 536 1551 587 lundomeuta
1567 537 1615 587 boc
1633 551 1683 586 non
1697 537 1786 587 adnit-
1871 589 1882 603 ,

428 619 490 661 tere.
527 608 604 671 Cupio
623 615 692 656 tuum
708 608 827 669 judicium
846 608 939 658 andire.

517 681 723 759 Keplerus:
769 680 802 740 Iu
827 680 1002 759 quaestione
1028 679 1063 739 de
1088 680 1201 741 amissa
1234 680 1281 739 dio
1313 699 1402 741 evocas
1431 699 1478 740 me
1501 678 1671 758 promiscue
1695 680 1787 741 etiam

429 770 466 831 od
490 769 610 830 calceos
634 769 847 845 extergendos,
882 769 965 847 prius
995 788 1040 829 ruo
1069 768 1184 847 poculis
1214 769 1404 830 adhibueras.
1452 766 1531 839 Quid
1556 767 1615 831 tibi
1640 767 1688 829 liic
1713 787 1788 848 opus

430 868 477 920 est
500 877 567 918 mea
590 856 792 937 responsione,
820 858 849 917 in
874 877 913 930 re,
941 876 1031 937 quam
1054 858 1118 936 ipse
1142 858 1257 918 calles?
1294 858 1513 937 Navigationes
1538 856 1606 918 illas
1631 876 1689 917 uon
1713 857 1787 936 legi;

429 947 519 1009 miror
543 946 655 1006 nullom
679 947 770 1006 talem
795 946 986 1007 mentionem.
1025 945 1131 1008 Nonne
1157 947 1185 1006 in
1200 946 1278 1007 Asia
1302 944 1355 1008 Sol
1380 947 1469 1008 citius
1493 945 1587 1008 oritur
1611 956 1643 1007 et
1667 946 1786 1021 occidit,

430 1054 518 1116 quam
544 1035 622 1114 apud
647 1034 723 1093 rsus?

501 1123 687 1172 Fabricius:
719 1120 859 1180 Quaeritur,
879 1134 912 1170 en
931 1120 1036 1185 physica
1054 1134 1133 1171 causa
1150 1122 1219 1171 reddi
1237 1123 1333 1186 possit,
1353 1122 1416 1186 qood
1436 1120 1591 1171 metallorum
1613 1122 1719 1171 fossores
1741 1123 1787 1170 rir-

429 1194 580 1260 gulaaurea
608 1189 781 1252 (Haselruthe)
811 1193 863 1240 auri
883 1193 921 1242 vel
950 1193 1048 1256 argenti
1066 1194 1173 1243 mineras
1193 1191 1338 1256 explorent?
1374 1192 1427 1257 Ego
1447 1208 1477 1240 ex
1490 1190 1581 1241 diaboli
1594 1192 1649 1240 lusu
1667 1200 1788 1256 etsuper·

431 1267 531 1314 stitione
549 1264 675 1313 homiuum
702 1263 728 1312 id
747 1265 803 1310 oriri
821 1269 889 1326 puto.
926 1262 968 1312 Sic
988 1262 1053 1326 quod
1071 1278 1148 1327 sagae
1177 1273 1312 1314 accusatas
1339 1279 1383 1327 per
1401 1277 1493 1327 aquam
1521 1263 1691 1326 explorantnr;
1721 1264 1791 1313 nulla

430 1337 536 1400 physica
554 1349 632 1385 causa
651 1334 704 1382 dari
722 1341 813 1397 potest.
851 1334 892 1382 Sic
911 1334 962 1382 ridi
980 1335 1041 1381 meis
1060 1335 1137 1382 oculis
1157 1334 1232 1398 (quod
1252 1336 1313 1384 alias
1332 1350 1382 1384 non
1401 1332 1570 1394 credidissem)
1590 1334 1655 1399 quod
1672 1332 1788 1384 Noriber·

431 1408 515 1473 gensis
534 1406 634 1469 qnidam
652 1404 692 1454 bic
710 1420 754 1468 per
771 1410 865 1453 motum
884 1405 955 1455 cribri
974 1404 1108 1465 exploravit
1126 1406 1212 1454 iurem.

517 1478 715 1554 Keplerus:
757 1477 916 1555 Virgulam
939 1485 1022 1536 tuam
1047 1476 1177 1537 divinam
1202 1486 1233 1537 et
1247 1475 1431 1555 praestigias
1455 1476 1509 1537 tibi
1525 1477 1654 1549 habeas;
1679 1495 1787 1537 asseu-

431 1567 490 1629 tior
519 1568 619 1645 plane.
665 1565 765 1626 Multa
793 1565 821 1626 iu
852 1571 962 1625 nature
990 1563 1107 1643 quidem
1136 1567 1268 1640 occulta,
1307 1565 1370 1626 tale
1396 1584 1466 1625 vero
1497 1565 1569 1625 nihil
1598 1565 1788 1644 inopertam

432 1656 595 1735 prolatum,
621 1654 699 1734 quod
722 1653 859 1714 naturale
884 1653 941 1714 sit:
965 1654 1143 1731 praesertim
1169 1654 1236 1734 quio
1260 1653 1289 1713 vi
1313 1653 1470 1714 verberum
1494 1653 1662 1714 efficiuntur
1685 1656 1753 1714 ista.

501 1761 695 1809 Fabricius·
728 1758 785 1818 Qua
803 1760 899 1808 ratione
917 1759 1038 1808 radicalis
1060 1760 1133 1823 sigua
1155 1759 1251 1808 urbium
1274 1764 1300 1807 et
1322 1760 1450 1822 regionum
1469 1752 1643 1822 inquiruntur?
1680 1757 1789 1809 Dubium

430 1846 480 1882 nou
500 1838 547 1888 est,
568 1834 640 1896 signa
659 1836 685 1880 et
702 1831 784 1880 sidera
802 1832 923 1893 respicere
942 1830 1038 1893 aliquas
1056 1832 1169 1894 regiones
1187 1831 1274 1892 majori
1292 1832 1388 1879 virtutis
1406 1830 1508 1883 influxu,
1526 1844 1600 1893 quam
1618 1828 1691 1878 alias.

520 1902 721 1982 Keplerus:
765 1900 860 1980 Sigus
883 1900 1005 1963 urbibus
1028 1904 1149 1980 propria
1171 1919 1266 1980 neg0;
1297 1920 1373 1981 quse
1397 1910 1468 1962 suut
1491 1900 1631 1975 urbibus,
1656 1908 1728 1962 sunt
1750 1900 1788 1961 ob
1828 1962 1833 1969 ,

432 2010 520 2071 reges
544 2000 576 2052 et
599 1991 710 2051 multos
734 1990 889 2068 primates,
915 2007 1018 2067 regum
1042 1991 1164 2064 amicos,
1191 1992 1218 2049 in
1244 2008 1301 2051 uuo
1326 1990 1426 2069 aliquo
1450 1989 1684 2051 consentientes.

504 2078 690 2128 Fabricius:
721 2077 794 2127 Unde
812 2077 890 2129 habes
908 2077 1012 2143 genesin
1031 2076 1083 2141 Sig.
1103 2077 1224 2128 Bathorii

519 2150 719 2229 Keplerus:
744 2149 872 2212 Bathori
887 2148 1010 2227 genesin
1024 2149 1096 2210 mihi
1107 2148 1293 2228 Capitaneus
1308 2146 1428 2229 Styriae
1444 2148 1688 2221 Herbersteuius,
1704 2147 1787 2227 jussu
1860 2138 1869 2153 Χ

431 2239 558 2301 illustris
582 2256 729 2317 personae
759 2241 827 2307 (aut
850 2235 956 2298 matris
980 2238 1172 2311 archiducum
1196 2245 1248 2298 aut
1272 2237 1449 2314 repudiatae
1471 2235 1630 2318 principis)
1659 2235 1787 2298 tradidit

429 2327 669 2390 examinandam.
688 2357 726 2370 -
748 2327 807 2388 Pro
822 2326 1033 2387 observatione
1058 2324 1111 2390 29.
1126 2327 1195 2387 Jau.
1214 2322 1309 2387 1603.
1327 2323 1371 2405 (r.
1392 2347 1417 2386 a.
1434 2346 1462 2406 p.
1480 2322 1559 2398 323)
1579 2325 1697 2403 gratias
1716 2342 1784 2403 ago.

500 2433 668 2483 Fabricius
687 2431 763 2481 literis
783 2426 819 2495 [d.
840 2432 863 2480 d.
880 2428 911 2480 lt
935 2429 1002 2493 (24.)
1015 2432 1090 2482 Mart..
1112 2426 1202 2496 1603J,
1224 2446 1237 2481 e
1256 2432 1342 2496 quibus
1361 2433 1491 2494 sequentia
1509 2430 1680 2488 desumsimus,
1699 2430 1787 2479 eodem

429 2504 468 2554 die
488 2504 549 2553 alias
569 2503 679 2563 eddidit,
700 2510 725 2552 et
736 2505 803 2566 ipsas
822 2503 1006 2565 quaestionibus
1022 2497 1142 2559 refertas,
1163 2504 1195 2551 ad
1214 2517 1275 2566 quas
1294 2501 1417 2565 Keplerus
1435 2502 1473 2550 his
1491 2509 1589 2551 tantum
1606 2503 1788 2566 interrumpens

428 2577 579 2624 orationem:
601 2574 648 2631 ,ad
667 2574 722 2623 illas
743 2572 784 2622 ll.
804 2572 889 2623 Martii
907 2574 1036 2637 geminas⁸¹
1057 2573 1225 2637 responditis
1245 2573 1331 2622 iisdem
1349 2572 1426 2622 literis
1445 2574 1468 2622 d.
1488 2573 1511 2623 d.
1533 2570 1557 2620 4.
1575 2572 1642 2622 lulii.

499 2647 683 2696 Fabricius:
715 2645 800 2694 Habes
819 2646 859 2694 hic
878 2646 1036 2709 quaestiones
1049 2645 1180 2695 nonnullas
1194 2645 1265 2701 alias,
1284 2646 1309 2693 in
1321 2645 1439 2707 prioribus
1453 2645 1568 2693 omissas:
1589 2643 1656 2704 Quid
1668 2645 1699 2694 ds
1717 2657 1786 2709 geo·

427 2718 553 2768 mantia
567 2716 684 2778 judicael

515 2788 715 2867 Keplerus:
760 2785 835 2848 Cum
860 2786 1032 2866 geomantia
1051 2790 1173 2848 lacesse
1201 2786 1239 2847 ed
1265 2786 1411 2866 virgulam
1440 2785 1586 2861 divinam;
1616 2786 1687 2847 nihil
1715 2783 1785 2865 legi,

427 2877 484 2940 uisi
509 2895 585 2958 quae
608 2875 639 2937 J.
663 2876 783 2938 Fortius
807 2868 1040 2955 Ringelbergius
1064 2875 1222 2938 furibundo
1245 2874 1363 2936 calamo
1387 2875 1533 2936 exaravit

497 2983 680 3033 Fabricius:
707 2982 749 3032 De
766 2980 918 3046 quadratura
936 2982 1020 3033 circuli
1037 2982 1125 3033 dubius
1143 2997 1207 3040 sum,
1226 2981 1286 3046 quid
1302 2981 1416 3031 utilitatis
1435 2980 1512 3032 inde?
1766 3046 1770 3057 .

514 3054 720 3133 Keplerus:
759 3053 877 3116 Nesoiri
901 3074 969 3116 eam
991 3053 1176 3129 necessario,
1212 3062 1332 3132 repetes
1356 3072 1393 3113 ex
1415 3053 1565 3131 prioribus
1590 3052 1703 3126 literis,
1737 3052 1786 3113 ubi

425 3143 682 3225 comparationem
718 3143 797 3204 inter
829 3143 992 3205 rationalia
1025 3151 1057 3204 et
1079 3142 1269 3205 irrationalia
1296 3143 1415 3204 cossice
1438 3152 1469 3203 et
1492 3140 1635 3203 circulum
1659 3140 1786 3204 institui.

427 3234 551 3296 Nullum
576 3251 660 3293 usum
684 3231 781 3291 video.

498 3337 685 3386 Fabricius:
710 3335 844 3385 Rationem
863 3335 1055 3386 directionis
1074 3337 1099 3384 in
1119 3334 1192 3385 Luna
1208 3336 1284 3386 latius
1303 3336 1453 3400 explicatam
1472 3335 1553 3386 velim·

514 3407 717 3485 Keplerus:
752 3405 786 3468 Si
801 3407 888 3466 Luna
911 3415 1030 3467 careret
1052 3409 1172 3486 proprio
1197 3418 1289 3482 motu,
1313 3417 1485 3470 moveretur
1498 3418 1598 3468 tamen
1624 3424 1718 3486 aeque
1733 3424 1786 3467 ce-

430 3496 532 3557 leriter
556 3495 631 3570 Soli,
656 3513 829 3575 quocunque
853 3495 920 3556 loco
943 3495 985 3555 sit
1008 3496 1069 3557 sita
1093 3495 1266 3576 quiescens:
1291 3496 1362 3576 quia
1385 3496 1451 3575 ejus
1475 3495 1556 3557 orbis
1580 3495 1787 3557 circumfertur

429 3584 580 3656 aTerra,
618 3583 704 3663 cujus
734 3593 833 3647 motus
858 3582 939 3645 Solis
963 3592 1077 3646 motum
1101 3595 1320 3664 repraesentat.
1366 3585 1437 3647 Jam
1461 3585 1543 3659 dico,
1573 3603 1649 3665 quae
1673 3584 1786 3644 Terrae

428 3684 550 3735 nostrae
565 3673 672 3733 matris
687 3683 770 3734 ructu
786 3681 972 3749 mereantur,
998 3674 1176 3753 significare,
1202 3674 1324 3754 reliqua,
1352 3693 1427 3753 quae
1442 3672 1572 3754 proprio,
1598 3672 1785 3752 promittere.

431 3764 517 3824 Luua
540 3772 666 3842 utroque
691 3762 899 3836 communicat,
924 3763 1076 3841 siguificat
1099 3763 1190 3843 igitur
1214 3773 1247 3825 et
1264 3764 1423 3843 promittit
1461 3762 1668 3842 Significatrix
1685 3761 1784 3841 igitur,

427 3863 460 3913 ut
488 3862 554 3925 est,
589 3843 746 3931 dirigerida
774 3851 913 3926 omniuo,
938 3861 970 3913 et
992 3852 1020 3912 id
1045 3862 1125 3914 motu
1152 3851 1252 3925 Solis,
1277 3862 1342 3914 tam
1364 3852 1473 3913 celeris
1497 3851 1636 3929 estejns
1661 3850 1786 3911 directio

429 3961 516 4021 quam
541 3939 621 4002 Solis
651 3949 682 4001 et
714 3940 742 4001 iu
772 3940 915 4020 ecliptica
944 3950 976 4003 ut
1007 3942 1066 4003 ille.
1114 3940 1148 4002 Si
1178 3940 1249 4021 quid
1277 3941 1358 4003 aliud
1383 3941 1505 4020 scripsi,
1539 3941 1618 4020 quod
1642 3937 1787 4018 explicari

428 4030 521 4107 cupis,
546 4030 576 4090 id
600 4028 723 4090 excidit.

356 4118 360 4121 ,
498 4117 681 4236 pfl-‘igme
709 4117 786 4180 Cupio
805 4119 877 4175 seire,
898 4117 956 4182 quid
975 4123 1002 4166 tu
1015 4117 1046 4166 do
1059 4119 1162 4181 spectris
1175 4119 1309 4173 nocturnis,
1329 4131 1509 4182 campanamm
1520 4116 1640 4181 pulsibus,
1659 4116 1787 4166 nocturnis

428 4202 548 4252 OXSOqulS
564 4205 591 4250 Ju
619 4202 675 4236 008.

517 4260 722 4338 Keplerus:
761 4258 846 4319 Haec
879 4261 917 4319 ad
951 4259 1156 4339 geomantiam
1190 4266 1220 4320 et
1252 4258 1400 4339 virgulam
1433 4260 1574 4321 divinam.
1622 4257 1787 4333 Geuiorum

429 4366 503 4427 opus
528 4357 598 4409 sunt
621 4347 674 4408 illa
696 4355 847 4425 portenta,
872 4348 898 4408 si
922 4348 1001 4429 quod
1024 4349 1163 4409 naturale
1188 4348 1255 4420 (seu
1281 4351 1380 4429 quasi)
1406 4368 1480 4429 opus
1504 4357 1583 4409 suut.
1628 4346 1786 4409 Exercebo

428 4440 529 4497 tamen
554 4447 585 4499 te
608 4436 752 4497 vicissim.
793 4436 874 4497 Fieri
899 4437 1078 4498 monitiones
1103 4455 1156 4515 per
1181 4437 1306 4511 somnia,
1332 4439 1437 4518 negari
1451 4438 1563 4517 nequit.
1602 4436 1647 4498 At
1669 4438 1786 4498 somnia

384 4534 390 4579 Ξ
429 4525 530 4604 liguris
555 4535 588 4586 et
610 4524 706 4604 tropis
730 4533 873 4587 coustant
897 4527 1054 4587 oratoriis:
1070 4544 1226 4606 quaenam
1250 4527 1325 4587 haec
1349 4536 1458 4589 natura
1481 4535 1544 4599 est,
1569 4544 1645 4605 quae
1668 4526 1782 4588 verita-

430 4622 493 4674 tem
516 4616 631 4676 tutelae
656 4634 748 4675 ceusa
770 4614 916 4689 insinuat,
950 4633 1008 4675 uou
1032 4613 1146 4675 directe
1171 4616 1335 4693 proponit,
1354 4616 1408 4676 sed
1431 4634 1486 4694 per
1509 4614 1673 4693 ambages?
1718 4614 1785 4676 Huc

428 4702 508 4764 euim
531 4704 654 4765 taudem
677 4703 786 4765 recidit
813 4710 845 4765 et
875 4711 943 4765 tuus
967 4720 1131 4781 campanae
1155 4706 1268 4782 pulsus.
1314 4704 1485 4766 Mirabileru
1518 4711 1670 4778 naturam,
1709 4722 1786 4784 quae

430 4791 519 4853 aliter
542 4792 697 4854 uobiscum
720 4792 871 4873 colloquia
894 4794 1011 4871 agitare
1035 4801 1067 4852 et
1090 4793 1269 4855 commercia
1292 4812 1349 4852 nou
1373 4802 1486 4873 potest,
1513 4792 1572 4854 uisi
1595 4793 1707 4854 talibus
1727 4812 1783 4853 uu-

430 4882 526 4945 tibusi
547 4968 549 4971 ¹
571 4882 615 4947 Et
641 4881 692 4962 qui
719 4882 768 4957 lit,
802 4889 836 4943 ut
863 4882 918 4944 bos
944 4888 1036 4945 uuus
1064 4881 1176 4943 edant?
1222 4880 1285 4944 Cur
1313 4899 1371 4942 uon
1396 4883 1504 4945 eadem
1526 4900 1618 4964 opera
1642 4901 1730 4944 seros
1753 4892 1787 4943 et
