3814 5818
413 356 480 424 m
957 352 1081 418 ΔΜίῑ
1097 351 1221 416 hmani·

413 517 496 583 Solis
513 518 554 579 ad
576 517 689 578 Luna
702 513 937 594 proportionem,
961 528 1038 592 quae
1060 518 1111 575 est
1133 508 1230 586 921,
1254 511 1469 576 Aristarchum
1481 530 1564 589 raro,
1589 514 1640 595 qni
1662 513 1772 578 eadam

412 626 480 670 cum
502 605 640 669 Philotae
661 602 809 684 principia
830 602 1030 682 sequabatur,
1054 600 1162 672 aliam,
1185 618 1231 663 sc.
1257 601 1319 663 lere
1342 610 1493 680 quaeest
1513 603 1593 666 inter
1615 601 1654 666 et
1683 611 1716 666 et
1742 601 1771 667 l.

412 694 551 767 Quormu
570 693 645 755 illud
668 694 756 771 longe
780 698 829 753 est
852 711 871 751 a
893 691 1024 755 veritate
1048 689 1192 765 alienum,
1216 689 1274 753 hoc
1296 691 1324 752 ei
1346 691 1524 769 proximum.
1570 692 1679 771 Itaque
1704 711 1773 755 eam

414 783 540 865 quisque
562 781 705 861 priuatim
732 780 942 861 hypothesium
973 779 1124 843 rationem
1146 784 1196 843 est
1222 786 1358 853 secutus,
1392 796 1483 859 qaam
1505 780 1554 843 rel
1581 779 1773 860 praeceptori

415 891 470 935 suo
494 879 650 950 acceptam
675 869 761 941 tulit,
794 869 843 930 vel
866 868 1001 950 physicis
1023 866 1192 929 rationibus
1217 874 1452 933 censentaneam
1474 870 1607 941 censuit,
1637 869 1687 931 rel
1715 869 1773 931 de·

414 958 685 1025 monstratiomhus
709 956 772 1019 suis
795 955 985 1037 aptissimam
1009 963 1151 1036 expertus
1175 962 1237 1017 est:
1263 956 1346 1019 nulla
1367 975 1449 1032 vero,
1473 958 1518 1019 ita
1536 965 1571 1020 at
1583 956 1681 1020 Ursus
1695 956 1772 1030 rull,

415 1047 532 1130 publice
554 1046 684 1108 invaluit
706 1054 760 1107 aut
782 1046 948 1107 solenniter
970 1043 1143 1107 introducta
1165 1043 1225 1107 fuit
1246 1044 1457 1125 hypothesium
1478 1047 1584 1111 torna.

505 1135 635 1216 Jamque
670 1134 793 1196 tandem
817 1135 857 1196 ad
889 1134 1038 1195 celebrem
1067 1131 1153 1195 illum
1174 1131 1433 1197 Aristarchum
1463 1132 1622 1199 Samium
1651 1140 1774 1212 tompo-

415 1230 483 1289 rum
504 1224 577 1287 ordo
599 1242 656 1286 noe
679 1223 814 1298 deducit,
839 1224 924 1303 cujus
947 1241 1023 1302 quas
1045 1227 1185 1284 recenset
1206 1221 1406 1283 Archimedes
1429 1222 1631 1305 hypotheses,
1652 1221 1775 1303 Pyh—

416 1331 591 1396 goraeorum
616 1319 647 1373 et
670 1311 799 1373 Philolai
823 1328 938 1391 quoque
962 1309 1056 1372 fnisse
1080 1318 1152 1372 ante
1175 1309 1348 1379 Platonem,
1367 1311 1433 1389 jam
1456 1318 1510 1375 sat
1529 1310 1617 1375 nobis
1639 1317 1774 1373 mactat.

416 1401 667 1465 Aecommodavit
688 1400 739 1461 ille
764 1400 882 1481 quidem
905 1416 1074 1461 sermonem
1106 1417 1193 1460 suum
1216 1398 1543 1473 demonstrationibus,
1577 1408 1609 1463 et
1630 1397 1776 1461 circulum

415 1508 474 1572 que
497 1490 592 1552 Terra
617 1488 749 1550 volvitur
779 1489 855 1550 dixit
886 1506 953 1549 eam
985 1488 1097 1549 hahere
1131 1486 1354 1566 proportionem
1379 1488 1419 1549 ad
1440 1489 1534 1563 lixas,
1567 1506 1657 1567 quarn
1681 1486 1777 1550 habet

415 1587 551 1641 nentrum
564 1578 568 1585 '
582 1578 620 1639 ad
653 1576 933 1639 circumferentiam.
980 1574 1070 1647 Quod
1102 1574 1257 1654 explicans
1290 1576 1491 1641 Archimedes
1520 1576 1629 1639 iisdem
1660 1593 1776 1654 prope·

415 1668 533 1729 modum
554 1666 657 1728 serbis
680 1665 784 1740 utitur,
809 1666 914 1745 quibua
938 1684 1031 1745 snpra
1045 1663 1249 1745 Pythagoraei
1273 1683 1359 1726 suam
1378 1665 1459 1745 apud
1472 1664 1673 1729 Aristotelem
1686 1682 1776 1725 men·

414 1766 475 1819 tem
502 1755 746 1835 explicaverunt:
780 1754 859 1835 qnod
887 1753 1106 1834 deprehendet,
1141 1753 1191 1833 qui
1223 1753 1359 1815 uouierra
1391 1761 1519 1834 utraque
1541 1753 1634 1815 volet.
1680 1753 1777 1832 quue

413 1853 462 1909 est
484 1844 564 1925 quod
586 1852 673 1905 tanto
697 1844 794 1922 magis
819 1844 989 1917 coufirmat,
1023 1841 1102 1921 qnod
1125 1859 1216 1920 supra
1238 1841 1360 1921 saepius
1383 1841 1526 1905 iteratum
1549 1848 1616 1915 est,
1643 1841 1777 1905 ‘easdem

413 1934 548 2013 utrisque
572 1941 603 1993 et
625 1932 846 2013 Pythagoraeis
871 1940 903 1991 et
924 1930 1104 1993 Aristarcho
1129 1929 1223 1993 fuisse
1246 1930 1441 2011 hypotheses
1490 1929 1637 2002 Quanris
1660 1929 1776 1995 Archi·

413 2022 510 2085 medis
534 2021 571 2081 de
594 2020 766 2083 Aristarchi
798 2038 889 2081 sensu
910 2020 1086 2100 conjectura
1117 2018 1251 2080 nonnihil
1278 2019 1428 2099 impingit.
1473 2016 1552 2082 Vult
1574 2018 1778 2083 molluscae

414 2110 459 2175 sic
481 2108 709 2187 intelligendum
727 2108 947 2181 Aristarchum,
972 2127 1049 2187 quae
1072 2106 1114 2169 sit
1135 2107 1290 2187 proportio
1308 2108 1421 2171 Terrae
1443 2109 1484 2171 ad
1504 2108 1667 2187 sphaeram
1681 2105 1778 2181 Solis,

415 2196 543 2260 eandem
572 2215 641 2259 esee
663 2197 810 2277 sphaerae
834 2195 917 2259 Solis
941 2197 1010 2269 (seu
1032 2197 1160 2269 Terrae)
1193 2195 1233 2259 ad
1255 2197 1415 2276 sphaeram
1437 2197 1573 2261 isaram
1620 2196 1667 2259 At
1699 2195 1779 2259 haec

414 2287 514 2349 adhuc
535 2284 691 2364 proportio
713 2304 773 2346 non
791 2285 904 2347 sufficit
916 2284 1090 2348 Aristarchi
1103 2285 1421 2349 demonstrationibus.
1467 2286 1547 2348 Nam
1570 2283 1614 2347 ite
1636 2292 1687 2347 est
1701 2303 1778 2349 seu·

415 2375 501 2435 sibus
525 2372 801 2451 comprehensibilis
816 2374 928 2436 Terrae
951 2374 991 2436 ad
1012 2373 1174 2452 sphaeram
1188 2371 1271 2436 Solle
1289 2373 1453 2454 proportio,
1478 2381 1512 2435 ut
1528 2372 1701 2454 parsllariu
1713 2370 1779 2435 So·

414 2463 453 2525 lis
472 2462 663 2523 minutorum
691 2461 808 2542 aliquot
834 2463 957 2525 efficiat.
1014 2462 1153 2525 Totidem
1181 2461 1273 2541 igitur
1300 2461 1480 2527 minutorum
1505 2460 1674 2541 persliaala
1696 2461 1780 2527 inter

414 2552 493 2613 lixae
516 2557 550 2611 et
572 2549 733 2629 sphaeram
757 2570 816 2630 qua
835 2550 937 2615 Tellus
961 2550 1092 2614 volvitur
1113 2550 1325 2612 intercederet.
1371 2551 1417 2613 At
1434 2550 1631 2615 Aristarchus
1657 2568 1779 2615 omnem

414 2640 507 2719 plane
531 2655 652 2700 sensum
684 2639 834 2715 excludit,
867 2641 937 2703 dnm
964 2639 1112 2702 infinitam
1140 2639 1240 2719 quoad
1268 2656 1390 2701 sensmn
1419 2638 1645 2719 proportlonem
1676 2638 1778 2701 intre·

415 2727 509 2790 ducit.
558 2724 621 2788 Sed
653 2726 729 2788 haee
752 2727 861 2789 obiter.
905 2730 976 2791 Non
999 2736 1050 2789 est
1080 2734 1181 2791 autern
1203 2726 1335 2807 impunis
1362 2727 1502 2791 habenda
1525 2725 1596 2791 Ursi
1626 2726 1778 2795 dubitatio

415 2817 454 2877 de
477 2822 580 2877 aetate
613 2834 672 2894 qua
701 2815 811 2876 claruit
834 2816 1047 2888 Aristarchus,
1080 2834 1132 2890 ne,
1167 2815 1215 2896 qui
1248 2815 1349 2878 sciunt
1370 2816 1483 2879 Ursum
1515 2817 1608 2881 etiem
1638 2814 1778 2881 historiis

413 2920 539 2983 operam
562 2903 693 2977 dedisse,
717 2922 783 2965 cum
806 2906 873 2984 ipso
896 2905 974 2967 citra
997 2923 1118 2967 eausam
1141 2903 1338 2967 dubitandum
1361 2904 1418 2967 sihi
1438 2904 1622 2967 existiment.
1664 2902 1777 2978 Dubia
1834 2962 1842 2972 .
1902 2888 1903 2895 ¹

414 2993 547 3072 iuquam,
574 2991 668 3054 Ursus
693 2993 905 3056 Aristarchum
927 2993 1022 3056 reiert
1043 2992 1109 3056 sive
1132 2993 1188 3055 sub
1211 2992 1419 3055 Ptolemaeum
1441 2992 1686 3071 Philadelphum,
1710 2992 1779 3057 sire
1902 2994 1903 3015 ³

414 3078 470 3143 snb
495 3080 738 3143 Philometorem.
785 3081 991 3145 intolerabilis
1013 3081 1204 3155 incertitudo,
1229 3099 1296 3143 cum
1318 3080 1349 3144 hi
1372 3079 1502 3159 ireges
1528 3077 1591 3144 too
1615 3079 1703 3145 anuis
1725 3080 1778 3143 in·

414 3169 513 3231 vicem
545 3168 667 3229 distent
722 3169 768 3230 At
799 3169 899 3231 facilis
934 3171 1020 3232 labor
1051 3170 1128 3232 hanc
1160 3168 1379 3231 dubitationem
1416 3168 1553 3235 tollendi.
1604 3167 1779 3251 Syracusas

416 3255 604 3334 expugnarit
627 3255 800 3328 Marcellus,
827 3259 931 3318 consul
954 3257 1117 3331 manus,
1143 3277 1221 3319 anuo
1245 3254 1276 3321 9.
1302 3258 1468 3323 Ptolemaei
1490 3256 1715 3337 Philopatorisr
1739 3277 1780 3323 es
1902 3232 1903 3291 3

415 3344 447 3406 in
479 3343 701 3421 expugnatione
733 3342 932 3406 Archimedes
969 3344 1146 3407 interfectus
1180 3354 1235 3408 est
1292 3344 1423 3427 Scripsit
1452 3347 1545 3427 igitur
1575 3346 1712 3411 libellum
1738 3346 1778 3411 de

417 3448 527 3492 menae
551 3448 688 3502 numero,
719 3430 748 3492 in
774 3450 831 3511 que
856 3432 892 3494 de
916 3432 1087 3495 Aristarchi
1110 3433 1327 3516 hypothesibus
1358 3443 1480 3509 namet,
1513 3444 1585 3499 anto
1608 3431 1641 3499 9.
1664 3454 1777 3499 anuum
1902 3424 1903 3509 i

417 3516 638 3597 Philopatoris3
662 3525 694 3579 et
716 3519 795 3580 forte
817 3520 873 3582 suh
896 3520 984 3583 duem
1007 3521 1124 3600 imperii
1145 3521 1321 3602 Euergetis,
1337 3532 1437 3605 ‘quem
1459 3524 1595 3605 proxime
1617 3523 1777 3589 Philadel·
1902 3520 1903 3607 l

417 3606 495 3685 phus
519 3607 695 3668 antecessit.
741 3607 786 3668 At
799 3607 986 3689 Philopatori
1000 3610 1183 3691 Epiphanes,
1209 3621 1242 3674 et
1263 3612 1331 3676 huic
1355 3613 1473 3676 demum
1497 3613 1681 3677 Philometor
1705 3632 1777 3677 sue
1902 3628 1903 3675 1

415 3692 520 3757 cessit
567 3695 617 3757 Ita
630 3695 792 3771 coniicitur,
816 3696 1036 3774 Aristarchum,
1061 3702 1145 3782 cujus
1160 3700 1252 3765 libres
1266 3701 1466 3765 Archimedoe
1485 3702 1570 3780 legit,
1592 3701 1651 3763 sub
1665 3699 1775 3765 Phila·
1902 3742 1903 3763 1

417 3781 527 3864 delpho
542 3784 697 3857 claruisse,
718 3804 772 3847 nee
788 3786 852 3848 ulla
866 3805 960 3849 cansa
983 3788 1020 3850 de
1032 3789 1236 3852 Philometore
1258 3790 1443 3870 suspicandi.
1470 3790 1583 3853 meoet
1597 3788 1776 3855 historicam
1902 3854 1903 3865 ,

417 3871 672 3936 condrmmionem
686 3874 861 3937 historicus:
885 3877 992 3939 audiat
1010 3879 1244 3941 astronomicam
1257 3887 1465 3953 aeconomus.
1500 3877 1686 3942 Obseruauit
1698 3878 1776 3941 Ari-

415 3961 556 4023 starehus
590 3962 738 4024 aestivale
771 3963 934 4027 solstitium
969 3976 1091 4028 auctore
1122 3968 1312 4049 Hipparcho,
1347 3977 1381 4031 nt
1411 3968 1492 4032 Ptol.
1526 3969 1578 4031 ill.
1615 3966 1642 4030 1.
1671 3970 1775 4043 reret

417 4066 495 4110 auno
519 4046 573 4115 50.
597 4049 711 4128 primae
732 4051 848 4131 periodi
872 4052 1049 4135 Cellipicae.
1096 4057 1128 4119 Is
1151 4057 1209 4118 fult
1231 4076 1326 4120 annus
1349 4054 1381 4121 6.
1406 4056 1608 4137 Philadelphi.

508 4138 568 4200 Tot
596 4138 764 4202 nominibus
795 4143 826 4203 in
855 4141 980 4206 historia
1007 4163 1064 4206 sne
1095 4144 1261 4225 impingens
1289 4146 1386 4209 Ursus
1418 4145 1529 4209 malum
1557 4146 1679 4224 iusupm
1711 4144 1778 4224 agit

415 4226 612 4306 interpretem
634 4227 805 4292 Aristarchi
828 4237 861 4292 et
884 4228 1062 4312 Ooperniei,
1087 4242 1119 4295 et
1140 4234 1320 4317 imputatam
1343 4235 1411 4298 aliis
1433 4234 1463 4297 ln
1487 4232 1656 4315 soporatos
1678 4233 1774 4297 iutel-

417 4313 540 4394 ligendo
571 4314 750 4378 tarditatem
777 4317 805 4379 in
830 4337 863 4379 sa
886 4321 1048 4383 manifeste
1076 4323 1237 4385 transfert:
1271 4323 1354 4399 dum,
1387 4342 1476 4405 quam
1500 4322 1685 4403 Gepernious
1707 4321 1777 4387 axis

417 4403 541 4464 Terreni
565 4403 631 4483 (qui
646 4404 697 4465 axi
715 4406 943 4485 aequinoctialia
958 4411 1136 4489 respondet)
1160 4411 1387 4475 inclinab'onsur
1409 4415 1449 4476 ad
1471 4412 1594 4492 planum
1616 4411 1776 4491 eclipticas

417 4491 546 4566 statuit,
571 4491 654 4558 haue
672 4493 724 4554 illa
747 4495 936 4560 notationem
957 4498 1038 4563 inter
1059 4499 1215 4578 planetas,
1244 4501 1284 4563 ad
1306 4501 1404 4565 instar
1426 4501 1513 4565 naris
1536 4501 1567 4565 iu
1590 4498 1679 4575 mari,
1712 4500 1775 4579 ian

416 4578 448 4639 in
473 4596 611 4658 proram,
631 4580 695 4660 jam
717 4583 748 4644 ia
771 4583 894 4665 puppim
917 4585 1130 4662 incumbentis,
1163 4588 1391 4670 interpretatur.
1437 4590 1483 4653 At
1514 4597 1581 4653 toto
1603 4589 1688 4653 coelo
1712 4586 1777 4652 co-

417 4668 580 4745 pcmicauo
604 4669 733 4733 aberrat.
782 4672 861 4734 Nam
884 4673 943 4737 etsi
967 4675 1034 4737 axis
1049 4675 1160 4739 Terrae
1183 4677 1213 4740 in
1232 4678 1374 4742 solstitiis
1397 4678 1516 4743 inclinis
1530 4686 1581 4741 est
1602 4677 1643 4743 ad
1666 4677 1775 4741 liueeut

418 4774 434 4817 e
459 4753 586 4820 Seleia
609 4766 745 4821 centrum
760 4760 870 4824 Terrae
895 4763 1027 4836 ductam,
1049 4764 1079 4827 iu
1103 4766 1302 4847 aequinoctiis
1318 4784 1391 4831 vero
1413 4776 1513 4831 rectos
1536 4785 1602 4831 cum
1624 4787 1663 4831 aa
1684 4764 1778 4833 efficit

418 4846 564 4926 ungulos:
596 4865 657 4909 non
686 4855 789 4910 umen
809 4848 842 4912 id
865 4852 900 4914 lit
922 4860 1035 4915 amatu
1058 4855 1106 4917 rel
1134 4852 1266 4934 ahnutu,
1300 4855 1354 4918 sed
1382 4857 1417 4922 tit
1447 4854 1650 4923 emstadoae
1679 4854 1775 4924 meta
