3872 5836
373 397 375 399 ,
395 349 460 417 368
561 414 566 430 ,
816 351 917 403 Literse
934 353 1037 419 Kepleri
1055 354 1207 420 aliorumque
1225 361 1327 405 mutuae

393 512 515 563 stratione
533 524 591 561 mes
608 508 688 561 adhuc
707 510 846 574 acquiesco.
882 510 940 560 Nou
958 527 1022 579 neqo
1043 520 1144 571 tamen,
1168 512 1318 578 Keplerurn,
1342 516 1371 561 ut
1396 509 1629 562 exceheutimimunr
1650 524 1752 577 gem

394 590 467 640 mam,
486 583 584 632 interea
601 580 700 629 modum
719 582 881 647 excogitasse,
903 597 951 647 quo
970 598 987 633 a
1004 579 1121 649 gradibus
1140 583 1347 648 coniecturalibus
1365 583 1504 632 liberemur.
1542 581 1595 648 ligo
1613 589 1674 633 tunc
1687 589 1753 635 teur-

394 656 458 718 poris
476 653 543 703 velut
562 642 764 707 αὗτοδιδακτος
781 654 807 701 in
824 652 872 703 hac
891 654 1025 712 facultate,
1054 663 1080 705 et
1103 656 1259 720 geometricis
1287 653 1535 705 demonstrationibus
1562 654 1643 704 mium
1666 668 1753 704 assne·

394 727 484 783 iactus,
503 725 566 781 feei,
586 723 650 786 quod
667 724 744 786 potui.
781 722 830 773 Vix
849 726 914 774 enim
931 740 975 789 per
992 727 1118 776 biennium
1140 728 1203 776 serio
1221 733 1282 776 tuno
1301 726 1467 775 astronomica
1483 730 1662 782 tractaveram.
1687 726 1755 774 omui

395 810 482 846 csrens
501 800 670 859 praeceptore.
708 793 784 857 Spero
802 796 900 859 itaque,
924 796 958 844 D.
975 796 1112 862 Keplernm
1130 796 1262 847 humanius
1279 803 1517 852 mementorum,
1544 795 1605 846 lioet
1629 796 1755 861 quaeda·

397 866 586 916 inartificialiter
604 867 628 913 iu
647 865 762 915 methodo
785 879 844 915 mea
860 868 1011 917 tradiderim.
1050 869 1124 918 Aliud
1148 876 1187 918 est
1209 869 1319 918 iuvenire
1341 868 1415 934 quid,
1441 866 1555 931 aliudque
1579 866 1605 917 id
1626 868 1755 933 ingeniose

395 938 495 987 tradere
514 943 540 987 et
558 936 655 984 docere.
693 934 755 996 Quis
774 938 839 986 enim
864 944 922 988 ante
947 954 988 988 me
1013 940 1112 989 tabulas
1135 939 1265 990 erectionis
1291 946 1317 987 et
1341 939 1482 990 directionis
1507 936 1660 988 Ptolemaieo
1682 937 1755 988 modo

397 1008 565 1057 instituendae
583 1021 691 1071 unquam
709 1002 861 1071 publicarint
898 1009 1020 1073 Keplerus
1039 1009 1070 1060 de
1089 1010 1191 1076 Magino
1215 1014 1283 1061 recte
1302 1011 1393 1067 sentit,
1417 1010 1496 1073 ipsum
1520 1022 1578 1057 suas
1600 1008 1701 1058 tabulas
1725 1023 1756 1059 ex

395 1081 457 1128 meis
475 1080 565 1128 saitem
582 1078 756 1141 descripsisse,
785 1079 811 1129 id
830 1079 894 1144 quod
912 1081 970 1130 mihi
994 1083 1056 1131 satis
1080 1082 1212 1131 constabat
1239 1086 1298 1130 aute
1326 1080 1431 1130 reditum
1448 1093 1532 1128 meum
1552 1094 1582 1129 ex
1600 1079 1683 1129 ltalia
1722 1080 1756 1128 At

398 1151 548 1215 redarguere
565 1148 633 1198 illum
651 1149 748 1212 publice
765 1149 846 1208 nolui,
872 1166 923 1201 nou
941 1152 1006 1201 enirn
1024 1153 1050 1202 id
1068 1153 1115 1202 loci
1134 1159 1161 1202 et
1178 1151 1296 1215 temporis
1314 1158 1375 1202 tuno
1392 1151 1536 1215 patiebatur
1553 1150 1644 1200 ratio.“
1682 1149 1756 1211 Quae

395 1221 491 1284 reliqua
515 1227 574 1270 aunt
597 1219 670 1282 huius
695 1219 769 1269 Marii
788 1222 907 1284 epistolae
933 1222 965 1271 ad
984 1222 1140 1287 Dioptricam
1157 1223 1261 1288 Kepleri
1287 1230 1346 1273 suut
1363 1221 1509 1279 referenda,
1536 1222 1579 1272 ubi
1596 1221 1705 1285 pluribus
1725 1221 1756 1271 de

396 1292 471 1341 Marii
488 1292 588 1356 ingenio
607 1297 633 1340 et
650 1292 770 1346 moribus,
798 1293 1028 1358 detentionibusque
1051 1308 1113 1359 quas
1135 1295 1181 1344 sibi
1198 1294 1333 1344 vindicarit
1351 1307 1462 1359 agemus.
1499 1292 1547 1343 Hic
1566 1297 1665 1343 tautum
1682 1299 1755 1343 nota·

396 1378 459 1420 mus,
478 1362 576 1412 tabulas
594 1361 649 1419 has,
668 1376 730 1426 quas
748 1363 856 1427 glorians
875 1364 937 1413 dicit
956 1379 989 1422 ,a
1006 1378 1033 1414 se
1051 1364 1181 1414 inventas*
1209 1371 1236 1414 et
1254 1378 1270 1413 a
1288 1364 1391 1429 Magino
1410 1363 1563 1427 descriptas,
1587 1365 1681 1413 minimi
1701 1378 1756 1413 esse

397 1435 515 1483 momenti
537 1446 617 1496 neque
636 1433 694 1497 quid
716 1435 772 1483 nori
791 1436 924 1484 continere.
963 1434 1073 1485 Tabulae
1091 1436 1285 1486 declinationum
1309 1442 1335 1485 et
1353 1434 1415 1485 coeli
1434 1434 1611 1484 meditationum
1630 1449 1644 1484 e
1662 1434 1756 1500 Regio·

397 1511 515 1554 montano
534 1504 660 1554 desumtas
677 1505 729 1567 ipse
747 1505 848 1560 sistetur.
869 1505 983 1564 ,tabulas
1002 1522 1058 1557 vero
1077 1507 1204 1557 domorum
1222 1512 1370 1570 supputasse
1390 1506 1498 1555 amicum
1516 1506 1684 1570 Augustinum
1702 1505 1754 1555 La·

397 1577 466 1625 nium
480 1574 654 1625 Ouoldinum.“
694 1574 823 1626 cuculum
836 1585 922 1627 autem
939 1577 1006 1627 hunc
1019 1578 1124 1627 absolvit
1135 1578 1198 1628 duce
1211 1577 1226 1627 J
1231 1576 1312 1627 ohan
1319 1592 1355 1627 ue
1367 1576 1559 1640 lllspaleusi
1578 1573 1630 1638 (ed.
1643 1576 1758 1627 Hellerus

397 1645 482 1696 Norib.
503 1642 595 1706 1548),
614 1659 687 1710 quem
716 1648 831 1711 „saepius
850 1648 955 1712 legendo
975 1649 1021 1698 sibi
1040 1648 1172 1699 admodum
1190 1649 1336 1698 familiarem
1354 1646 1523 1705 reddiderat,“
1549 1653 1575 1696 et
1592 1648 1668 1697 rerba
1684 1647 1758 1712 hujus

399 1718 507 1766 auctoris
524 1716 633 1766 nondum
650 1717 791 1782 intelligens
811 1719 970 1777 „methodum
988 1719 1051 1769 coeli
1070 1720 1194 1770 domicilia
1212 1718 1365 1769 describendi
1383 1718 1436 1782 ipse
1455 1716 1606 1767 adinvenit.“
1638 1718 1684 1767 His
1701 1734 1757 1783 per·

398 1790 476 1851 ceptis
500 1788 620 1845 fatemur,
646 1790 743 1838 nescire
761 1803 806 1838 nos
824 1795 906 1839 utrum
924 1791 1000 1840 rerba
1018 1789 1091 1840 Marii
1109 1790 1173 1840 haec
1190 1805 1233 1854 pro
1252 1791 1315 1839 reris
1334 1788 1480 1853 accipienda
1497 1789 1546 1838 sint
1563 1804 1658 1840 necne:
1680 1789 1758 1847 „lmo,

398 1859 463 1922 quod
480 1859 534 1922 plus
553 1864 600 1919 est,
618 1856 685 1909 hano
703 1865 783 1909 totam
795 1861 905 1925 erigendi
918 1861 1010 1926 figuras
1023 1862 1086 1912 coeli
1103 1863 1224 1911 rationem
1237 1861 1375 1926 excogitari
1387 1861 1463 1924 prius,
1483 1872 1557 1924 quam
1575 1860 1614 1910 rel
1626 1861 1760 1926 quicquam

396 1930 423 1980 iu
442 1931 567 1981 autonbus
586 1929 617 1979 de
635 1942 668 1979 ea
684 1929 759 1994 legi*

490 2017 705 2080 Gratissimum
732 2017 887 2080 inseruisti
911 2017 1086 2098 cinoypupos
1108 2017 1209 2081 Marii.
1257 2016 1320 2080 Sed
1353 2018 1390 2079 de
1423 2017 1518 2097 ipsius
1548 2017 1662 2081 tabulis
1691 2019 1757 2082 die-

399 2114 523 2185 ccptare
547 2107 672 2168 ulterius
697 2106 813 2169 animus
836 2106 908 2168 mihi
932 2127 991 2169 non
1014 2115 1071 2169 est.
1119 2105 1239 2168 Sufficit
1262 2107 1328 2181 hoc,
1353 2107 1432 2187 quod
1457 2105 1529 2182 dixi,
1553 2106 1760 2169 incommodas

342 2273 345 2277 ἱ
397 2213 467 2256 esse
490 2213 555 2269 usu,
579 2194 659 2274 quod
682 2195 768 2256 video
792 2205 946 2258 auctorem
969 2196 1068 2257 interi.
1115 2195 1273 2275 Dirigendi
1296 2203 1329 2256 et
1343 2195 1479 2275 erigendi
1502 2194 1651 2257 rationem
1674 2214 1758 2259 mere

400 2282 585 2345 Ptolemaios
618 2283 732 2344 tradidi
760 2283 815 2345 tibi
838 2285 868 2346 in
891 2284 1021 2357 chartm
1054 2283 1097 2346 ibi
1120 2282 1157 2345 de
1187 2284 1391 2346 fundamentis
1413 2283 1501 2364 hujus
1523 2283 1568 2345 rei
1592 2303 1631 2345 ex
1650 2285 1770 2351 Ptole..

398 2388 484 2432 maeo
508 2371 695 2450 disputatum
718 2372 911 2434 sufficienter.
958 2373 1061 2435 Nolim
1083 2389 1155 2433 vero
1178 2372 1249 2433 mibi
1264 2371 1479 2435 necessitatem
1498 2371 1610 2452 imponi
1633 2373 1762 2437 eundem

399 2459 570 2522 resumendi
594 2460 728 2522 laborem
751 2460 781 2521 iu
805 2480 836 2522 re
860 2469 922 2523 tam
941 2460 1011 2524 vilis
1035 2460 1188 2522 momenti.
1236 2459 1378 2541 Sequitur
1400 2460 1430 2523 in
1447 2461 1545 2523 Mario
1561 2462 1652 2523 anxia
1675 2481 1760 2524 com-

398 2547 517 2628 paratio
542 2567 652 2624 eorum,
678 2567 754 2629 quae
778 2549 977 2629 ipscprimus
1001 2548 1189 2629 computavit
1212 2557 1244 2611 et
1262 2549 1492 2624 demonstravit,
1516 2568 1584 2611 oum
1606 2550 1655 2626 iis,
1680 2570 1759 2631 quae

398 2655 445 2699 me
470 2637 608 2716 agnoscit
632 2637 800 2700 reddidisse
824 2638 1037 2712 commodiora,
1062 2637 1108 2700 cui
1133 2637 1324 2717 subjungitur
1348 2639 1537 2719 deprecatio,
1561 2658 1598 2700 ue
1618 2639 1759 2702 inhuma-

399 2724 518 2787 manius
541 2725 638 2805 ipsum
662 2735 802 2788 tractem.
848 2727 916 2789 Nisi
941 2728 1044 2803 fallor,
1071 2736 1103 2789 tu
1126 2726 1169 2788 illi
1193 2725 1353 2806 scripsisti,
1378 2744 1426 2788 me
1448 2726 1586 2806 publicas
1610 2729 1759 2791 adversus

401 2815 497 2894 ipsum
513 2814 683 2893 suscepisse
703 2814 885 2890 inimicitias,
910 2816 1045 2897 adeoque
1057 2817 1121 2896 jam
1135 2815 1284 2890 hostilem,
1310 2815 1336 2876 si
1351 2816 1417 2877 Deo
1435 2816 1545 2895 placet,
1568 2816 1674 2879 librum
1688 2817 1761 2880 mihi

399 2903 455 2964 sub
478 2903 616 2966 manibus
640 2905 765 2967 versari.
812 2903 857 2965 At
880 2905 925 2966 ita
947 2905 1020 2966 mihi
1044 2906 1122 2966 bona
1145 2923 1229 2966 mens
1254 2904 1370 2979 foveat,
1400 2905 1444 2966 uti
1468 2923 1524 2982 ego
1556 2923 1706 2984 nunquam
1730 2907 1760 2968 in

401 2992 446 3053 his
475 2991 592 3070 spinis,
625 2992 735 3054 nedum
767 2993 798 3054 in
826 2993 1095 3055 emendatiuncnlis
1129 2993 1222 3054 ullam
1250 2993 1365 3072 gloriae
1399 3010 1484 3072 spem
1517 3011 1645 3072 ponam
1683 3014 1760 3074 quae

375 3094 378 3099 ·
398 3080 460 3141 illis
484 3080 514 3141 in
528 3081 642 3141 chartis
662 3100 812 3162 nunqnam
826 3083 1008 3161 attigissem,
1035 3081 1061 3143 si
1086 3081 1199 3161 absque
1218 3088 1272 3143 tua
1291 3081 1461 3160 importuna
1476 3082 1623 3161 petitione
1639 3083 1758 3145 luisset.

397 3167 500 3231 Amici
524 3168 676 3245 charitati,
700 3188 759 3231 nou
783 3189 848 3232 meo
874 3170 979 3246 lubitu,
1006 3171 1136 3249 scriptas
1161 3170 1351 3244 meminerim
1384 3188 1512 3254 propere
1535 3170 1628 3251 igitur
1652 3180 1756 3234 trans-

400 3276 504 3318 eamus
528 3257 568 3318 ad
591 3258 661 3318 alia.

470 3360 544 3411 Haec
564 3359 646 3419 ,alis“
667 3366 726 3411 runt
743 3375 788 3418 ea,
813 3374 878 3426 quae
896 3360 1023 3424 respondit
1039 3360 1163 3424 Keplerus
1189 3361 1222 3411 ad
1239 3362 1365 3413 residuum
1388 3363 1507 3427 epistolae
1525 3365 1671 3424 Marianae,
1696 3380 1763 3433 quse

400 3432 505 3482 diximus
524 3431 557 3480 ad
569 3431 724 3496 Dioptricam
742 3432 874 3482 referenda
892 3446 960 3487 esser
979 3446 1055 3496 quare
1074 3432 1150 3481 etiarn
1161 3432 1265 3496 Kepleri
1283 3434 1467 3497 responsionem
1479 3435 1537 3487 illuc
1555 3439 1692 3489 referimus.

472 3500 602 3552 Conclusio
621 3504 747 3553 literarum
766 3509 792 3553 et
810 3502 896 3552 datum
915 3501 1013 3552 desunt.
1049 3501 1108 3552 Jam
1125 3503 1199 3553 misso
1218 3502 1339 3555 Vichonio
1358 3505 1391 3555 ad
1409 3505 1470 3555 alios
1488 3509 1629 3559 transimus.
1659 3556 1662 3565 ,

474 3587 724 3654 christophorus
742 3590 981 3656 Heguloutius‚
1001 3587 1069 3653 (ride
1087 3588 1163 3652 inira)
1182 3591 1293 3657 Anglus,
1313 3593 1391 3657 pridie
1409 3592 1497 3644 Nonas
1515 3596 1587 3647 Febr.
1609 3595 1677 3648 1605
1695 3597 1760 3650 haec

401 3660 510 3725 Keploro
529 3661 657 3725 scripsit:=
675 3661 824 3713 Doctissimo
842 3662 893 3711 riri
919 3661 1053 3711 Tabellarii
1069 3660 1142 3725 huius
1162 3663 1225 3713 adeo
1248 3671 1348 3726 praeter
1372 3680 1470 3716 omnem
1494 3671 1692 3732 expectationem
1711 3670 1761 3720 dis·

404 3747 491 3783 cessus
516 3732 611 3783 subitus
634 3748 685 3782 nou
708 3748 749 3785 me
767 3735 826 3783 sinit
843 3733 921 3782 iusim
939 3732 972 3782 ad
990 3740 1016 3783 te
1041 3734 1161 3792 scribere,
1188 3740 1217 3784 nt
1238 3734 1327 3785 rehem
1352 3743 1379 3786 et
1400 3742 1429 3786 ut
1446 3751 1543 3802 semper
1558 3740 1618 3789 mihi
1636 3744 1662 3791 in
1680 3742 1763 3792 animo

401 3803 463 3862 init,
493 3819 522 3854 er
540 3819 588 3869 quo
605 3807 710 3869 primum
728 3806 895 3855 astronomica
918 3811 974 3854 tua
992 3803 1126 3868 Optics,
1154 3805 1269 3855 nundinis
1288 3808 1417 3870 postremis
1435 3809 1595 3875 pervulgare,
1623 3812 1657 3862 sd
1673 3827 1763 3865 manus

401 3883 499 3925 nostras
517 3877 637 3939 pervenit.
675 3875 742 3940 Opus
761 3877 867 3941 quidem,
886 3881 915 3926 ut
934 3874 1012 3925 doctis
1030 3875 1142 3925 omnibus
1161 3877 1336 3941 gratissimum,
1358 3880 1395 3928 ita
1413 3876 1529 3944 (siquod
1547 3882 1616 3933 aliud
1633 3883 1705 3948 hujus
1717 3898 1761 3949 qe-

401 3944 478 4010 neris)
498 3950 619 3997 communi
638 3950 747 3998 omnium
764 3946 997 3998 mathematicorum
1014 3946 1133 4012 suffragio
1151 3946 1356 3998 laudatissimum.
1378 3948 1463 4011 ,Nan
1482 3952 1528 4001 etsi
1547 3954 1618 4003 multi
1636 3955 1662 4004 in
1681 3962 1759 4005 astro·

401 4019 487 4068 nomia
505 4018 584 4068 multa
602 4020 784 4081 conscripsere,
802 4024 902 4075 tamen,
921 4022 950 4068 nt
967 4018 1033 4082 quod
1051 4032 1134 4067 rernm
1152 4024 1191 4067 est
1209 4017 1284 4068 libere
1302 4020 1432 4083 profitear,
1455 4021 1606 4088 reliquerunt
1624 4038 1681 4075 earn
1698 4040 1762 4089 pene

308 4112 309 4116 =
402 4102 487 4138 omnes
504 4085 615 4138 tenebris
633 4089 785 4138 densissimis
804 4090 993 4145 cummiussm,
1017 4102 1049 4138 ex
1072 4089 1159 4152 quibus
1183 4095 1212 4139 tn
1229 4092 1334 4153 primurn
1352 4105 1467 4156 agressus
1487 4107 1513 4143 es
1538 4095 1619 4158 ipsam
1637 4097 1664 4146 lu
1681 4096 1763 4148 lacem

403 4159 539 4210 vindicare.
577 4159 615 4208 Τιι
633 4159 699 4209 eninr
716 4174 767 4209 uon
785 4160 865 4209 solum
883 4160 1020 4210 eruditione
1038 4161 1108 4209 varia
1125 4160 1273 4216 instructus.
1301 4161 1346 4212 sed
1371 4169 1398 4212 et
1420 4165 1573 4226 experientis
1589 4167 1719 4233 multiplici
1736 4176 1763 4219 et

351 4269 355 4277 .
404 4230 575 4279 observatione
596 4229 704 4292 adjutus,
724 4230 883 4281 difficultates
902 4245 987 4280 ornnes
1006 4231 1079 4280 iacile
1098 4234 1229 4295 superasti,
1249 4246 1305 4281 curn
1324 4233 1354 4283 de
1372 4234 1570 4297 relrmtionibus,
1589 4238 1620 4289 de
1638 4241 1704 4291 risus
1720 4254 1762 4290 ra·

403 4302 478 4361 done,
498 4301 529 4350 de
548 4301 603 4350 luce
621 4301 743 4358 siderum,
763 4301 793 4350 de
813 4302 939 4366 eclipsium
958 4302 1144 4358 observatione,
1164 4301 1195 4355 de
1214 4303 1379 4366 parallaxibus
1403 4312 1429 4356 et
1446 4306 1545 4372 reliquis
1561 4308 1634 4373 huius
1653 4312 1762 4361 sublimis

403 4372 526 4421 scientiae
543 4372 636 4421 intimis
655 4372 754 4422 aroneis
773 4372 837 4423 adeo
855 4374 922 4422 clare
940 4373 1126 4437 philosophatus
1145 4375 1188 4430 sis,
1206 4380 1235 4424 ut
1252 4375 1304 4435 fere
1322 4376 1383 4426 nihil
1401 4378 1523 4427 intactum
1535 4379 1663 4446 reliquisse
1675 4383 1759 4432 ridea-

403 4442 451 4498 ris,
479 4442 545 4506 quod
563 4442 596 4492 sd
613 4442 681 4492 hauc
699 4450 778 4494 artem
797 4443 861 4493 adeo
879 4443 987 4493 dirim
1006 4443 1208 4506 amplificandam
1231 4446 1269 4496 rol
1287 4446 1406 4510 physicae
1428 4449 1468 4498 rel
1486 4451 1585 4513 opticse
1607 4460 1635 4503 et
1652 4453 1763 4519 reliquse

403 4511 544 4563 matheseos
561 4513 672 4563 theram!
684 4515 841 4579 suppeditare
858 4521 970 4578 possunt.
1007 4513 1090 4574 Quam
1107 4516 1138 4565 ob
1150 4530 1211 4572 rem,
1230 4518 1251 4566 si
1270 4517 1379 4569 antehae
1396 4532 1461 4569 mors
1472 4521 1608 4573 immamra
1618 4525 1763 4576 nobilissimi

403 4582 527 4645 lychonis
545 4598 630 4634 omnes
648 4587 814 4636 asmonomise
832 4586 944 4635 alumnos
961 4585 1099 4635 incredibili
1116 4599 1181 4650 pene
1200 4586 1283 4639 dolore
1302 4588 1395 4648 affecit,
1414 4593 1440 4639 iu
1458 4592 1506 4641 hoc
1522 4607 1587 4645 sane
1604 4610 1655 4646 nou
1667 4598 1762 4646 minore

327 4708 330 4711 ,
402 4654 495 4718 gaudio
513 4669 541 4705 se
558 4660 684 4705 remeatus
701 4659 825 4714 sentium,
853 4656 1037 4706 lucubrationes
1057 4659 1110 4719 ejus
1136 4664 1256 4723 tanquam
1274 4660 1363 4710 liberos
1381 4668 1485 4725 parente
1503 4667 1599 4728 proprio
1617 4667 1717 4717 orbatos
1735 4668 1762 4716 iu

404 4724 511 4776 tutelam
527 4727 626 4790 patroni
642 4733 696 4776 tam
714 4728 843 4778 exercitati
862 4734 888 4776 et
905 4726 985 4777 tidelis
1003 4726 1140 4779 devemus
1177 4730 1211 4779 lit
1228 4736 1296 4781 certe
1314 4733 1409 4795 matius
1427 4733 1472 4783 tibi
1485 4748 1536 4783 nou
1548 4737 1664 4788 minimas
1675 4751 1762 4787 omncs

404 4794 523 4847 debemus
541 4804 568 4847 et
584 4797 720 4856 habemus,
745 4799 811 4864 quod
828 4797 950 4848 moenam
966 4796 1056 4849 aanor
1073 4800 1182 4850 numeris
1205 4802 1256 4851 suh
1275 4802 1416 4854 sbrdessn
1439 4806 1583 4869 propediem
1600 4809 1671 4859 nobis
1688 4809 1759 4874 poill-

404 4869 481 4926 oorls;
509 4869 1673 4940 esteulmilleintorensticaeomuiummssimeintsbnlhsblpmeoelodatlcieas
1702 4880 1764 4945 lpsa
