3814 5818
393 349 460 418 243
680 364 683 369 ⁴
945 354 1068 422 Apologia
1084 353 1234 417 menen*

395 514 581 577 confundens
604 533 659 576 nec
681 513 846 576 intervalla
868 513 1072 596 distinguens,
1098 513 1187 576 nobis
1211 514 1373 577 deridiculo
1397 513 1455 576 fuit
1484 515 1673 577 exclamans:
1697 513 1755 577 mi-

393 603 536 678 raculum,
562 601 669 664 bovem
684 603 894 683 multipedem!
941 604 1009 667 Non
1034 623 1108 666 sane
1131 605 1229 684 major
1251 611 1300 666 est
1322 603 1379 667 hcc
1397 604 1463 666 loco
1479 602 1605 666 Patricii
1627 603 1753 681 sapien-

393 692 453 767 tia,
489 692 558 753 dnm
580 692 721 772 planetas
744 692 937 769 interfusas,
967 693 1010 755 ita
1033 702 1065 754 ut
1089 692 1176 754 uobis
1200 700 1343 772 apparet,
1378 711 1482 764 cursus
1506 711 1577 755 suos
1610 710 1757 772 peragere

394 780 560 844 contendit
605 812 608 818 <

334 860 339 867 ’
473 869 548 931 Hoc
570 869 672 950 itaque
695 870 829 933 Patricio
853 869 964 933 dictum
989 877 1064 946 esto,
1089 870 1157 933 rias
1179 870 1370 951 planetarum
1397 878 1581 951 apparentes
1603 876 1636 931 et
1658 869 1758 945 histu-

392 959 468 1022 riam
491 964 625 1021 motuum
648 958 733 1021 libris
754 979 901 1040 promere,
927 960 1129 1023 astronomiae
1147 959 1342 1047 potissimum
1365 959 1565 1021 mechanicae
1583 966 1615 1020 et
1637 958 1755 1036 practi=

394 1068 448 1111 cae
465 1055 584 1129 partem
600 1067 684 1109 esse:
709 1048 775 1110 vias
794 1066 865 1110 vero
881 1068 968 1111 veras
992 1057 1024 1110 et
1038 1048 1184 1129 genuinas
1198 1048 1342 1122 invenire,
1367 1066 1442 1127 opus
1463 1067 1533 1109 esse
1553 1046 1757 1127 astronomiae

393 1136 646 1216 contemplativae
670 1138 799 1211 (frustra
822 1135 973 1200 Osiaudro
997 1147 1029 1200 et
1051 1138 1185 1200 Patricio
1208 1137 1476 1210 reclamantibus):
1501 1145 1535 1198 at
1553 1136 1662 1209 dicere,
1688 1136 1757 1215 qui-

393 1228 450 1289 bus
474 1226 593 1288 circulis
618 1233 649 1288 et
672 1225 759 1288 lineis
783 1227 1015 1307 depingantur
1006 1247 1035 1288 ru
1060 1245 1174 1309 papyro
1189 1225 1336 1305 imagines
1356 1227 1459 1306 justae
1480 1244 1619 1288 verorum
1639 1224 1757 1285 illorum

394 1322 537 1390 motuum,
561 1316 601 1385 ad
625 1315 769 1377 inferiora
792 1324 1015 1395 geometrarum
1039 1316 1184 1378 subsellia
1197 1315 1358 1394 pertinere
1405 1315 1490 1376 Haec
1505 1315 1555 1395 qni
1570 1314 1755 1392 distinguere

396 1404 583 1477 didicerits
574 1425 602 1466 rs
624 1404 713 1465 facile
737 1424 804 1467 sese
829 1425 849 1466 a
870 1405 1088 1467 somniantibus
1111 1404 1332 1467 abstractarum
1356 1405 1516 1467 formarum
1539 1402 1756 1483 captatoribus,

393 1492 443 1573 qui
474 1493 631 1555 materiam
661 1494 739 1563 (rem
769 1513 859 1555 unam
887 1502 920 1555 et
943 1494 1038 1556 solum
1069 1503 1140 1573 post
1162 1493 1277 1566 Deum)
1306 1493 1395 1554 nimis
1419 1512 1523 1569 secure
1552 1497 1757 1562 contemnunt,

397 1599 557 1661 eorumque
580 1582 760 1661 importunis
784 1572 980 1662 sophismatis
1004 1584 1155 1664 expediet.
1202 1582 1305 1661 Atque
1330 1581 1403 1643 haec
1418 1564 1551 1643 Patricio
1575 1579 1758 1660 respondere

397 1670 488 1744 volui,
513 1678 675 1751 propterea
698 1672 777 1752 quod
800 1673 879 1735 Urso
904 1681 934 1734 et
954 1671 1106 1735 Osiandro
1130 1669 1333 1733 errantibus
1324 1690 1354 1732 m
1370 1669 1546 1751 quibusdam
1561 1670 1755 1749 suffragatur.

396 1759 446 1821 Ad
470 1760 582 1822 Ursum
605 1760 707 1821 redeo.

483 1848 647 1911 Undecimo
671 1849 778 1923 Ursus,
802 1856 837 1909 ut
859 1849 979 1926 penitus
1002 1856 1178 1927 prustemat
1200 1847 1417 1909 astronomiam
1440 1847 1534 1908 nostri
1559 1846 1661 1918 seculi,
1687 1846 1758 1907 lau-

394 1937 449 1999 dat
471 1937 636 2017 antiquam,
662 1955 743 1998 more
768 1938 956 2017 querulomm
980 1955 1083 1999 senum
1112 1947 1165 1999 aut
1193 1936 1220 1997 si
1244 1937 1322 2017 qnod
1346 1936 1428 1998 aliud
1452 1944 1500 1997 est
1529 1954 1624 2015 genus
1657 1933 1758 1997 homi-

394 2045 464 2087 num
486 2024 746 2104 desperabundum
771 2034 803 2086 et
826 2026 1082 2089 melancholicnm.
1129 2025 1191 2089 Sed
1215 2034 1248 2087 et
1267 2033 1443 2105 argumento
1464 2026 1558 2087 utitur
1581 2043 1619 2085 ex
1642 2023 1758 2103 optima

393 2121 428 2176 ut
450 2122 523 2193 puto
547 2113 663 2175 forma:
694 2115 870 2194 pleraeque,
901 2114 1012 2194 iuquit,
1043 2122 1125 2177 artes
1149 2116 1220 2177 olim
1244 2114 1441 2194 perfectiores
1465 2115 1562 2188 fuere,
1592 2111 1753 2186 medicina,

393 2203 517 2276 musica,
537 2202 681 2272 oratoria,
705 2204 807 2283 quidni
830 2211 862 2264 et
886 2204 1090 2266 astronomia?
1134 2204 1182 2266 De
1200 2203 1350 2265 medicina
1363 2202 1541 2265 Thessalica
1560 2212 1649 2265 sunto
1670 2220 1755 2275 sane,

393 2291 443 2372 qni
467 2290 596 2361 divinius
619 2291 732 2371 aliquid
755 2291 934 2371 concipiant,
960 2311 1051 2372 quam
1074 2313 1112 2354 ex
1134 2293 1264 2355 residuis
1287 2291 1485 2354 monumentis
1509 2298 1654 2371 apparet:
1685 2298 1758 2352 sunt

394 2379 528 2442 vicissim
550 2398 612 2442 uon
635 2381 757 2443 minoris
772 2381 899 2443 nominis
924 2390 1073 2457 auctores,
1098 2382 1254 2445 Feruelius
1270 2389 1301 2442 et
1318 2381 1385 2454 alii,
1411 2380 1460 2461 qui
1482 2380 1549 2460 plus
1573 2387 1679 2441 nostro
1703 2398 1755 2440 se-

392 2464 459 2530 culo
489 2468 624 2530 tribuunt
659 2469 766 2548 majori
802 2468 1071 2533 verisimilitudine.
1124 2472 1172 2533 De
1200 2470 1317 2533 musica
1342 2469 1489 2549 judicium
1516 2470 1576 2530 fert
1597 2469 1696 2531 Ursus
1720 2486 1757 2529 ax

281 2624 284 2629 4
393 2564 517 2631 eventu,
550 2557 601 2636 qui
625 2566 757 2632 nonest
782 2560 830 2621 vel
854 2558 883 2620 iu
908 2558 983 2621 artis
1007 2560 1055 2623 vel
1078 2559 1109 2621 iu
1134 2559 1258 2622 artificis
1282 2566 1447 2638 potestate.
1495 2556 1611 2629 Credo,
1643 2558 1757 2620 multos

392 2646 534 2708 admirari
557 2654 695 2709 veterum
722 2648 867 2711 musicam
895 2667 967 2709 non·
982 2649 1073 2711 aliam
1097 2650 1135 2710 ob
1160 2666 1297 2723 causam,
1332 2667 1421 2729 quam
1445 2646 1516 2727 quia
1538 2646 1638 2727 qualis
1667 2646 1758 2707 buerit

391 2735 541 2814 ignorant.
589 2733 706 2807 Quibus
737 2755 810 2816 ego,
842 2737 869 2799 si
891 2736 975 2800 Dens
998 2738 1093 2801 vitam
1126 2734 1317 2800 concesserit
1347 2756 1402 2799 nec
1434 2736 1527 2797 otium
1557 2736 1701 2811 defuerit,
1726 2735 1755 2797 iu

391 2824 625 2887 Harmonicis
658 2825 733 2887 meis
767 2826 993 2900 demonstrabo,
1024 2836 1136 2908 quanto
1168 2827 1331 2888 intervallo
1359 2834 1447 2887 vetus
1474 2825 1592 2886 musica
1620 2832 1756 2886 nostram

391 2921 545 3017 sequatur.
593 2913 682 2985 Quod
706 2922 806 2977 autem
830 2915 969 2978 clamitat
983 2916 1090 2991 Ursus,
1115 2915 1203 2977 hodie
1227 2934 1285 2977 uon
1311 2934 1377 2977 esse
1402 2922 1519 2976 tantum
1543 2914 1674 2975 musices
1698 2915 1755 2975 im-

390 3002 505 3083 perium
529 3003 557 3064 in
582 3004 710 3079 animos,
736 3003 765 3065 id
789 3003 919 3086 Scythes
943 3005 1007 3078 illc,
1033 3023 1128 3085 aeque
1153 3005 1311 3085 antiquus,
1344 3003 1460 3065 hinnitu
1484 3003 1553 3082 equi
1580 3002 1626 3062 sui
1651 3004 1755 3083 (quem

392 3090 524 3170 optimae
548 3092 719 3154 cautilenae
742 3094 894 3195 praeferre
910 3094 1044 3165 solebat)
1068 3094 1156 3155 facile
1171 3096 1294 3155 refutat.
1341 3091 1452 3154 Rarius
1469 3076 1672 3154 audiebantur
1687 3089 1756 3152 boni
1777 3146 1780 3156 .

395 3188 552 3252 cantores,
580 3198 656 3253 vox,
686 3190 720 3242 ut
745 3182 775 3241 in
800 3181 963 3243 comoediis
994 3191 1026 3243 et
1053 3183 1219 3262 tragoediis
1247 3182 1292 3244 sic
1320 3182 1349 3243 in
1378 3189 1469 3243 cantu
1498 3198 1756 3261 quorsumcunque

388 3267 611 3342 infestabatur,
638 3269 738 3329 sensui
766 3268 922 3330 verborum
946 3269 1119 3350 aptabatur,
1144 3272 1270 3350 tempori
1286 3279 1319 3332 et
1345 3269 1483 3353 personis
1507 3270 1638 3343 etlam,
1663 3269 1757 3330 verba

392 3355 491 3425 clara,
526 3356 689 3418 articulata
718 3363 750 3417 et
772 3358 952 3432 vernacula;
985 3376 1097 3437 magua
1119 3360 1220 3438 gentis
1244 3358 1383 3421 Graecae
1412 3358 1574 3431 mollities,
1609 3375 1758 3438 personae

393 3461 508 3523 quoque
524 3443 746 3525 cytharistriae,
769 3445 925 3526 psaltriae,
951 3447 1072 3520 Lesbia,
1100 3446 1224 3527 Sappho
1248 3449 1296 3510 vel
1321 3448 1453 3527 lapidem
1472 3446 1631 3510 moverint.
1670 3445 1758 3517 Quae

393 3532 494 3592 omnia
517 3540 548 3592 et
571 3531 597 3592 si
621 3532 692 3611 quid
715 3533 795 3595 aliud
821 3534 878 3595 fuit
902 3536 981 3615 apud
1001 3544 1122 3598 veteres
1138 3536 1288 3610 decorum,
1311 3537 1400 3598 hodie
1416 3554 1532 3617 quoqne
1551 3535 1664 3597 imitari
1682 3553 1758 3614 pos-

394 3638 515 3682 sumus:
550 3639 605 3681 nec
633 3636 783 3702 uunquam
810 3622 971 3687 imitamur.
1018 3625 1164 3689 Nostmm
1191 3645 1263 3687 vero
1296 3625 1452 3687 artificium
1482 3625 1635 3687 veteribus
1668 3624 1759 3703 plana

394 3707 452 3770 fuit
479 3708 672 3788 incognitum.
720 3709 781 3773 Sed
810 3712 898 3792 plura
925 3733 978 3775 suo
1008 3715 1082 3778 loco.
1128 3715 1176 3777 De
1201 3715 1334 3777 oratoria
1361 3732 1418 3775 nou
1448 3714 1607 3776 contendo.
1656 3712 1760 3793 Causa

394 3804 495 3859 tamen
519 3816 630 3878 magna
653 3806 701 3861 eat
724 3800 753 3862 in
777 3809 887 3864 natura
910 3811 941 3864 et
962 3804 1096 3865 moribus
1120 3804 1230 3884 gentis,
1256 3822 1331 3883 quac
1346 3802 1525 3864 mollissima
1549 3801 1638 3866 facile
1663 3800 1760 3863 cuivis

394 3885 524 3947 cedebat
547 3888 678 3964 affectui,
702 3888 816 3969 gloriae
841 3908 912 3952 vero
936 3892 1140 3970 cupidissima,
1166 3892 1194 3953 id
1220 3894 1284 3972 ejus
1304 3891 1516 3972 adipiscendae
1540 3911 1634 3954 causa
1658 3891 1759 3951 facere

395 3992 453 4036 uon
466 4004 468 4011 ·
479 3975 638 4052 dubitavit,
664 3978 740 4057 quod
765 3987 867 4040 tamen
891 3980 952 4042 illis
968 3982 1130 4054 laudabile,
1154 3981 1242 4043 hodie
1263 3981 1340 4061 apud
1356 3999 1458 4041 omnes
1472 3990 1582 4058 gentes
1597 3980 1770 4041 detestas-⁴

398 4063 468 4125 dnm
492 4072 550 4134 est,
574 4073 608 4126 ut
631 4066 696 4146 quis
720 4067 778 4128 sibi
802 4068 860 4148 ipsi
884 4069 1033 4132 violentas
1059 4089 1165 4131 manus
1189 4071 1306 4132 afferat.
1353 4070 1399 4130 De
1415 4070 1599 4132 astronomia
1623 4087 1695 4129 vero
1710 4087 1759 4129 res

395 4152 440 4213 ita
462 4153 547 4215 clara
569 4161 626 4228 est,
652 4163 684 4216 ut
707 4157 779 4217 nibil
803 4175 904 4236 supra.
953 4159 1085 4220 Veniant
1109 4166 1256 4239 quotquot
1282 4166 1353 4221 aunt
1367 4154 1642 4239 inEuropa'periti
1660 4176 1759 4219 rerum

396 4242 695 4305 mathematicorum·
720 4264 778 4307 non
801 4245 961 4308 babitums
985 4247 1027 4310 sit
1047 4249 1145 4310 Ursus
1168 4248 1216 4308 val
1240 4267 1344 4322 unum,
1378 4247 1428 4327 qni
1451 4248 1507 4310 hoc
1534 4248 1576 4309 illi
1602 4246 1758 4325 largiatur,

394 4331 605 4413 perfectiorem
634 4332 728 4395 fnisse
751 4341 888 4396 retemm
911 4337 1136 4398 astronomiam.
1183 4337 1290 4417 Itaque
1320 4336 1424 4417 quanti
1449 4336 1490 4398 sit
1517 4335 1758 4410 faciendumst

395 4418 463 4523 quis
485 4427 623 4499 praestet
646 4424 725 4502 quod
748 4422 902 4503 pollicitus
926 4432 976 4487 est
998 4427 1106 4500 Ursus,
1130 4443 1172 4485 sc.
1198 4426 1420 4488 restitutionem
1441 4424 1646 4487 astronomiae
1669 4430 1758 4485 vete-

396 4498 452 4582 ris,
486 4508 695 4573 consideratus
726 4513 822 4575 lector
856 4523 991 4575 censete
1038 4514 1123 4575 llaec
1150 4514 1315 4594 praecipua
1342 4513 1440 4587 fuere,
1474 4534 1550 4593 quae
1578 4515 1634 4574 boc
1662 4513 1758 4592 primo

396 4595 496 4675 capite
519 4598 556 4657 de
580 4607 688 4662 natura
710 4600 923 4682 hypothesium
947 4602 1127 4664 dicerentur.

980 4845 1169 4858 *-
