3872 5836
716 366 1072 434 “fflfflffli
1484 365 1547 433 361

191 544 264 588 nam
277 523 408 604 tdgouo.
454 523 545 597 Quod
559 524 623 588 beri
646 526 731 589 nulla
742 526 861 589 ratione
874 527 997 607 poterit,
1022 526 1093 590 siin
1107 527 1231 590 zodiaco
1249 528 1306 590 hos
1321 534 1463 608 aspectus
1478 546 1552 601 cou-

192 613 323 688 sideres,
348 632 408 675 nnn
429 614 460 675 in
484 624 663 694 aequatore,
694 615 855 697 praecipue
878 617 905 677 si
928 616 972 677 M.
997 615 1033 679 O.
1057 618 1087 678 in
1111 616 1221 678 circulo
1248 616 1414 678 meridiano
1438 616 1552 679 conah-

191 703 294 765 tuas.“
340 702 487 765 Producit
508 722 583 765 sane
607 704 656 765 hic
679 705 777 766 locum
800 702 941 778 Stadios,
976 706 1025 785 qui
1048 705 1086 767 de
1109 726 1213 776 aenou
1239 725 1293 767 seu
1317 705 1452 767 domibus
1476 705 1550 784 agit,

193 792 252 853 sed
274 798 394 852 tantm
416 792 521 865 abest,
554 801 589 855 nt
616 793 789 855 institutum
816 792 969 869 obtineat,
1003 795 1212 857 Ptolemaeum
1240 793 1414 874 inaequales
1446 794 1552 855 domos

191 881 302 953 swero,
326 887 362 941 nt
383 898 440 958 ego
462 881 565 960 potius
588 881 657 943 binc
679 882 801 944 inverso
825 890 1002 960 argumento
1027 883 1245 962 aequalitatem
1266 882 1431 956 obtineam,
1456 890 1487 944 et
1501 900 1554 943 se-

191 969 267 1032 niem
291 977 536 1046 argamentcmm
559 988 652 1051 snpra
674 963 815 1049 coeptam
838 970 886 1031 hic
909 971 1092 1033 continuem.
1138 971 1217 1034 Illud
1240 971 1502 1051 praemittendum,
1528 970 1555 1031 si

191 1059 236 1120 hl„
260 1055 308 1131 C,
333 1065 367 1118 nt
390 1057 444 1129 ait,
467 1058 498 1119 in
521 1058 632 1120 circulo
653 1059 820 1121 meridiano
843 1060 1024 1134 constituas,
1048 1076 1106 1121 non
1130 1060 1302 1122 habituram
1325 1060 1423 1121 locum
1437 1078 1554 1139 aequa-

194 1148 316 1209 litatem
338 1146 487 1222 domumn,
512 1154 546 1208 at
568 1147 596 1208 si
619 1148 802 1210 contrarium
827 1148 891 1227 ejus
915 1148 1021 1222 facias,
1046 1149 1126 1228 qnod
1141 1157 1247 1210 auctor
1261 1149 1454 1211 Ptolemaeus
1471 1148 1554 1220 fecit,

191 1236 296 1315 utique
319 1241 418 1296 totam
441 1235 508 1314 ejus
531 1236 680 1299 rationem
704 1236 759 1299 tibi
780 1237 925 1317 perverti,
949 1238 1023 1299 nihil
1046 1237 1152 1299 mirum
1176 1246 1233 1299 est.
1281 1237 1475 1298 Ptolemaeus
1498 1237 1557 1299 hoo
1628 1233 1634 1239 ’

194 1325 262 1386 loeo
285 1323 330 1385 Μ.
356 1321 392 1385 G.
423 1342 483 1385 nou
513 1324 544 1386 in
566 1325 734 1387 meridiano
764 1325 941 1397 constituit,
978 1326 1032 1387 sed
1061 1325 1090 1386 in
1118 1335 1229 1404 puncto
1257 1325 1374 1387 zodiaci
1406 1324 1555 1387 altissimo

196 1430 287 1492 super
309 1411 450 1485 Terram,
484 1413 621 1494 qnodque
653 1414 827 1493 plerumque
859 1414 950 1476 altius
982 1422 1033 1476 est
1059 1432 1095 1475 eo
1125 1415 1241 1476 zodiaci
1265 1418 1391 1493 puncto,
1420 1413 1500 1494 qued
1523 1413 1553 1473 in

194 1501 363 1563 meridiano
386 1501 507 1574 haeret,
537 1502 648 1564 circulo
672 1502 812 1563 verticali
834 1520 888 1581 per
910 1505 1011 1582 polum
1034 1502 1151 1564 zodiaci
1174 1503 1326 1565 traducto.
1374 1502 1474 1563 Probo
1498 1501 1555 1563 hoc

193 1609 233 1651 ex
259 1588 335 1670 ipsis
361 1588 474 1651 verbis.
521 1589 571 1652 Sit
602 1590 697 1670 igitur
719 1591 916 1670 aequalitatis
939 1592 1078 1654 domuum
1102 1599 1310 1671 argumentum
1344 1590 1555 1663 secundnm,

192 1679 273 1760 quod
295 1678 490 1740 Ptolemaeus
510 1678 576 1751 hic,
604 1679 655 1741 nbi
683 1680 749 1759 agit
776 1678 813 1741 de
837 1680 990 1753 domibus,
1020 1698 1095 1742 voce
1128 1679 1424 1742 dodecatemorii
1453 1686 1557 1741 utatur

191 1786 344 1848 provoca
368 1767 508 1829 domus.
556 1768 670 1830 Notum
694 1776 796 1830 antem
820 1777 882 1843 est,
913 1787 972 1830 uon
997 1770 1095 1835 solere
1117 1777 1313 1849 aequatorem
1337 1767 1432 1829 dividi
1455 1767 1554 1841 aliter,

192 1857 251 1918 nisi
273 1856 303 1918 in
326 1863 464 1935 tempora
486 1851 566 1931 360,
598 1856 696 1919 solum
718 1875 791 1918 vero
814 1856 970 1919 zodiacum
993 1858 1023 1919 in
1047 1857 1309 1933 dodecatemoria,
1334 1864 1367 1918 et
1390 1855 1557 1919 dodecute-

192 1945 321 2008 morium
343 1944 373 2006 in
397 1966 505 2024 μοιρας
530 1940 582 2020 30,
606 1964 665 2007 non
689 1967 824 2027 χροιονς,
850 1954 882 2007 et
904 1946 952 2008 hic
967 1965 1084 2027 quoqne
1107 1966 1167 2008 vox
1190 1968 1283 2026 μωρα
1301 1945 1441 2007 occurrit.
1480 1942 1558 2007 Cum

195 2052 267 2114 ergo
290 2033 484 2096 Ptolemaeus
508 2056 720 2113 pescenninus
744 2034 793 2096 hic
817 2035 952 2114 appellet
975 2035 1266 2107 dodecatemorium,
1296 2034 1434 2115 appellat
1462 2032 1554 2112 igitur

193 2131 312 2204 partem
333 2122 451 2184 zodiaci
472 2131 755 2203 nuncupantia-et
777 2123 818 2197 id,
843 2123 897 2194 ait,
921 2124 1058 2204 aspicere
1082 2125 1229 2205 quadrato
1253 2124 1384 2195 unciam,
1409 2126 1558 2202 quaeest

194 2212 277 2274 circa
300 2212 508 2290 homsoopum.
545 2213 640 2292 Atqui
664 2212 764 2283 numa,
788 2232 865 2292 qnae
888 2213 970 2275 circa
993 2213 1189 2275 meridianum
1208 2221 1266 2287 est,
1292 2211 1466 2291 5partibus
1485 2217 1557 2271 ante

196 2308 229 2363 et
250 2298 292 2363 25
316 2308 400 2381 poet,
434 2319 492 2361 non
515 2302 688 2381 frequenter
716 2298 826 2380 aspicit
852 2302 1104 2382 horoscopantem
1128 2304 1287 2383 quadrato.
1333 2299 1416 2379 Ergo
1439 2297 1557 2360 zodiaci

195 2409 279 2470 pars,
304 2408 381 2470 quae
403 2388 452 2451 bic
466 2389 642 2451 Ptolemaeo
666 2389 777 2451 dicitnr
790 2411 993 2469 penoapnsar,
1017 2391 1138 2470 saepius
1162 2390 1220 2453 erit
1244 2398 1333 2451 extra
1347 2386 1554 2451 meridianum.

194 2478 361 2541 Tertium
384 2485 612 2558 argumentum:
645 2478 783 2558 aspicere
806 2498 840 2539 se
863 2479 1003 2541 dicuntur
1025 2480 1098 2542 illae
1121 2479 1223 2541 circuli
1247 2486 1368 2558 partes,
1398 2495 1476 2557 quae
1499 2475 1558 2536 ha·

87 2640 92 2645 ,
197 2569 272 2630 beot
293 2566 350 2629 sub
373 2585 406 2628 se
430 2575 587 2629 currentes
611 2566 752 2646 planetas
776 2568 975 2646 aspicientes:
1010 2576 1152 2647 aspectus
1176 2567 1255 2630 enim
1277 2585 1337 2628 non
1362 2573 1412 2627 est
1432 2573 1559 2646 propter

195 2658 294 2720 lmm
313 2655 368 2717 sed
382 2664 506 2735 propter
520 2656 684 2735 planetam.
723 2656 769 2718 At
787 2656 817 2716 in
837 2664 1000 2737 aequatura
1019 2657 1094 2720 nulli
1108 2657 1259 2735 planetae,
1283 2655 1313 2716 in
1327 2653 1451 2716 zodiaco
1465 2653 1558 2731 igitur

195 2745 398 2827 quaerendum
419 2746 477 2806 hoc
499 2765 722 2823 μισονραιημα,
746 2745 894 2825 quadrato
918 2745 1069 2823 aspiciens
1092 2744 1300 2821 horoscopum,
1324 2750 1356 2804 et
1372 2742 1416 2803 sio
1434 2749 1469 2802 ut
1485 2740 1555 2821 plu-

194 2835 300 2897 rimum
330 2840 418 2894 extra
447 2832 653 2895 meridianum.
701 2831 882 2903 Quartum
914 2832 1076 2894 coincidit:
1114 2833 1180 2912 agit
1206 2831 1248 2892 ibi
1276 2829 1334 2893 loci
1360 2829 1556 2891 Ptolemaeus

196 2924 234 2986 de
257 2922 332 2984 locis
354 2921 513 3001 aphcticis.
560 2920 703 3001 Aphetae
727 2939 799 2982 vero
823 2939 881 2981 non
905 2928 976 2984 sunt
1006 2921 1036 2983 in
1060 2927 1238 3000 aequatura,
1268 2937 1341 2998 ergo
1366 2918 1396 2979 in
1420 2916 1556 2978 zodiaco.

195 3011 278 3085 Quid
300 3010 379 3073 enim
397 3011 488 3091 juvat
510 3010 654 3090 aphetam
677 3016 708 3070 et
732 3009 933 3088 horoscopum
956 3009 986 3071 in
1010 3009 1135 3072 zodiaco
1158 3008 1357 3081 constitutos,
1389 3005 1417 3065 si
1441 3024 1557 3086 aequa·
1611 3034 1621 3043 ·

195 3102 272 3164 toria
294 3099 394 3180 portio
417 3098 656 3178 correspondens
684 3098 932 3178 correspondenti
955 3098 1081 3161 orientis
1104 3097 1234 3177 portioni
1263 3094 1459 3175 aequatoiiae
1482 3111 1558 3155 oon-

195 3189 362 3271 liguratur?
406 3187 476 3252 Non
500 3207 575 3249 sane
598 3188 710 3268 magis,
745 3206 835 3267 qnam
859 3187 885 3249 si
909 3187 1038 3267 alicujus
1062 3187 1244 3266 tropicornm
1268 3191 1321 3247 aut
1343 3183 1558 3262 parallelorum

197 3277 468 3361 correspondentes
490 3277 645 3357 portiones
670 3277 874 3356 configuratae
897 3276 1066 3339 exhiberes.
1114 3275 1271 3347 Quinto:
1304 3272 1398 3335 verba
1420 3272 1475 3335 illa
1494 3272 1561 3345 t„a

198 3367 327 3449 quinque
349 3366 488 3449 partibus
511 3366 876 3447 praeascendeutibus“)‚
910 3385 986 3446 quae
1010 3365 1106 3447 rigide
1131 3365 1258 3428 Stadius
1282 3371 1315 3425 et
1339 3360 1498 3425 Cardenus·
1523 3358 1563 3419 ad

198 3464 393 3537 aequaturum
412 3455 552 3530 'uehunt
587 3456 655 3517 sola
677 3474 736 3517 vox
760 3454 993 3534 ἀναφιρομηωι
1013 3455 1137 3518 zodiaco
1160 3454 1307 3516 vindicat.
1353 3451 1435 3513 Nam
1457 3456 1560 3513 astro-
1630 3483 1632 3487 <

198 3546 279 3609 nomi
303 3543 416 3607 Graeci
446 3545 485 3605 de
508 3544 626 3605 zodiaci
647 3544 786 3624 partibus
817 3552 965 3622 usurpant
994 3543 1203 3605 ascensionem
1236 3541 1361 3621 ejusque
1392 3556 1564 3601 mensuram

197 3636 229 3698 in
252 3640 416 3713 aequatore
440 3631 644 3705 constituunt,
670 3631 702 3692 id
724 3632 818 3692 multo
841 3631 954 3711 magis,
979 3631 1020 3706 si,
1045 3639 1079 3693 ut
1101 3631 1160 3703 hic,
1182 3632 1350 3709 jungantur
1372 3649 1463 3704 μοιρα
1486 3624 1561 3687 oisc-

200 3739 366 3803 papanem
390 3727 462 3781 tunc
486 3718 569 3781 nulla
591 3719 710 3780 ratione
734 3726 870 3796 tempora
894 3719 1072 3798 sequuturis
1085 3724 1213 3795 possunt
1235 3715 1374 3794 intelligi.
1422 3714 1557 3776 Sexto:

200 3808 428 3872 distinctissime
461 3805 593 3886 loquitur
625 3806 663 3868 de
697 3803 740 3868 30
763 3805 811 3866 hie
834 3806 972 3884 partibus
996 3807 1161 3884 (μοιραις),
1195 3801 1390 3882 configeretis
1415 3800 1562 3881 quadrato

201 3901 291 3977 (puta
313 3895 418 3956 itidem
441 3890 485 3957 30
507 3897 656 3973 μοιραιι),
687 3913 764 3976 qnae
788 3902 859 3955 sont
882 3894 964 3956 illiue
988 3894 1107 3967 domus,
1143 3911 1219 3973 quae
1243 3890 1378 3952 Medium
1403 3887 1490 3952 Coeli
1513 3888 1562 3949 di-

109 4048 115 4057 ,
202 3985 289 4048 citur.
335 3982 407 4045 Jam
424 4001 495 4045 vero
518 3983 656 4062 partibus
680 3982 799 4046 zodiaci
823 3983 987 4046 orientibus
1011 3991 1151 4061 tempora
1173 3978 1346 4061 sequuturis
1366 3976 1564 4040 cnlminantia

201 4092 260 4136 non
284 4073 449 4152 figmontur
471 4071 640 4151 quadratis.
688 4071 768 4136 Sunt
790 4072 882 4153 igitur
912 4071 1005 4134 etiam
1034 4073 1115 4134 circa
1146 4092 1183 4132 no
1209 4089 1424 4146 μισουριιτημα
1447 4065 1563 4128 iutelli-

202 4163 320 4244 gendae
344 4170 449 4241 partes
472 4160 605 4235 zodiaci,
639 4170 670 4224 et
692 4162 738 4224 sio
762 4170 851 4223 extra
874 4161 1083 4224 meridianum.
1130 4159 1323 4239 Septimo:
1357 4162 1563 4218 commentum

153 4320 160 4321 ff
202 4252 252 4328 sit,
279 4252 346 4313 loca
370 4249 511 4329 aphetica
534 4267 602 4310 esse
625 4250 655 4311 in
679 4250 821 4322 zodiaco,
853 4250 922 4312 vide
946 4250 1108 4312 nunciata
1129 4249 1239 4311 verba:
1277 4245 1309 4310 ἐν
1331 4266 1394 4315 τοις
1415 4242 1565 4307 ianuariis·

199 4363 265 4405 κοσι
287 4362 340 4402 aon
362 4358 628 4418 monopcrqpaaon
650 4359 763 4411 zormu.
811 4340 886 4401 Tale
910 4348 960 4401 est
981 4339 1112 4402 medium
1135 4337 1221 4411 coeli,
1246 4354 1342 4416 aquo
1357 4334 1474 4396 zodiaci
1489 4351 1562 4413 por-

200 4431 299 4494 tiones
321 4428 459 4509 utrinqne
484 4426 647 4503 declinant,
673 4435 707 4489 at
723 4448 749 4489 a
771 4435 884 4506 puncto
907 4429 1033 4503 zodiaci,
1059 4428 1139 4508 quod
1162 4427 1191 4488 in
1215 4424 1384 4487 meridiano
1409 4422 1563 4495 culminat,

200 4539 259 4582 non
282 4538 356 4599 pure
387 4518 522 4580 declinat
550 4516 698 4578 alteruter
725 4535 868 4592 arcuum,
902 4518 955 4591 sed
992 4524 1139 4596 exparte
1167 4533 1281 4593 magna
1303 4512 1395 4574 etiam
1420 4509 1562 4583 acclinat,

200 4616 344 4690 quantum
367 4625 411 4669 se.
445 4615 495 4668 est
524 4625 544 4668 a
576 4614 687 4686 puncto
719 4606 830 4684 gradm
861 4605 1051 4687 nonagesimi
1079 4605 1118 4667 ad
1141 4603 1348 4666 meridianum.
1396 4599 1563 4663 Octavo:

200 4696 322 4778 trigoni,
346 4695 496 4775 hexagoni
520 4701 552 4757 et
573 4695 728 4775 tetragoni
760 4694 808 4756 hie
830 4713 890 4757 non
913 4702 1043 4775 possunt
1064 4692 1194 4773 intelligi
1217 4692 1255 4753 de
1278 4697 1459 4770 aequatore,
1494 4686 1566 4767 quia

201 4804 303 4849 eorum
330 4785 384 4848 alii
412 4784 552 4847 dicontur
581 4803 649 4846 esse
673 4785 848 4863 longamm,
883 4784 936 4846 alii
958 4783 1094 4846 brevium
1125 4780 1345 4844 ascensionum.
1393 4779 1438 4838 At
1460 4792 1565 4836 omnes

201 4873 375 4958 sequuturis
396 4873 508 4956 trigoni
531 4881 603 4958 sunt
626 4873 797 4957 aequalium
821 4873 1041 4937 ascensionum.
1088 4872 1210 4935 Nono:
1236 4867 1311 4932 alibi
1330 4864 1485 4930 consentit
1507 4861 1565 4924 sibi
