3838 5824
374 335 417 405 92
970 335 1132 391 Prooemium.

847 458 856 483 l
1063 476 1075 491 a

373 500 402 564 in
427 499 628 580 descriptione
653 498 750 559 latine
773 498 942 573 monuisse,
977 517 1044 559 esse
1077 496 1148 559 mihi
1181 497 1210 559 in
1239 506 1359 577 promtu
1388 502 1526 561 numeros
1550 499 1736 571 minutiores,
1825 563 1833 571 ‚

374 591 427 652 sed
452 590 559 671 quibus
584 584 754 651 intra‘200
777 606 871 648 annos
895 588 1015 649 circiter
1038 581 1079 650 8⁰
1101 606 1183 649 error
1206 588 1411 650 committatur
1433 588 1463 650 in
1479 589 1577 650 reditu
1598 587 1633 659 Q.
1672 585 1735 650 Oe-

373 689 469 741 terum
495 677 612 740 facilius
635 685 685 738 est
708 676 805 755 perito
830 676 937 737 artifici
960 686 1024 738 tarn
1047 676 1142 737 exiles
1171 676 1328 755 effingere,
1358 695 1446 757 quam
1475 676 1547 738 ruibi
1574 678 1681 756 partiri
1705 676 1736 738 in

373 775 457 830 rotas
479 768 592 847 plures.
639 765 763 827 Homeri
786 763 865 825 enirn
887 765 967 829 inter
990 784 1023 826 se
1046 764 1132 843 primi
1156 774 1246 826 sunt:
1272 774 1339 827 teta
1362 785 1431 826 vero
1456 766 1553 828 forma
1576 773 1608 828 et
1630 766 1736 846 dispo·

374 858 444 919 sitio
469 875 535 917 euru
561 855 730 916 immodum
755 860 910 932 suscepte,
944 854 993 932 qui
1022 872 1079 914 non
1105 854 1205 933 possit
1227 873 1280 933 pro
1305 874 1364 917 una
1388 855 1463 916 duas
1488 863 1572 916 rotas
1597 854 1733 934 adipisci,

373 947 415 1007 uti
441 946 556 1025 tejam
579 943 749 1022 intelligere
774 943 873 1003 credo.

462 1035 495 1095 lu
521 1033 628 1093 eadem
652 1032 747 1093 latina
770 1030 972 1109 descriptione
995 1050 1099 1092 secure
1123 1029 1315 1108 scrupulosus
1345 1029 1404 1091 lui:
1439 1050 1474 1091 eo
1499 1030 1578 1111 quod
1608 1030 1663 1092 tibi
1688 1050 1735 1092 me

373 1123 430 1184 soli
445 1122 576 1184 scribere
591 1139 755 1181 censerem.
787 1120 955 1198 Propterea
976 1120 1067 1180 etiam
1092 1118 1184 1181 latine
1209 1119 1325 1197 scripsi,
1351 1128 1382 1180 et
1406 1119 1434 1180 in
1458 1119 1632 1198 germanico
1657 1120 1735 1192 cavi,

358 1232 410 1273 *ne
434 1211 529 1273 latina
553 1209 715 1288 descrsptio
738 1208 768 1268 in
791 1207 907 1269 alienas
931 1227 1038 1269 manus
1062 1207 1212 1270 deveniat.
1252 1206 1304 1269 Sic
1328 1206 1405 1269 euim
1430 1208 1612 1282 existimavi,
1637 1207 1734 1270 nerui-

373 1318 444 1362 ueur
464 1319 503 1361 ex
525 1298 705 1360 consiliariis
730 1298 811 1369 foro,
842 1296 973 1376 quinon
999 1307 1082 1359 tuum
1106 1297 1199 1361 solius
1224 1296 1377 1358 consilium
1403 1297 1524 1374 expeti,
1558 1315 1647 1377 quam
1670 1296 1735 1377 ipse

374 1389 605 1470 prolixissimum
620 1386 765 1466 scripturn
784 1386 906 1464 ignotae
922 1384 1078 1459 materiae,
1103 1402 1209 1447 manus
1233 1385 1486 1458 intricatissimae‚
1512 1386 1613 1464 legere
1636 1387 1733 1449 malit.

373 1480 479 1558 ltaque
503 1477 599 1539 adbuc
623 1493 679 1556 ego
703 1476 741 1536 de
764 1474 903 1535 sollicitis
923 1473 991 1535 istis
1011 1474 1199 1537 cautionibus
1218 1492 1342 1535 securus
1361 1493 1437 1535 snm.
1476 1472 1565 1544 Quod
1589 1473 1616 1534 si
1639 1475 1733 1535 etiam
1793 1500 1797 1519 ·

373 1568 485 1646 legant,
509 1565 654 1626 videbunt
677 1583 724 1626 me
748 1572 885 1641 apertum
909 1583 977 1626 esse
1001 1572 1032 1625 et
1055 1564 1245 1643 diligentem,
1270 1562 1320 1642 qui
1344 1562 1443 1623 omnia
1467 1563 1649 1641 expendam,
1675 1581 1731 1624 neo

372 1664 522 1729 metuent,
545 1661 579 1716 et
602 1672 649 1714 me
673 1653 743 1733 qnid
768 1652 861 1713 latere
886 1653 996 1731 possit,
1022 1653 1101 1734 quod
1124 1653 1163 1714 ad
1187 1652 1231 1712 nei
1255 1669 1400 1713 summam
1424 1660 1553 1730 spectet.

294 1812 301 1821 A
462 1742 550 1813 Quod
575 1743 613 1803 ad
637 1760 684 1802 me
708 1742 756 1802 hic
781 1742 1069 1820 increpandumtuo
1093 1741 1229 1821 exemplo
1254 1738 1363 1814 uteris,
1392 1741 1487 1813 scito,
1511 1741 1591 1802 ideru
1611 1740 1654 1802 ad
1678 1752 1735 1801 un-

372 1851 460 1913 guem
484 1832 555 1894 milri
580 1831 627 1893 hic
651 1830 807 1892 accidisse.
841 1829 955 1892 Rector
969 1840 1072 1891 noster
1086 1830 1164 1892 mele
1179 1829 1249 1891 milri
1270 1828 1420 1908 cupiebat,
1447 1829 1514 1908 ejus
1537 1847 1594 1909 ego
1618 1829 1734 1891 calum-

373 1922 439 1984 nias
464 1921 500 1981 de
524 1920 659 1981 novitate
683 1919 789 1980 odiosa
812 1919 1012 1981 metuebam:
1034 1919 1131 1997 Igitur
1154 1918 1311 1980 consilium
1335 1917 1400 1997 cepi
1429 1917 1610 1980 extenuandi
1634 1936 1736 1979 ceretu

374 2011 425 2072 illo
448 2008 506 2070 mei
530 2008 654 2081 inventi,
680 2015 712 2070 ut
727 2006 805 2087 quod
828 2024 887 2069 uon
911 2025 1022 2069 novum
1045 2007 1098 2068 sed
1114 2007 1280 2086 antiquitus
1304 2014 1407 2068 notum
1432 2007 1531 2069 fuerit.
1573 2005 1682 2068 Incidit
1705 2005 1734 2066 in

372 2097 507 2181 Scyllam
535 2098 659 2177 cupiens
692 2095 789 2158 vitare
815 2093 999 2177 Charybdin.
1045 2095 1126 2159 Nam
1156 2094 1284 2174 arripuit
1306 2092 1380 2156 illud
1404 2094 1441 2156 de
1466 2094 1646 2176 antiquitate
1669 2113 1736 2157 ma-

368 2187 525 2267 joremque
550 2204 588 2247 ex
611 2205 647 2247 ea
671 2183 849 2246 calumniam
878 2184 907 2245 in
935 2203 983 2245 me
1016 2184 1182 2256 derivavit,
1217 2203 1306 2263 qnam
1340 2202 1377 2244 ex
1404 2184 1533 2246 curiosa
1552 2193 1584 2245 et
1607 2182 1737 2263 superba

372 2275 509 2337 novitate
533 2274 684 2354 potuisset
707 2292 856 2353 unquam:
881 2280 914 2334 et
936 2280 1038 2336 tamen
1062 2292 1130 2334 mea
1151 2272 1249 2334 vitula
1271 2271 1388 2334 arabat.

444 2446 840 2502 Meesuinmd.22.ssn.1aut
859 2449 923 2501 haeo
940 2450 1079 2514 respoudit:
1101 2447 1242 2499 Mirebilem
1258 2449 1329 2499 rideo
1347 2449 1453 2513 priorum
1470 2449 1598 2499 literarum
1626 2462 1736 2499 mearum

373 2524 498 2573 inmunem
507 2524 532 2571 in
544 2523 640 2573 itinere.
651 2521 855 2586 quemadmodum
863 2521 1007 2571 tabellarius
1012 2521 1027 2570 J
1029 2520 1121 2571 ecobus
1133 2521 1296 2584 superioribus
1305 2521 1430 2570 mensibus
1439 2520 1499 2569 milui
1510 2535 1606 2584 qnoque
1617 2522 1735 2584 exposuit

371 2592 465 2644 Verum
483 2608 522 2643 res
540 2594 604 2643 bene
626 2593 719 2649 habet,
744 2592 864 2656 siquidem
882 2593 921 2642 rel
939 2593 1041 2643 taudem
1060 2592 1167 2641 traditae
1190 2592 1296 2640 fuerunt.
1335 2590 1423 2640 Mense
1442 2591 1541 2641 Octobri
1561 2591 1641 2641 uelles
1660 2592 1693 2641 ad
1711 2598 1736 2641 te

373 2666 460 2729 scripsi
478 2664 570 2714 literas.
587 2701 593 2713 .
608 2700 635 2713 ..
655 2663 753 2713 Literas
771 2670 828 2713 tuas
847 2665 993 2727 superiores,
1012 2677 1073 2729 quas
1092 2663 1125 2712 de
1140 2663 1266 2728 horologio
1285 2663 1319 2712 ed
1336 2677 1397 2725 opus
1413 2665 1603 2713 astronomicum
1622 2662 1737 2712 addendo

373 2736 425 2785 dns
442 2750 498 2785 oum
517 2735 601 2785 rotulis
620 2735 708 2785 dedisti
728 2735 761 2785 ad
778 2750 818 2784 me
837 2735 969 2785 admodum
987 2736 1109 2799 prollxas,
1128 2734 1209 2785 mhuc
1228 2749 1325 2784 mecum
1344 2734 1447 2784 retineo.
1483 2733 1560 2784 Ratio
1580 2740 1626 2789 est,
1645 2732 1741 2783 litem

374 2821 489 2869 meyerus
507 2807 641 2870 praeterito
659 2820 745 2856 mense
763 2805 838 2872 apud.
852 2820 898 2855 uos
921 2806 982 2863 tuit,
1010 2808 1049 2857 cui
1077 2805 1162 2856 literas
1181 2806 1330 2863 monstrari,
1357 2818 1490 2869 earumque
1515 2811 1635 2855 contenta
1653 2806 1761 2854 coram'

374 2877 404 2927 D.
428 2878 458 2926 D.
481 2877 652 2928 Huieureffero
671 2879 779 2941 exposui.
817 2875 867 2926 Sed
885 2877 971 2935 rideo,
995 2879 1123 2927 vhominem
1149 2877 1180 2926 ab
1206 2876 1253 2926 hoc
1276 2877 1376 2940 negotio
1400 2876 1474 2940 plane
1494 2876 1631 2927 abhorrere.
1670 2874 1735 2925 Cou-

372 2948 500 2998 sulnernrrt
519 2963 577 3013 orgo
595 2963 690 3005 ornnes,
708 2951 871 2998 mutationem
887 2949 981 2998 unllam
994 2963 1049 3000 esse
1062 2947 1251 3012 suscipiendam.
1282 2946 1391 3011 Cumque
1407 2962 1455 3002 me.
1475 2962 1507 2996 ne
1524 2949 1639 3011 princeps
1658 2946 1735 2997 offen·

372 3019 478 3075 deretur,
497 3028 608 3069 metuere
626 3020 740 3080 dicerem,
760 3018 802 3068 ills
821 3020 954 3083 respondit,
973 3020 1034 3069 nihil
1046 3021 1079 3068 ibl
1092 3020 1194 3069 subesse
1205 3019 1323 3083 periculir
1342 3018 1388 3067 sibi
1407 3021 1473 3068 enim
1491 3019 1606 3083 principis
1625 3019 1735 3069 animum

370 3092 407 3140 sic
426 3092 552 3157 cognitum
571 3105 641 3149 esse,
666 3092 715 3140 nisi
733 3105 816 3141 coram
834 3092 911 3140 oculis
928 3091 1028 3147 deleat,
1055 3097 1099 3141 ant
1119 3089 1188 3140 hisce
1210 3090 1307 3154 scriptis
1332 3096 1478 3148 monemur,
1505 3090 1582 3152 ipsius
1602 3089 1666 3140 Cels
1685 3103 1736 3139 uon

370 3162 473 3217 ulterius
491 3163 522 3213 de
541 3177 570 3213 oe
589 3164 720 3226 quiequam
743 3176 798 3211 esso
818 3168 948 3212 moturem.
986 3154 1099 3225 Inprimis
1121 3176 1192 3217 roro,
1219 3161 1283 3225 qnod
1305 3160 1363 3211 mihi
1386 3175 1482 3225 quoque
1505 3161 1645 3217 ridebatur.
1672 3162 1737 3210 mcut

353 3234 536 3296 -superioribns
554 3233 631 3282 literis
650 3234 744 3295 scripsi,
763 3234 896 3289 immanem
917 3233 1096 3282 denticulorum
1118 3247 1245 3281 numerum
1264 3233 1363 3282 dicebrd
1381 3246 1537 3296 nequequam
1555 3232 1736 3297 repraesentari

339 3347 350 3367 „
371 3319 451 3367 posse.
488 3303 629 3353 Parendum
649 3317 707 3367 ergo
728 3303 877 3352 initantum
896 3303 1006 3359 consilio,
1026 3310 1052 3352 et
1069 3303 1099 3359 si,
1118 3303 1183 3366 quod
1201 3317 1239 3352 res
1259 3310 1306 3360 est,
1325 3303 1405 3353 denuo
1425 3305 1506 3353 dicere
1525 3303 1606 3361 velim,
1625 3305 1692 3354 suasi
1710 3301 1737 3351 id

372 3374 443 3423 initio
469 3375 546 3431 ultro,
572 3373 686 3437 idemque
704 3373 785 3422 adhuc
804 3373 920 3422 iacerem.
959 3372 1008 3423 Sed
1026 3374 1098 3422 nimis
1116 3376 1250 3437 pretiosum
1270 3389 1330 3437 opus
1354 3384 1407 3432 est;
1434 3382 1510 3424 antea
1535 3381 1620 3425 autem
1638 3375 1735 3425 dissue-

373 3444 432 3494 dere
450 3445 511 3494 illud
528 3443 597 3494 haud
614 3446 691 3507 potui,
710 3445 770 3508 quia
786 3445 919 3507 putebant,
939 3456 971 3494 ee
987 3445 1103 3494 universe
1121 3459 1138 3495 a
1155 3452 1181 3495 te·
1196 3447 1249 3507 jam
1262 3452 1322 3496 aute
1335 3449 1426 3511 optime
1439 3447 1521 3506 truse,
1541 3447 1661 3510 quomodo
1679 3459 1734 3510 per·

372 3514 412 3565 lici
431 3521 540 3579 possem,
558 3514 749 3578 praemeditata

445 3586 580 3637 Excusatm
599 3586 693 3635 turaldo
711 3587 785 3650 priori
802 3586 893 3649 scripto
912 3592 954 3636 tuo
973 3586 1006 3636 ad
1024 3600 1064 3636 ms
1083 3586 1142 3637 dato
1161 3588 1238 3637 etsie
1256 3587 1377 3638 adornato
1397 3587 1513 3651 epndme
1526 3587 1642 3661 facillime
1654 3589 1736 3640 locum

372 3657 461 3715 babet,
486 3672 570 3707 rerum
590 3657 749 3707 metuendum
769 3663 846 3716 esset,
873 3665 901 3707 ut
920 3658 985 3722 apud
1004 3657 1077 3717 alios,
1102 3659 1189 3722 qulbus
1208 3660 1256 3709 hae
1274 3665 1334 3708 tuae
1352 3660 1461 3708 rationes
1480 3660 1581 3723 ignotas
1600 3665 1658 3709 sunt
1676 3657 1735 3722 (nec

373 3732 438 3779 eninr
456 3729 568 3777 omnibus
589 3741 632 3778 eas
652 3742 773 3790 exponere
793 3726 913 3792 possem),
933 3744 972 3779 res
992 3729 1064 3779 aliter
1082 3732 1243 3793 acciperetur.
1282 3729 1332 3780 Sed
1349 3744 1388 3778 res
1407 3730 1470 3780 bene
1488 3730 1580 3787 habet,
1599 3729 1735 3795 quiaillud

372 3800 490 3863 sorlptnrn
513 3804 612 3863 propter
636 3812 738 3850 cansam
763 3799 856 3849 dictem
878 3801 903 3849 in
928 3801 1030 3850 allorum
1054 3813 1143 3851 monus
1166 3816 1217 3850 unu
1239 3802 1315 3851 rento.
1354 3800 1447 3861 Quodsi
1465 3801 1503 3851 vel
1522 3803 1634 3866 princeps
1651 3816 1735 3853 rursus

370 3872 505 3929 monuerit,
524 3870 563 3921 rel
580 3870 625 3920 tibi
642 3884 682 3921 ros
700 3871 773 3922 aliter
790 3870 975 3933 rideaturssst
996 3874 1114 3936 temporis
1133 3873 1181 3922 erit
1198 3872 1229 3922 de
1247 3874 1348 3939 mogodo
1366 3871 1432 3923 uiua
1450 3873 1584 3938 cogitandi.
1603 3897 1639 3910 -

443 4028 483 4081 Ad
500 4030 563 4081 leaeo
581 4030 759 4094 Keplerus:

462 4137 508 4198 De
524 4136 749 4217 Stuggardiano
773 4140 895 4220 negotio
919 4139 979 4202 tuis
998 4140 1157 4220 acquiesco
1176 4139 1321 4209 consiliis.
1360 4139 1462 4202 Velim
1484 4147 1597 4213 tamem
1622 4157 1733 4219 argen-

372 4236 445 4298 turu,
470 4228 549 4305 quod
568 4228 632 4307 jam
656 4227 821 4306 impensum
845 4238 902 4304 est,
927 4229 1096 4303 asservari,
1121 4247 1179 4291 noe
1204 4230 1285 4291 inter
1307 4228 1444 4310 privatos
1468 4227 1611 4304 distrahi,
1636 4236 1684 4301 ut,
1708 4228 1735 4290 si

373 4316 492 4395 quamn
507 4334 591 4396 opus,
617 4316 704 4396 quale
728 4316 784 4379 tibi
808 4318 964 4398 descripsi,
991 4317 1066 4380 meis
1090 4318 1138 4380 vel
1152 4319 1290 4398 alicujus
1309 4317 1424 4397 opificis
1443 4317 1591 4379 sumtibus
1614 4317 1735 4399 periec-

371 4411 437 4465 tum
460 4411 493 4466 et
515 4405 686 4467 absolutum
709 4407 836 4486 principi
858 4426 912 4487 pro
935 4425 1022 4469 meae
1045 4406 1145 4469 tames
1171 4406 1345 4469 defensione
1366 4406 1514 4481 obtulero,
1539 4407 1673 4469 rationes
1696 4407 1734 4468 de

374 4501 500 4571 argento
523 4493 566 4554 illi
591 4494 652 4555 sint
674 4495 845 4575 expeditae.
892 4494 1008 4567 Quodsi
1037 4496 1229 4558 metuendum
1256 4495 1312 4557 tibi
1340 4514 1398 4557 non
1428 4502 1494 4568 est,
1527 4503 1562 4557 ut
1588 4496 1670 4558 ultra
1697 4514 1735 4557 ex

370 4582 445 4643 aula
466 4582 683 4663 interpellaris,
708 4586 828 4647 remitte
852 4584 925 4648 milri
948 4583 1181 4662 descriptionem
1205 4584 1331 4646 latinam
1354 4583 1482 4657 saltem,
1515 4593 1672 4647 reservata
1695 4584 1735 4646 ed

373 4689 491 4732 ornnem
515 4679 654 4734 eventum
677 4673 865 4753 germanica,
890 4673 961 4754 quia
983 4674 1138 4753 exemplar
1159 4693 1219 4735 non
1243 4672 1351 4735 habeo.

1149 4760 1183 4823 (u
1201 4761 1278 4815 urea
1296 4761 1321 4810 r.
1340 4761 1364 4811 u
1384 4756 1427 4811 ao.
1446 4760 1516 4811 reu.
1538 4755 1628 4822 rose.)
