3786 5808
424 365 468 449 bi
819 308 1179 433 'monum

420 563 540 607 movere
564 544 695 606 fortasse
718 543 899 624 postulando
926 543 1045 622 possit:
1078 543 1104 606 si
1132 542 1210 605 iorte
1234 541 1358 605 fortuito
1381 541 1443 604 iilic
1467 542 1599 605 locomm
1625 550 1788 605 transeant

423 632 719 714 Gruppenbacbiani.

509 722 555 784 En
579 722 674 784 habes
698 721 857 802 epistolam
880 720 955 781 bene
979 721 1111 800 longam,
1135 728 1168 780 et
1190 719 1355 800 longiorem
1378 720 1519 796 fortasse,
1544 738 1638 801 quam
1653 736 1787 800 occupa-

421 812 520 875 tiones
540 829 629 872 meae
653 806 805 891 nuptiales
824 809 901 872 ferre
922 817 1060 889 possunt.
1108 806 1247 887 Optarim
1271 818 1381 881 autem,
1404 818 1438 871 ut
1462 817 1493 871 et
1514 829 1570 890 per
1593 809 1709 870 literas
1731 827 1787 889 pe-

422 902 465 976 tii,
492 900 608 981 aliquos
632 918 670 960 ex
691 908 793 960 vestro
819 895 965 977 collegio,
990 908 1021 959 ta
1043 898 1221 978 praesertim
1242 913 1332 977 atque
1352 899 1395 961 M.
1410 898 1562 961 Millernm
1585 898 1638 960 hic
1665 898 1786 959 adesse.

422 989 483 1053 Sed
508 989 637 1070 quiade
661 997 692 1051 te
716 989 772 1049 hou
796 1006 918 1068 sperare
942 1006 999 1055 non
1023 1004 1165 1066 possum,
1189 986 1262 1049 illud
1286 987 1381 1048 solum
1404 996 1436 1049 te
1460 1006 1550 1067 rugo,
1580 996 1614 1049 nt
1642 987 1683 1048 ad
1709 987 1787 1048 diem

421 1079 585 1159 nuptialem
609 1077 670 1139 tuis
693 1076 831 1159 precibus
854 1075 925 1137 mihi
949 1086 1071 1156 praesto
1095 1077 1150 1139 sis.
1196 1075 1309 1138 Rerum
1332 1094 1466 1139 meamm
1490 1085 1702 1157 slatuspurro
1717 1075 1787 1139 talis

421 1178 478 1243 est,
503 1176 537 1230 ut
561 1168 586 1229 si
610 1167 719 1228 moriar
741 1167 823 1227 intra
846 1174 963 1240 ann'nm,
988 1165 1040 1226 vix
1063 1180 1240 1247 quemqnam
1264 1166 1361 1246 major
1379 1165 1542 1229 infelicitas
1561 1175 1717 1227 mortuum
1737 1183 1787 1226 se-

422 1256 471 1338 qui
495 1256 602 1337 possit.
649 1254 753 1335 Magni
778 1263 893 1316 sumtus
917 1254 953 1316 da
976 1272 1043 1315 meo
1067 1254 1197 1316 faciendi
1221 1262 1310 1316 sunt:
1343 1255 1442 1317 solent
1465 1275 1494 1316 n.
1519 1255 1567 1317 hic
1591 1250 1781 1334 splendidis·

421 1347 496 1408 sime
519 1345 659 1427 apparari
682 1343 815 1424 nuptiae.
863 1343 916 1406 Sin
941 1353 1042 1406 autem
1065 1342 1148 1406 Deus
1172 1343 1244 1409 mihi
1268 1343 1360 1405 vitam
1385 1354 1540 1423 proroget,
1574 1353 1697 1405 certum
1730 1352 1785 1411 est,

422 1435 548 1515 ligatum
571 1442 604 1495 et
626 1433 822 1496 constrictum
846 1451 892 1493 ma
916 1452 985 1495 esse
1007 1433 1038 1494 in
1063 1433 1140 1494 bunc
1163 1434 1278 1505 locum,
1304 1433 1443 1513 quicquid
1466 1433 1589 1495 tandem
1614 1433 1654 1494 de
1681 1439 1786 1495 nostra

421 1525 526 1588 schola
555 1522 618 1586 fiat.
666 1522 744 1585 Sunt
775 1523 854 1583 enim
884 1540 1013 1601 sponsae
1041 1539 1126 1583 meaa
1150 1521 1206 1583 hoc
1230 1523 1295 1583 loen
1318 1523 1462 1600 praedia,
1496 1531 1566 1584 sunt
1589 1523 1704 1596 amici,
1741 1527 1788 1583 est

421 1623 510 1695 pater
541 1612 693 1692 locuples;
727 1619 760 1673 ut
791 1612 852 1672 fere
874 1611 994 1673 salario
1017 1630 1077 1673 non
1100 1629 1281 1691 magnopere
1306 1610 1439 1691 indigere
1462 1611 1567 1673 videar
1588 1621 1667 1691 pust
1691 1628 1785 1672 anuos

421 1703 563 1805 aliquot(
570 1702 596 1763 si
619 1692 694 1763 mihi
715 1701 780 1777 hoc
795 1701 935 1762 decomm
958 1709 1052 1761 esset.
1094 1699 1158 1763 Nec
1177 1699 1248 1762 mihi
1266 1708 1355 1781 patet
1369 1702 1467 1763 unitus
1482 1719 1519 1762 ex
1538 1700 1594 1762 bac
1614 1698 1784 1780 provincia,

420 1791 477 1853 nisi
500 1800 553 1853 aut
575 1789 696 1872 publica
714 1772 878 1855 calamitas
901 1797 954 1850 aut
977 1789 1096 1868 privata
1119 1788 1310 1850 interveniat.
1357 1788 1496 1865 Publica,
1529 1790 1553 1851 si
1582 1808 1696 1870 nempe
1720 1789 1783 1850 Ln-

419 1881 546 1942 therano
570 1898 628 1941 nnn
653 1871 782 1959 amplius
803 1885 870 1939 tuta
893 1877 933 1939 sit
955 1877 1128 1958 pruvincia,
1162 1887 1215 1940 aut
1243 1878 1268 1940 si
1292 1897 1311 1938 a
1333 1876 1431 1939 Turca
1454 1878 1575 1959 propius
1598 1878 1783 1941 infestetur:

421 1968 470 2050 qni
494 1968 644 2049 quidem
631 1987 697 2048 Jaru
710 1967 879 2029 nunciatur
901 1985 968 2027 oum
991 1966 1142 2029 sexcentis
1166 1966 1296 2029 millibus
1320 1966 1492 2029 hominurn
1483 1986 1513 2029 m
1526 1968 1688 2047 procinctu
1705 1984 1782 2028 esse.

421 2057 545 2120 Privata
566 2070 639 2120 vero
660 2055 821 2121 calamitas
852 2055 879 2117 si
909 2074 977 2117 mea
999 2074 1074 2118 uxor
1096 2056 1249 2119 moriatur.
1296 2054 1348 2118 Sic
1371 2058 1463 2119 etium
1487 2056 1626 2119 umbram
1650 2056 1782 2138 aliquam

420 2154 520 2210 status
544 2146 601 2208 mei
624 2144 734 2217 uidesss¹
768 2146 798 2206 A
820 2144 886 2211 uso
908 2146 996 2225 plura
1017 2154 1122 2226 petere
1146 2164 1203 2208 non
1228 2145 1332 2219 audeo,
1359 2165 1448 2227 qnam
1471 2146 1526 2208 hoc
1549 2154 1689 2227 tempore
1711 2143 1783 2206 mihi

419 2236 569 2299 eveniunt.
616 2236 650 2298 In
680 2232 868 2311 naturalibus
901 2242 1000 2296 antam
1032 2235 1132 2297 causis
1165 2253 1295 2316 agnosco
1320 2234 1460 2297 effectum
1484 2234 1664 2298 directionis
1688 2232 1782 2296 Medii

419 2325 495 2387 coeii
517 2325 557 2386 ad
575 2318 684 2387 iovem
709 2333 740 2385 et
764 2318 865 2386 sextil:
882 2321 918 2397 Ω.
951 2324 1026 2387 Asc.
1043 2322 1082 2384 ad
1097 2327 1123 2397 00
1141 2322 1192 2402 Θ,
1217 2322 1298 2398 009,
1321 2322 1411 2399 All,
1436 2321 1476 2401 Θ
1502 2323 1541 2385 ad
1563 2329 1599 2395 Δ
1622 2326 1665 2397 b.
1702 2320 1781 2393 Quid

419 2414 593 2486 directio)
619 2413 659 2475 ad
683 2416 709 2486 00
734 2415 756 2491 b
779 2420 809 2474 et
831 2406 867 2477 [J
889 2419 916 2483 ὁ
939 2422 1028 2493 atque
1052 2412 1198 2475 transitus
1222 2411 1272 2474 illa
1296 2413 1335 2475 ad
1359 2408 1543 2475 futuruurd.
1565 2409 1615 2476 18.
1634 2412 1779 2492 Septem·
1881 2430 1882 2435 ¹

418 2502 481 2565 bris
513 2503 659 2566 allaturus
690 2500 751 2575 sit,
785 2508 912 2580 expecto
942 2519 1001 2563 nun
1030 2501 1206 2563 meticuloso
1230 2502 1347 2577 animo,
1381 2521 1448 2564 cum
1471 2502 1569 2564 Deum
1592 2501 1780 2604 superiorem

419 2610 591 2674 agnoscam.
638 2592 673 2655 Iu
696 2608 806 2671 magno
829 2608 896 2652 meo
920 2589 1082 2652 infortunio
1107 2590 1178 2652 illud
1202 2550 1415 2653 oblectationis
1438 2590 1543 2666 habui,
1573 2593 1655 2671 quod
1679 2588 1780 2653 omnia

418 2681 463 2743 ita
496 2700 562 2744 cum
592 2682 676 2743 coelo
709 2672 935 2743 consenserunt.
995 2679 1131 2742 Directio
1164 2689 1230 2742 erat
1261 2699 1334 2761 prae
1367 2681 1500 2743 iuribus:
1536 2639 1592 2741 bed
1625 2680 1779 2742 Saturnus

418 2770 569 2832 transibat
592 2789 646 2850 per
670 2769 840 2851 oppositum
862 2767 951 2831 Jovis
974 2778 1005 2830 et
1029 2769 1289 2852 appropinquabat
1311 2769 1457 2851 quadrato
1471 2769 1676 2844 ascendentis,
1702 2768 1778 2829 unde

418 2859 519 2922 omnia
541 2859 688 2941 impedita
710 2866 794 2932 sunt,
825 2877 918 2938 usque
942 2876 987 2932 eo,
1012 2857 1081 2920 duur
1105 2857 1254 2920 Saturnus
1277 2878 1396 2922 cursum
1418 2868 1499 2921 retro
1522 2859 1663 2920 flecteret
1686 2875 1777 2937 supe-

416 2948 487 3011 riori
509 2948 664 3012 Jannario.
707 2948 766 3011 Est
789 2956 890 3013 autern
913 2947 986 3010 mihi
1007 2947 1039 3022 ‘il
1061 2947 1092 3009 in
1120 2944 1158 3011 19
1180 2950 1317 3022 >iselam
1342 2948 1373 3009 in
1397 2944 1439 3011 25
1463 2947 1573 3029 gemin.
1621 2946 1687 3010 Sed
1712 2944 1777 3009 linis

416 3040 543 3101 chartae
574 3039 672 3101 adest
717 3037 784 3118 Ego
809 3037 849 3099 H
875 3036 969 3100 Tuam
992 3036 1059 3098 Deo
1083 3035 1155 3117 Opt.
1180 3037 1263 3099 Max.
1294 3038 1488 3111 commendo,
1523 3036 1572 3119 qui
1595 3037 1654 3099 tibi
1678 3034 1777 3098 omnia

414 3127 540 3209 largiter
562 3128 719 3191 retribuat.
767 3124 800 3188 Si
823 3134 942 3188 tantum
965 3126 1019 3188 otii
1042 3126 1097 3187 tibi
1121 3136 1278 3205 superest.
1312 3145 1424 3206 quaeso
1448 3127 1633 3189 solummodo
1659 3126 1698 3188 de
1722 3143 1775 3186 oa-

414 3217 548 3280 lendario
572 3218 764 3298 respondeas.
811 3215 890 3277 Vale
913 3215 1098 3294 Praeceptor
1120 3215 1338 3277 amantissime.
1381 3220 1384 3226 '

505 3301 536 3368 9.
561 3306 677 3386 Aprilis
701 3307 781 3387 stylo
805 3321 883 3364 novo
907 3322 984 3364 annu
1011 3299 1105 3366 1597.
1219 3336 1223 3345 ·
1270 3336 1275 3347 ·

937 3391 977 3453 Η.
1002 3390 1037 3453 Τ.
1063 3388 1151 3454 Grat
1175 3392 1249 3454 disc.

1426 3480 1686 3566 mamper

487 3623 602 3674 Addidit
606 3619 663 3687 Kep
664 3621 753 3672 larus
746 3636 773 3671 m
790 3620 829 3671 blo
846 3619 923 3670 literis
941 3621 1061 3673 nonnulla
1077 3622 1109 3672 de
1128 3619 1275 3673 Calendario
1294 3621 1458 3689 Gregorius,
1482 3638 1547 3691 quse
1564 3627 1697 3688 referenda
1715 3638 1772 3675 oeu-

414 3697 508 3747 mimus
525 3694 560 3745 ad
577 3708 652 3761 opera
647 3638 770 3767 pusulas
789 3691 964 3759 chronologica
981 3690 1049 3755 (Vol.
1067 3689 1135 3757 IV..)

484 3764 654 3817 Maestiini
672 3777 791 3829 respuam
808 3778 908 3821 eorum,
935 3764 1021 3830 quibus
1039 3779 1099 3830 opus
1118 3764 1236 3816 donatum
1253 3767 1303 3821 ait.
1322 3767 1437 3823 nomina,
1456 3768 1608 3833 pretiumque
1626 3765 1771 3833 typothetae

414 3839 538 3893 solutum.
564 3838 677 3902 aliaque.
704 3850 769 3901 quaa
792 3834 877 3886 aliena
899 3836 946 3886 hoo
964 3837 1018 3886 iooo
1036 3844 1109 3896 eunt,
1134 3838 1243 3889 referunt
1262 3833 1323 3900 (vid.
1343 3836 1454 3888 Hanech.
1472 3854 1497 3903 p.
1519 3836 1551 3888 ld
1569 3836 1611 3901 a).
1649 3838 1771 3957 Kapierue

414 3909 547 3961 Mustlim
564 3909 690 3973 sumpsit
708 3907 845 3973 Septembri
863 3909 925 3958 enni
942 3905 1029 3958 roal.

503 4014 640 4077 Salutem
662 4014 830 4094 plurimam.
878 4013 913 4077 Si
935 4033 991 4076 nos
1014 4014 1120 4086 isthic
1144 4023 1178 4076 ut
1200 4021 1280 4094 opto,
1304 4014 1429 4092 saletis,
1454 4025 1573 4096 gratum
1596 4017 1668 4079 mihi
1693 4032 1767 4076 nun·

414 4104 497 4166 tium.
545 4103 610 4183 Ego
634 4113 666 4166 et
688 4122 756 4165 mea
778 4104 894 4185 conjnx,
919 4104 1008 4167 sicuti
1032 4113 1179 4185 optamus,
1203 4103 1413 4184 conjugialiter
1431 4107 1580 4169 valemus:
1605 4106 1683 4186 quod
1699 4120 1767 4163 ver·

414 4192 483 4256 bum
507 4192 576 4274 qnid
600 4192 762 4274 significet,
787 4191 841 4255 Sol
865 4194 1046 4273 patefaciet,
1070 4193 1119 4254 ubi
1142 4192 1182 4254 ad
1204 4193 1383 4273 quadratum
1406 4194 1445 4256 ab
1467 4195 1553 4257 initio
1577 4197 1674 4258 lucum
1697 4209 1766 4274 per·

414 4283 547 4355 venerit,
582 4282 608 4343 si
638 4282 701 4343 Deo
734 4282 892 4362 placuerit.
938 4283 1006 4346 Non
1029 4300 1151 4363 possum
1174 4289 1205 4343 ta
1230 4279 1405 4361 Clarissimo
1433 4283 1562 4346 Domine
1589 4289 1767 4366 praeceptor

412 4390 471 4433 non
491 4371 647 4433 certiorem
671 4372 805 4445 reddere,
831 4371 903 4434 mihi
925 4389 979 4452 pro
1003 4372 1085 4435 edito
1110 4371 1209 4433 libello
1234 4370 1310 4434 hunc
1334 4373 1476 4434 honorem
1499 4372 1629 4437 aGailis
1653 4367 1763 4439 baberi,

413 4470 446 4522 nt
468 4459 584 4540 Regius
607 4460 760 4538 professor
783 4460 925 4523 Lutetiae
948 4460 1130 4523 Parisiorum
1153 4480 1190 4521 ex
1213 4471 1303 4540 pactu
1326 4462 1508 4524 constitutus
1531 4481 1587 4545 ego
1612 4464 1681 4537 sim,
1715 4462 1766 4519 aut

413 4558 494 4610 certe
518 4548 610 4621 iilum,
636 4549 684 4629 qui
708 4550 782 4611 haec
807 4549 915 4611 adme
939 4550 1071 4630 scripsit,
1097 4549 1221 4612 stultum
1245 4550 1338 4613 inisse
1362 4570 1485 4613 necesse
1509 4552 1559 4614 sit.
1593 4548 1672 4621 Quia
1694 4560 1764 4608 vero

413 4638 447 4711 is,
474 4637 523 4718 qni
546 4637 619 4699 mibi
644 4642 708 4700 ioco
733 4637 839 4701 cedere
863 4638 1004 4714 uniebat,
1038 4640 1153 4701 interea
1176 4648 1310 4702 mortuus
1333 4648 1401 4713 est,
1424 4649 1457 4701 et
1477 4641 1580 4721 procul
1604 4640 1692 4702 dubio
1715 4634 1763 4697 di·

411 4744 518 4788 rersae
542 4727 710 4789 sententiae
733 4745 939 4790 successorem
958 4729 1022 4810 jam
1046 4727 1175 4807 reliquit,
1199 4728 1268 4790 ideo
1293 4728 1421 4803 decrevi,
1446 4730 1545 4810 quoad
1561 4730 1627 4792 Deo
1641 4729 1761 4811 placue-

412 4815 471 4888 rit,
503 4825 606 4897 apreta
634 4816 719 4896 regia
740 4817 927 4896 professione
950 4817 980 4878 in
1004 4814 1108 4900 Styria
1127 4836 1256 4879 manere.
1303 4817 1466 4899 Exemplar
1489 4819 1637 4898 epistolae
1660 4817 1762 4880 adme

411 4905 522 4969 missae
544 4905 600 4968 tibi
623 4907 869 4983 transmitterem,
893 4906 952 4969 nisi
975 4906 1047 4969 mihi
1062 4914 1226 4976 constaret,
1250 4914 1281 4969 te
1303 4906 1334 4970 id
1346 4905 1463 4988 pridem
1481 4907 1601 4973 habere.
1643 4904 1762 4989 Scapt·
