3838 5824
378 310 442 423 m
889 355 1002 421 Mysterii
1020 355 1220 422 cosmograpbioi

328 570 332 576 ,
373 525 474 592 tates,
505 523 539 578 st
562 515 658 580 tribus
684 515 919 580 dimensionibus
943 524 1105 579 constant:
1140 535 1210 578 narn
1232 515 1331 578 ideam
1355 515 1456 578 mnndi
1478 515 1644 595 perlectam
1668 532 1755 585 esse,

372 605 523 668 convenit.
571 605 710 667 Lineas
733 624 806 668 vero
831 613 862 667 et
884 606 1107 686 superficies
1131 613 1271 680 rectas,
1298 613 1330 666 ut
1352 605 1495 679 infinitas,
1521 611 1553 665 et
1575 602 1660 683 proin
1684 622 1736 666 or-

322 694 330 769 i
373 695 451 758 diois
467 693 587 756 minime
603 714 742 775 capaces,
768 714 784 755 e
805 695 913 756 mundo
931 694 1026 769 finito,
1051 694 1284 767 ordinatissimo,
1308 693 1507 773 pulcherrimo
1527 692 1692 772 ejiciamus.
1708 694 1736 766 ⁸)

326 790 329 797 '
361 784 502 845 Rursum
517 801 555 843 ex
578 784 808 862 corporibus,
835 802 957 863 quorum
973 782 1114 846 infinities
1130 782 1246 844 infinita
1259 791 1330 844 sunt
1342 801 1463 861 genera,
1489 780 1652 860 seligemus
1676 780 1736 842 ali·

372 892 432 952 qua
455 890 546 933 censu
570 871 674 934 babito
696 891 751 955 per
773 878 874 933 certas
899 878 1007 945 notas3
1030 880 1115 952 puta,
1141 890 1217 950 qnae
1241 879 1294 933 ant
1318 872 1415 933 latera
1438 878 1491 931 aut
1514 870 1655 949 angulos,
1684 876 1738 930 ant

371 960 471 1041 plana,
496 960 617 1040 singula
630 960 679 1021 vel
697 960 824 1035 alterna,
850 960 898 1021 vel
917 961 1023 1041 quovis
1047 959 1200 1021 constanti
1221 960 1309 1022 modo
1334 960 1430 1022 mixta
1452 958 1586 1020 babeant
1608 958 1736 1020 invicem

373 1048 522 1129 aequalia,
545 1057 579 1110 nt
602 1048 648 1109 ita
670 1050 750 1109 bona
773 1068 839 1110 cum
863 1049 980 1111 ratione
1004 1049 1042 1110 ad
1067 1048 1180 1111 finitum
1200 1049 1313 1130 aliquid
1332 1049 1479 1109 veniatur.
1512 1044 1601 1118 Quod
1617 1046 1736 1127 siquod

339 1142 343 1146 '
372 1156 467 1217 genus
492 1155 649 1217 corporum
671 1156 726 1217 per
749 1146 848 1200 certas
868 1137 1058 1199 *conditiones
1085 1138 1269 1217 descriptum
1291 1137 1372 1199 intra
1395 1137 1512 1216 species
1536 1136 1655 1215 quidem
1678 1155 1736 1197 uu·

372 1245 453 1287 mero
477 1225 579 1288 finitas
603 1226 759 1299 consistit,
788 1226 842 1287 sed
871 1235 971 1288 tameo
1000 1226 1031 1287 in
1059 1227 1212 1305 ingentem
1234 1244 1423 1287 numerorum
1447 1225 1565 1304 copiam
1588 1223 1736 1304 multipli-

372 1323 469 1390 catur,
495 1333 596 1376 eornm
620 1333 777 1394 corpomm
801 1315 927 1393 angulos
951 1323 983 1375 et
1006 1323 1112 1376 centra
1133 1315 1289 1393 planorum
1312 1314 1510 1394 probrorum
1533 1312 1734 1385 multitudine,

372 1398 590 1483 magnitudine,
614 1403 732 1482 situque
757 1403 1007 1478 demonstrando,
1033 1403 1059 1463 si
1081 1421 1255 1483 possumus,
1280 1403 1477 1464 adhibeamus
1491 1400 1539 1476 b):
1565 1401 1612 1463 sin
1637 1408 1737 1463 antem
1820 1439 1827 1447 ·

374 1490 399 1553 is
425 1492 510 1552 labor
533 1510 591 1552 uon
616 1499 664 1553 est
688 1491 833 1567 bominis,
865 1510 937 1572 ergo
968 1492 1118 1572 tantisper
1142 1492 1312 1554 differamus
1337 1491 1448 1553 numeri
1473 1510 1509 1553 ac
1533 1491 1612 1552 situs
1635 1508 1737 1551 earnm

373 1579 521 1641 rationem
541 1598 709 1659 quaerere,
739 1581 808 1642 dum
837 1580 903 1661 quis
931 1579 1019 1643 nobis
1042 1580 1195 1644 adunam
1217 1599 1339 1656 omnes,
1370 1589 1444 1661 quot
1472 1587 1642 1661 quantasve
1665 1577 1737 1651 sint,

373 1668 578 1748 descripserit.
616 1668 723 1730 Missis
746 1668 838 1749 igitur
861 1670 928 1732 fixis
953 1675 1043 1750 atque
1067 1669 1093 1731 ei
1118 1669 1289 1749 permissis,
1313 1670 1362 1751 qui
1388 1669 1470 1731 solus
1494 1676 1633 1731 numerat
1655 1667 1736 1729 mul-

372 1757 531 1819 titudinem
559 1759 734 1831 stellarum,
764 1765 796 1819 et
823 1758 958 1837 singulas
987 1758 1104 1820 nomine
1132 1766 1224 1821 vocat
1256 1758 1353 1830 (Psal.
1382 1756 1480 1832 147),
1511 1756 1737 1837 sapientissimo

372 1845 494 1920 artifici,
520 1864 575 1906 uos
599 1847 702 1908 oculos
726 1847 986 1927 adpropinquas,
1012 1867 1124 1925 paucas
1148 1855 1180 1908 et
1202 1848 1329 1909 mobiles
1352 1854 1575 1910 convertamus.

460 1933 597 2013 Denique
621 1934 714 2013 igitur
737 1934 886 1996 delectum
911 1953 1066 2014 corporum
1091 1937 1116 1997 si
1141 1935 1342 2010 babuerimus,
1368 1943 1459 2015 atque
1483 1953 1600 1997 omnem
1624 1932 1738 1995 mixto-

373 2039 437 2082 rum
461 2021 580 2083 tnrbam
603 2023 796 2101 ejecerimus,
826 2022 1009 2085 retineamus
1034 2043 1105 2085 vero
1129 2023 1196 2086 sola
1218 2024 1290 2098 illa,
1322 2043 1445 2104 quorum
1468 2024 1570 2103 omnia
1591 2023 1684 2102 plana
1706 2028 1739 2083 et

374 2109 562 2191 aequilatera
586 2119 618 2171 et
641 2109 841 2191 aequiangula
864 2111 993 2184 fuerint,
1024 2114 1183 2174 restabunt
1211 2112 1297 2174 nobis
1320 2113 1395 2175 baec
1419 2112 1547 2192 quinque
1577 2129 1739 2190 corpora

372 2198 574 2278 regularia,
601 2200 707 2280 quibus
724 2196 835 2261 Graeci
855 2200 929 2262 baec
949 2200 1115 2280 ascripsere
1140 2200 1269 2275 nomina,
1294 2202 1404 2264 cubus
1428 2221 1482 2263 sen
1505 2200 1735 2273 bexaddrnm

372 2286 534 2367 pyramis
558 2306 611 2349 seu
639 2289 881 2365 tetraddrum,
910 2289 1197 2359 dodecaddrum‚
1230 2286 1475 2364 icnsaddrurn,
1508 2289 1735 2351 octaedrum.

372 2373 519 2462 Quod-que
543 2375 590 2437 bis
614 2376 742 2457 quinque
765 2377 852 2457 plura
875 2396 942 2439 esse
966 2396 1024 2439 nou
1047 2379 1181 2457 possint,
1197 2381 1224 2452 ο)
1249 2380 1317 2440 vids
1342 2379 1460 2441 Euclid.
1487 2378 1537 2441 lib.
1561 2378 1638 2440 XIII
1664 2384 1737 2456 post

373 2481 456 2542 prop.
486 2461 526 2527 18
550 2464 695 2527 scholion.
712 2462 740 2537 d)
818 2507 823 2515 -

460 2550 563 2622 Quare
587 2552 666 2615 sicut
689 2553 794 2616 borum
816 2553 958 2615 definitus
982 2562 1013 2615 et
1036 2555 1161 2635 exiguus
1185 2556 1346 2618 admodum
1369 2564 1417 2616 est
1440 2570 1589 2628 uumerus,
1614 2561 1734 2614 oetero-

314 2642 318 2651 ’
372 2658 435 2701 rum
460 2649 513 2703 ant
536 2640 767 2704 innumerabiles
792 2650 844 2705 ant
867 2641 1001 2705 infinitae
1029 2643 1166 2724 species,
1200 2646 1245 2707 ita
1273 2643 1375 2707 docuit
1396 2644 1426 2705 iu
1450 2644 1560 2706 mundo
1584 2643 1642 2704 duo
1667 2660 1737 2703 esse

370 2728 530 2792 stellarum
552 2750 684 2810 genera,
720 2731 853 2793 evidenti
883 2731 1054 2794 discrimine
1084 2734 1122 2795 ab
1152 2754 1184 2797 se
1209 2734 1335 2796 invicem
1360 2733 1518 2813 distincta,
1552 2729 1734 2810 (cujusmodi

375 2826 474 2880 motus
498 2826 530 2880 et
553 2820 637 2900 quies
662 2822 738 2895 ast),
763 2839 886 2900 quornm
909 2840 999 2882 unum
1022 2840 1117 2902 genus
1139 2824 1254 2885 infinito
1277 2822 1394 2894 simile,
1425 2830 1459 2882 ut
1481 2823 1576 2896 brae,
1609 2820 1737 2881 alterum

371 2915 534 2986 angustum
558 2916 591 2971 ut
613 2908 765 2989 planetae.
812 2910 880 2972 Nou
905 2918 954 2972 est
977 2911 1065 2990 hujus
1090 2912 1148 2975 loci
1176 2913 1331 2992 disputare
1355 2912 1392 2972 de
1424 2911 1544 2981 causis,
1577 2928 1630 2970 cur
1660 2908 1734 2969 baec

373 3005 562 3072 moveantur,
586 2998 641 3060 illa
663 3018 732 3061 nou.
780 2997 842 3061 Sed
864 2999 973 3080 posito,
999 3001 1077 3079 qnod
1100 3001 1241 3080 planetae
1265 3007 1349 3062 motu
1372 2998 1566 3078 indiguerint,
1590 2996 1733 3076 seqnitur,
1803 3014 1807 3023 ·

372 3093 406 3147 ut
428 3084 507 3147 huuc
531 3086 720 3161 obtinerent,
746 3089 889 3150 rotundos
913 3088 1002 3150 orbes
1026 3089 1162 3168 accipere
1186 3088 1336 3151 debuisse.
1353 3090 1381 3158 ⁹)

463 3173 621 3252 Habemus
636 3174 738 3237 orbem
752 3184 876 3256 propter
890 3183 1013 3249 motum,
1038 3185 1070 3238 et
1092 3195 1218 3257 corpora
1239 3183 1363 3256 propter
1386 3194 1537 3236 numerum
1562 3180 1594 3234 et
1616 3170 1735 3251 magni-

319 3274 324 3301 =
372 3260 549 3336 tudineszs)
574 3263 643 3342 quid
667 3271 766 3325 restat
789 3262 935 3342 amplius,
962 3263 1031 3342 quin
1055 3264 1190 3326 dicamus
1213 3283 1280 3326 cnm
1303 3263 1441 3336 Platone,
1465 3266 1541 3322 deor
1563 3260 1609 3322 der
1631 3283 1736 3337 ysopo-

373 3370 460 3426 apso,
485 3358 575 3430 atque
598 3350 629 3411 in
654 3350 711 3411 bac
734 3350 888 3412 mobilium
912 3348 1027 3410 fabrica
1049 3369 1175 3429 corpora
1198 3351 1320 3414 orbibus
1339 3360 1371 3414 et
1385 3349 1474 3411 orbes
1489 3348 1663 3426 corporibus
1686 3348 1736 3410 in·
1823 3345 1831 3353 ’

371 3436 531 3516 scripsisse
555 3438 716 3518 tantisper,
741 3438 810 3498 dum
834 3436 945 3498 nullum
971 3437 1098 3516 amplius
1122 3458 1230 3518 corpus
1253 3446 1394 3509 restaret,
1418 3438 1498 3518 quod
1519 3455 1578 3498 non
1601 3435 1682 3499 intra
1704 3445 1738 3498 st

372 3531 460 3585 extra
483 3524 643 3588 mobilibus
666 3524 787 3587 orbibus
810 3524 955 3597 vestitum
978 3533 1072 3587 esset.
1117 3527 1196 3589 Nam
1219 3547 1258 3588 ex
1287 3524 1337 3603 13,
1365 3520 1421 3599 14,
1448 3522 1497 3600 15,
1526 3520 1575 3599 16,
1604 3523 1642 3587 17
1667 3524 1735 3588 libri

369 3611 457 3673 XIII.
473 3612 609 3675 Euclidls
633 3614 734 3676 videre
758 3620 816 3685 est,
840 3631 930 3693 quam
954 3614 1028 3676 baec
1052 3633 1178 3694 corpora
1200 3623 1310 3678 natura
1333 3635 1389 3677 sua
1412 3615 1475 3677 sint
1498 3622 1573 3694 apta
1595 3615 1635 3675 ad
1658 3614 1736 3675 banc

371 3700 598 3783 inscriptionem
621 3711 652 3763 et
674 3701 990 3781 circumscriptionem.
1037 3701 1140 3775 Quare
1170 3704 1195 3766 si
1227 3705 1354 3786 quinque
1384 3723 1510 3785 corpora
1533 3702 1736 3765 mediantibus

370 3800 404 3850 et
436 3790 646 3854 claudentibus
680 3791 802 3854 orbibus
836 3791 1006 3854 inserantur
1037 3793 1096 3854 sibi
1129 3802 1250 3868 mutuo,
1285 3793 1462 3855 habebiouus
1494 3810 1647 3854 nnmerum
1680 3810 1734 3853 sex

370 3876 496 3941 orbium.
1569 3910 1576 3920 .

459 3964 547 4038 Quod
572 3967 598 4029 si
623 3968 725 4050 aliqua
748 3967 850 4029 mnndi
876 3975 963 4046 aetas
986 3969 1042 4031 hoc
1066 3978 1157 4049 pacto
1176 3970 1213 4031 de
1228 3969 1329 4032 mundi
1344 3969 1541 4049 dispositione
1557 3967 1734 4048 disputarit,

371 4062 405 4117 nt
427 4075 482 4119 sex
512 4055 600 4118 orbes
629 4066 757 4136 poneret
784 4056 911 4119 mobiles
938 4058 1019 4120 circa
1042 4056 1146 4120 Solem
1178 4058 1377 4135 Immobilem,
1413 4059 1465 4121 illa
1496 4059 1598 4139 utIque
1632 4075 1734 4119 veram

370 4144 585 4207 astronomiam
608 4144 746 4208 tradidit.
792 4145 906 4227 Atqui
929 4146 1110 4225 ejusmodi
1140 4166 1205 4209 sex
1228 4148 1335 4210 orbes
1359 4148 1472 4210 habet
1496 4144 1734 4227 Oopernicns‚

369 4252 505 4315 eosque
529 4233 635 4296 binos
658 4232 693 4295 in
718 4234 897 4314 ejusmodi
921 4236 964 4296 ad
988 4234 1146 4297 invicem
1169 4238 1426 4316 proportione,
1458 4245 1496 4297 ut
1519 4236 1608 4297 baec
1631 4233 1734 4315 qnin-

370 4340 438 4401 que
466 4341 621 4404 corpora
649 4323 769 4385 omnia
799 4322 993 4404 aptissime
1023 4323 1249 4386 interlucari
1276 4326 1445 4405 possint,
1478 4343 1569 4404 quae
1600 4340 1735 4386 summa

369 4409 444 4473 erit
466 4430 588 4474 eorum
617 4430 708 4492 quae
736 4420 947 4491 sequuntur.
996 4409 1097 4482 Quare
1121 4413 1272 4493 tantisper
1295 4414 1461 4476 audiendus
1486 4421 1549 4486 est,
1575 4413 1644 4475 dnm
1668 4411 1735 4491 quis

370 4508 423 4560 aut
446 4500 580 4579 aptiores
604 4501 644 4561 ad
667 4499 743 4564 haec
756 4500 1020 4581 philosophemata
1033 4501 1194 4579 protulerit
1206 4502 1399 4583 hypotheses,
1425 4509 1479 4564 aut
1500 4502 1644 4576 docuerit,
1670 4501 1731 4561 for·

370 4586 447 4650 tuito
470 4588 501 4650 iu
530 4607 668 4650 numeros
698 4597 788 4670 atque
816 4589 846 4651 in
878 4596 1008 4650 mentem
1042 4588 1168 4649 homiuis
1201 4589 1331 4670 irrepere
1364 4609 1475 4671 posse,
1509 4590 1587 4670 quod
1619 4588 1735 4669 optima

370 4676 485 4737 ratione
510 4696 549 4739 ex
571 4677 647 4757 ipsis
671 4685 796 4739 naturae
827 4675 983 4757 principiis
1014 4676 1175 4739 deductum
1199 4687 1256 4741 est
1303 4680 1382 4743 Nam
1414 4680 1484 4758 quid
1517 4677 1733 4751 admirabilius,

371 4765 440 4844 quid
465 4765 503 4827 ad
526 4766 766 4846 persuadendum
791 4764 1046 4828 accommodatius
1066 4763 1125 4827 dici
1149 4775 1203 4826 aut
1226 4766 1297 4846 tingi
1320 4776 1438 4847 potest,
1471 4786 1561 4847 qnam
1583 4767 1663 4849 quod
1686 4786 1732 4838 ea,

371 4872 449 4936 qnae
464 4852 709 4938 ceperanum
724 4875 925 4935 carroperae,
948 4872 987 4914 ex
1009 4853 1177 4929 effectibus,
1203 4874 1241 4916 ex
1264 4855 1491 4941 posterioribus,
1515 4855 1602 4939 qnasi
1624 4873 1734 4920 mooun
