3814 5818
730 356 963 409 mem
1441 364 1506 431 ars

146 513 204 576 sed
225 520 350 595 propter
371 512 569 593 evagationes
592 514 722 578 Veneris
745 524 779 579 et
799 517 942 581 Mercurii
969 518 1061 581 dividi
1089 519 1120 580 iu
1149 527 1222 581 tres.
1270 521 1310 582 ld·
1333 530 1434 586 autam
1461 526 1505 602 fit,

147 605 175 665 si
198 600 252 665 Sol
280 608 386 664 teneat
413 602 627 674 eocentrieum,
661 604 767 667 Venus
799 616 833 667 et
850 607 1023 670 Mercurius
1052 607 1188 688 singulos
1216 609 1247 669 iu
1277 628 1312 670 eo
1344 611 1505 694 epicyclos.

147 691 267 754 Deinde
288 691 358 752 vide
380 690 454 753 mibi
476 690 635 755 Platonem
658 693 745 774 quasi
767 713 807 756 ex
825 695 972 758 Martiani
994 696 1148 759 schemate
1170 705 1378 761 recensentem
1401 701 1505 763 ordine

148 778 268 853 Solam,
301 778 496 855 Mercurium,
529 781 695 844 Venerem:
731 801 790 845 uon
823 792 930 846 contm
952 782 1070 857 Solem,
1101 784 1265 855 Venerem,
1303 787 1504 864 Mercurium:

94 894 100 899 ·
149 868 317 932 Mercurius
343 868 422 929 caim
454 869 511 931 hac
539 870 654 933 ratione
681 872 803 952 propior
828 873 864 934 lit
885 871 952 935 Soli
975 892 1065 953 quam
1089 873 1204 935 Venus.
1252 874 1355 937 Tertio
1379 876 1504 956 phrasin

151 957 290 1039 loquendi
312 957 607 1036 ‚‚comprebeudere“
635 978 691 1039 pro
719 961 898 1023 antecedere
925 961 1046 1024 videtur
1069 962 1159 1023 Plato
1183 959 1329 1041 Capellae
1358 965 1502 1045 supponi:

151 1054 244 1108 tasse.
290 1043 409 1116 Quarto
432 1046 594 1108 etPlinins
616 1066 702 1109 suam
725 1067 828 1111 uocem
851 1068 1035 1125 „conversas
1059 1049 1205 1130 apsidas“
1228 1069 1267 1112 ex
1279 1051 1417 1114 Platonis
1431 1072 1504 1115 voce

150 1134 353 1210 ,‚coutrariam
384 1134 467 1196 viur‘
495 1135 656 1198 deduxisse
683 1136 815 1199 videtur.
863 1139 968 1220 ltaque
997 1138 1055 1200 duo
1083 1138 1127 1212 bi,
1160 1137 1277 1200 Plinius
1308 1148 1339 1200 et
1367 1138 1505 1221 Capella,

150 1226 307 1287 Platonem
326 1223 436 1285 imitati
458 1223 554 1285 videri
577 1234 706 1304 possunt
728 1245 872 1306 suamque
890 1247 929 1289 ex
952 1228 1008 1290 hoc
1032 1226 1171 1289 hausisse
1194 1228 1387 1290 seutentiam
1426 1228 1503 1293 Om-

151 1314 230 1375 nium
253 1331 324 1376 vero
351 1311 598 1375 manifestissime
620 1314 808 1389 Macrobius,
838 1315 888 1397 qui
910 1316 990 1379 iuter
1021 1324 1177 1396 utrumque
1204 1316 1281 1378 vixit
1309 1317 1412 1398 quinto
1435 1327 1506 1399 post

151 1400 306 1465 Christum
333 1402 451 1475 seculo:
483 1400 510 1462 is
532 1402 612 1464 enim
651 1423 684 1465 se
716 1404 910 1467 manifestum
937 1404 1076 1467 Platonis
1108 1404 1305 1483 interpretem
1336 1407 1503 1485 profitetur.

153 1488 344 1566 ,Ciceroni“,
372 1489 469 1570 inquit
491 1488 677 1563 (Commeat.
701 1492 732 1553 iu
747 1490 904 1556 Somnium
918 1492 1069 1573 Scipionis
1085 1493 1108 1568 l,
1137 1489 1203 1567 19),
1229 1492 1449 1567 „Archimedes
1473 1504 1506 1558 et

150 1578 376 1643 Chaldaeorum
397 1577 476 1640 ratio
508 1580 675 1656 consentit,
708 1580 797 1642 Plato
820 1581 992 1662 Aegyptios
1024 1581 1154 1643 omnium
1176 1581 1385 1661 philosophiae
1409 1583 1504 1645 disci-

151 1667 300 1748 plinarum
328 1674 472 1747 parentes
499 1675 622 1730 secutus
644 1677 706 1744 est,
741 1670 791 1749 qni
817 1669 864 1732 ita
886 1670 990 1732 Solem
1006 1670 1096 1739 ,iuter
1123 1670 1242 1732 Lunam
1269 1678 1302 1731 et
1323 1671 1505 1734 Mercurium

152 1758 284 1819 locatum
306 1754 421 1829 volunt,
445 1767 480 1817 ut
502 1756 651 1827 rationem
672 1764 774 1819 tamen
799 1758 1052 1838 deprehenderint
1074 1764 1107 1819 et
1129 1757 1288 1827 edixerint,
1313 1776 1403 1821 cura
1426 1779 1504 1822 uon·

151 1844 244 1908 nullis
271 1843 325 1906 Sol
354 1861 445 1924 supra
467 1843 649 1906 Mercurium
677 1864 825 1925 supraque
855 1847 1007 1909 Venerem
1029 1864 1098 1908 esse
1130 1846 1279 1908 credatur.
1335 1847 1416 1910 Nam
1449 1867 1504 1910 uec

150 1934 209 2007 illi,
245 1932 295 2012 qui
317 1932 362 1994 its
376 1932 574 2008 ‘existimant
607 1933 751 2013 aspecie
773 1934 838 1996 veri
866 1934 971 2016 procul
1002 1934 1179 1997 aberrant.“
1224 1934 1291 1997 Uno
1321 1935 1414 1997 verbo
1447 1936 1504 1998 boc

153 2022 229 2084 dicit
242 2019 425 2095 Macrobius,
450 2010 851 2103 utrumque'quodammodo
874 2042 979 2085 verum
1001 2042 1080 2094 esse,
1103 2030 1136 2083 et
1159 2022 1238 2102 quod
1252 2020 1306 2085 Sol
1330 2041 1422 2104 supra
1436 2023 1504 2086 Ve-

151 2129 255 2173 nerem
276 2116 310 2171 et
329 2109 513 2172 Mercurium
536 2110 591 2184 sit,
621 2119 654 2172 et
676 2112 755 2192 quod
777 2111 866 2175 iufra
913 2110 1071 2192 Sequitur:
1095 2108 1296 2191 „Opinionem
1320 2129 1390 2172 vero
1414 2110 1504 2174 istius

152 2197 381 2280 permutationis
408 2198 578 2279 hujusmodi
605 2198 684 2261 ratio
706 2200 894 2279 persuasit.“
938 2198 1175 2262 Permutatiouis
1203 2217 1277 2261 voce
1304 2199 1425 2265 videtur
1450 2199 1505 2262 illa

150 2287 291 2350 Platonis
312 2286 408 2349 verba
428 2286 648 2368 perstringere:
672 2288 952 2369 „comprehendunt
965 2309 998 2350 se
1013 2295 1117 2350 mutuo
1130 2294 1163 2349 et
1177 2287 1504 2368 comprehenduntur.“

150 2374 251 2451 Quod,
274 2376 382 2456 inquit,
397 2376 488 2437 Plato
507 2376 649 2455 opinatus
663 2384 720 2452 est,
750 2377 842 2439 situm
857 2376 962 2440 horum
984 2378 1108 2439 duomm
1131 2394 1270 2439 erronum
1293 2384 1326 2438 et
1346 2375 1430 2439 Solis
1452 2377 1502 2438 iu-

149 2465 271 2530 terdum
293 2483 361 2527 cum
383 2464 535 2527 mutrarin
557 2465 731 2545 permutari,
755 2484 849 2528 cansa
872 2465 947 2528 baec
971 2465 1043 2529 luit:
1067 2486 1110 2540 „a
1123 2463 1247 2527 Saturni
1262 2464 1401 2544 sphaera,
1425 2483 1503 2546 quae

151 2561 200 2618 est
222 2554 322 2634 prima
344 2553 382 2615 de
400 2560 527 2634 septem,
551 2572 644 2634 usque
668 2554 708 2616 ad
731 2554 892 2633 sphaeram
913 2554 1001 2616 Jovis
1025 2575 1044 2616 a
1066 2572 1184 2617 summa
1211 2553 1374 2615 secuudum
1405 2552 1502 2615 inter·

147 2643 225 2724 jacti
252 2640 345 2723 spatii
374 2649 463 2704 tauta
486 2649 535 2703 est
565 2642 728 2715 distantia,
768 2650 803 2704 ut
829 2643 946 2705 zodiaci
975 2642 1120 2704 ambitum
1163 2641 1298 2720 superior
1329 2637 1374 2703 30
1406 2642 1503 2712 aunis,

154 2730 195 2795 12
218 2750 297 2793 vero
317 2731 406 2792 anuis
434 2730 573 2810 subjecta
600 2731 748 2792 conficiat
795 2731 913 2794 Rursus
942 2736 1062 2793 tautum
1084 2750 1104 2791 a
1131 2728 1208 2791 Jove
1238 2729 1371 2808 sphaera
1392 2730 1503 2792 Martis

150 2820 281 2895 recedit,
313 2825 348 2881 nt
377 2820 504 2881 eundem
527 2838 646 2880 cursum
677 2818 797 2881 biennio
824 2818 986 2898 peragat.“
1030 2818 1088 2880 His
1116 2825 1149 2879 et
1179 2816 1373 2896 sequentibus
1401 2818 1502 2879 verbis

152 2908 247 2972 habes
269 2908 548 2988 interpretationem
571 2907 652 2988 ejus,
676 2907 755 2986 quod
776 2907 867 2970 Plato
898 2907 984 2977 dicit.
1017 2905 1177 2985 „posuisse
1200 2905 1298 2966 mum
1322 2923 1448 2984 corpora
1470 2905 1501 2966 iu

151 2998 282 3061 ambitus
306 3014 372 3070 eos,
402 3013 476 3076 quos
499 2996 643 3075 cujusque
665 2995 839 3075 periodus“,
863 3003 938 3058 uota
960 3015 1003 3057 ac.
1027 2994 1173 3073 temporis
1200 2993 1380 3055 restitutorii
1404 3012 1502 3075 quan-

150 3088 237 3159 titas,
262 3084 423 3148 desideret.
469 3084 576 3164 Pergit
589 3083 781 3146 Macrobius:
806 3085 935 3159 „Venus
958 3090 1059 3145 autem
1083 3088 1132 3143 est
1154 3088 1240 3143 tauto
1254 3081 1376 3160 regione
1391 3081 1501 3142 Martis

150 3175 283 3249 inferior,
307 3181 341 3236 ut
364 3173 392 3235 ei
415 3192 511 3236 annus
535 3172 611 3234 setis
634 3172 677 3234 sit
698 3173 736 3234 ad
760 3173 913 3234 zodiacum
935 3171 1165 3252 peragrandum.
1211 3169 1282 3232 Jam
1300 3188 1372 3231 vero
1387 3169 1502 3231 Veneri

151 3266 196 3327 ita
212 3264 413 3345 proximaret
426 3262 671 3325 stellaMercurii
686 3271 717 3325 et
735 3262 884 3324 Mercurio
899 3260 953 3324 Sol
965 3260 1158 3341 propinquus,
1182 3267 1217 3320 ut
1234 3257 1265 3319 bi
1279 3265 1343 3320 tres
1362 3260 1502 3321 coelum

151 3351 404 3426 suu'm1(coelum
428 3351 458 3413 id
481 3351 626 3430 singulari
649 3351 737 3425 dicit)
760 3351 827 3431 pari
850 3351 995 3431 temporis
1019 3348 1126 3429 spatio,
1151 3347 1172 3410 i.
1188 3366 1214 3408 e.
1238 3367 1326 3417 auno,
1350 3347 1417 3426 plus
1441 3347 1500 3409 mi-

151 3460 261 3517 nusve,
283 3441 479 3504 circumeant.
526 3440 599 3502 Ideo
623 3447 655 3502 et
678 3438 786 3503 Cicero
810 3440 866 3502 hos
889 3440 964 3502 duos
988 3458 1092 3502 cursus
1116 3437 1241 3499 comites
1264 3434 1346 3498 Solis
1370 3435 1501 3512 vocavit,

150 3532 222 3613 quia
241 3531 274 3592 iu
296 3529 363 3612 pari
386 3524 485 3610 spatio
509 3528 598 3608 louge
621 3549 640 3590 a
662 3547 696 3590 se
720 3546 871 3609 uunquam
898 3527 1073 3590 recedunt.“
1117 3526 1232 3588 Iterum
1259 3524 1438 3605 particulam
1462 3524 1500 3586 de

152 3628 238 3683 textu
260 3618 400 3681 Platonis
422 3636 515 3698 supra
536 3617 637 3697 posito
661 3616 816 3696 explicuit«
862 3617 1020 3698 Sequitur:
1051 3615 1162 3692 „Luna
1191 3623 1293 3676 autem
1321 3622 1440 3675 tantum
1463 3613 1502 3675 ab

150 3710 198 3771 bis
227 3709 366 3772 donnum
393 3707 536 3779 recessit,
568 3712 611 3779 ut,
646 3705 725 3786 quod
752 3704 784 3767 hi
812 3720 900 3780 anno,
929 3701 973 3766 28
1005 3705 1109 3766 diebus
1136 3703 1205 3783 ipsa
1232 3702 1379 3764 conficiat
1429 3701 1501 3763 Ideo

149 3816 246 3879 neque
269 3797 306 3860 de
329 3796 420 3859 trium
442 3793 629 3876 superiorum
652 3793 770 3868 ordine,
803 3811 891 3874 quern
914 3793 1074 3855 manifeste
1097 3791 1237 3871 clareque
1262 3789 1420 3868 distinguit
1442 3790 1501 3850 im-

148 3906 255 3950 mensa
276 3885 432 3961 distantia,
456 3903 551 3964 neque
575 3883 613 3945 de
636 3883 741 3946 Lunae
764 3880 901 3960 regione,
927 3899 1003 3961 quae
1028 3879 1066 3942 ab
1089 3877 1225 3941 omuibus
1248 3877 1375 3939 multum
1397 3895 1501 3939 recas-

148 3975 200 4051 sit,
224 3976 304 4037 iuter
326 3980 446 4037 veteres
470 3974 572 4053 aliqua
595 3972 653 4034 iuit
675 3969 834 4034 dissensio.
880 3969 995 4030 Homm
1017 3985 1089 4029 vero
1108 3966 1198 4028 trium
1221 3965 1278 4027 sibi
1301 3965 1504 4046 proximorum

149 4064 290 4140 Veneris,
313 4062 457 4126 Mercurii
481 4070 514 4124 et
532 4060 613 4124 Solis
637 4060 770 4124 ordinem
794 4057 905 4119 vicinia
927 4056 1092 4129 confundit,
1117 4055 1172 4117 sed
1194 4055 1275 4133 apud
1297 4054 1384 4116 alios.
1421 4054 1502 4116 Nam

149 4151 370 4236 Aegyptiorum
394 4151 549 4215 solertiam
570 4150 650 4213 ratio
674 4168 732 4212 nou
757 4147 848 4227 fugit,
873 4165 949 4228 quae
972 4146 1045 4208 talis
1068 4144 1149 4206 est.“
1194 4141 1229 4205 Si
1253 4162 1341 4223 quem
1364 4141 1502 4204 obscuri-

147 4250 211 4317 tas,
237 4241 367 4322 quaein
391 4241 448 4304 boc
472 4257 587 4321 quoque
611 4247 734 4301 auctore
757 4235 901 4300 nonnulla
924 4242 985 4308 est,
1017 4234 1047 4295 in
1073 4230 1290 4294 dubitationem
1302 4231 1438 4321 ‘adducit
1464 4231 1502 4293 de

147 4331 213 4411 ejus
241 4330 408 4404 sententia,
439 4329 466 4391 is
490 4328 565 4390 baec
588 4327 654 4407 jam
681 4327 783 4407 posita
811 4324 905 4386 verba
931 4323 1025 4403 probe
1056 4321 1211 4402 ponderet.
1268 4320 1319 4384 Sic
1348 4321 1426 4382 enim
1455 4327 1505 4382 est
1561 4374 1566 4384 .

147 4419 361 4500 intelligendus
384 4436 514 4499 sequens
537 4425 655 4489 textus,
682 4423 717 4478 ut
738 4416 808 4477 inde
833 4413 911 4474 ratio
933 4419 1042 4492 pateat
1064 4410 1178 4473 ordinis
1202 4429 1259 4472 nou
1283 4417 1401 4471 tautum
1425 4408 1505 4470 iuter

147 4506 251 4572 Solem
280 4516 313 4570 et
335 4508 411 4571 duos
435 4508 500 4587 ejus
523 4503 667 4577 comites,
696 4503 750 4565 sed
774 4505 867 4566 etiam
896 4502 974 4564 inter
997 4500 1079 4579 ipsos
1102 4499 1168 4561 hos.
1214 4499 1321 4578 Itaque
1350 4498 1503 4577 iuterpre-

148 4596 266 4659 tationa
289 4597 376 4659 unius
398 4595 484 4658 verbi
506 4596 537 4658 iu
561 4593 755 4675 sequentibus
778 4611 855 4673 opus
877 4599 935 4653 est.
983 4588 1142 4664 „Circulus
1171 4606 1334 4667 perquem
1358 4585 1413 4648 Sol
1436 4585 1502 4647 dis-

148 4686 264 4749 currit“
288 4685 439 4765 (intellige
463 4684 629 4769 epicyclum
651 4681 681 4743 iu
705 4679 910 4753 concentrico,
939 4697 997 4759 quo
1021 4676 1281 4738 eccentrioitatem
1303 4676 1425 4737 salvare
1448 4692 1502 4734 so-

149 4775 261 4851 lemus:
284 4774 423 4836 sisenna
451 4774 574 4848 leceris,
603 4771 752 4833 Macrobii
780 4769 873 4830 verba
901 4769 931 4829 in
960 4764 1149 4828 concordiam
1175 4783 1235 4826 non
1263 4764 1396 4842 rediges)
1421 4762 1502 4836 „hic

146 4863 277 4946 inquam,
302 4883 322 4924 a
335 4862 477 4926 Mercurii
499 4862 610 4926 circulo
634 4868 668 4923 ut
686 4856 808 4922 inferior
832 4856 950 4930 (malim
963 4855 1102 4928 interior)
1127 4853 1267 4925 ambitur,
1287 4852 1372 4913 illum
1387 4867 1502 4932 quoque

215 4967 305 5019 repar
319 4967 419 5019 mons
1259 4954 1293 5007 lt
