3788 5828
387 342 455 411 sss
987 338 1151 391 Prooemium

388 502 514 566 pertinent
533 498 566 548 ad
584 497 739 548 conditiones
757 495 788 546 de
806 496 866 547 sede
885 504 911 546 et
928 496 1024 545 familis
1042 512 1056 545 e
1075 494 1159 558 Styu'a
1175 495 1283 559 Pri-gam
1302 495 1481 546 trausiereuda
1518 496 1564 547 His
1582 496 1654 548 addit
1665 496 1751 561 'l'yclsn

388 575 415 622 in
435 568 630 635 ,postscriptc“:
650 567 723 618 Facis
741 568 767 617 in
785 567 877 617 ultimis
895 567 973 617 litans
989 568 1039 616 tuis
1057 568 1209 616 mentionem
1222 567 1290 618 Scoti
1306 568 1376 616 istius
1390 565 1455 631 Cap
1466 570 1630 627 nuranici,
1643 563 1667 629 ‘i
1686 569 1752 632 qnod

387 630 414 693 iu
440 644 519 707 ipsum
544 640 728 704 antapologiam
753 638 862 703 perlecto
884 641 1030 702 praesertim
1052 637 1113 687 libro
1131 644 1214 686 nostro
1238 638 1347 688 secundo
1366 637 1397 687 de
1417 637 1521 688 Cometa
1538 639 1675 689 mediteris:
1703 655 1751 703 quo

388 715 511 777 ipsoram
530 719 627 777 gratam
647 717 673 760 et
690 716 751 760 tuae
769 710 922 774 promissioni
941 723 1060 773 meaeque
1079 710 1259 772 exspectationi
1276 710 1411 775 analogum
1429 712 1589 773 praestiteris.
1628 710 1750 760 Addixisu'

389 786 474 838 etiam,
500 789 524 834 te
543 782 651 846 quaein
676 781 795 830 famoso
818 783 887 830 istc
915 781 1040 844 scripto
1064 779 1180 829 Ursino
1198 779 1378 831 mathematica
1394 782 1552 831 inveniuntur
1577 782 1751 839 mummium,

388 860 510 920 quateum
527 855 575 903 rite
593 867 643 903 non
661 858 790 911 constant,
818 851 883 916 quod
902 853 978 900 etiarn
996 857 1021 900 te
1041 850 1185 901 effecturum
1204 851 1308 901 confido.
1344 851 1458 915 Inprimis
1482 860 1566 902 auum
1584 867 1697 909 arerem,
1724 860 1753 903 ut

348 975 356 990 ‚
388 940 427 986 ea,
448 938 512 990 quae
529 924 665 974 inventioni
688 930 788 973 nocuae
808 925 875 972 circa
891 921 1039 986 hypothesin
1058 936 1146 971 noram
1170 922 1255 972 fucate
1274 929 1301 972 et
1319 922 1489 973 fraudulenter
1506 924 1604 986 objicit,
1630 937 1687 974 eam
1713 924 1750 973 ni·

387 998 475 1047 mirum
499 1010 529 1046 ex
548 994 683 1059 Cepernico
705 995 744 1044 rel
762 993 892 1058 Apollonio
915 993 1027 1057 Pergaeo
1052 994 1203 1050 desumtam,
1232 993 1313 1043 adbuc
1336 994 1466 1044 dilucidius
1492 1001 1517 1044 et
1540 995 1650 1058 plenius,
1676 1009 1752 1059 quam

388 1075 466 1118 antea
478 1063 501 1128 ο)
520 1081 537 1116 a
554 1072 580 1116 te
598 1065 685 1124 reielli,
704 1072 779 1131 atque
797 1071 826 1114 ut
844 1079 901 1115 eam
918 1064 992 1125 mibi,
1012 1065 1049 1113 uti
1066 1079 1112 1128 par
1130 1068 1177 1121 est,
1197 1077 1323 1123 asserere,
1341 1072 1414 1129 prout
1431 1066 1596 1128 probabilibus
1614 1066 1752 1116 redonibus

385 1142 439 1202 iam
458 1143 535 1189 autea
553 1136 646 1194 iecisti,
666 1152 716 1187 uon
733 1136 863 1186 molestum
880 1136 991 1185 duceres.

456 1209 557 1260 Iustitui
576 1214 663 1259 contra
679 1207 749 1257 illum
766 1208 889 1257 actionem
904 1205 1052 1269 inridicam,
1077 1212 1209 1270 postquam
1226 1206 1276 1256 huc
1298 1205 1407 1271 Pragam
1425 1207 1496 1262 veui,
1519 1208 1675 1273 intelligens,
1694 1208 1754 1258 mibi

389 1279 541 1345 aliquamdiu
558 1279 599 1329 bic
617 1278 816 1329 commorandum
836 1285 862 1327 et
879 1277 1014 1341 pericnlum
1032 1292 1086 1328 esse
1105 1278 1131 1326 in
1149 1292 1226 1335 mora,
1252 1279 1372 1342 siquidem
1391 1279 1499 1342 manser
1517 1279 1683 1329 decumberet.
1721 1280 1755 1329 lit

388 1351 517 1415 impetrari
535 1363 552 1400 a
571 1348 696 1399 Caesarea
714 1349 849 1412 Maiestate
871 1349 938 1409 (utut
956 1348 1111 1412 quibusdam,
1131 1362 1205 1412 quam
1221 1349 1263 1399 diu
1280 1356 1405 1413 poterant,
1424 1362 1546 1399 remoram
1563 1348 1753 1412 injicientibus),

389 1429 418 1472 ut
436 1422 596 1472 commissarii
615 1428 720 1485 quatuor
740 1421 917 1484 deputarentur
937 1417 998 1481 (duo
1016 1419 1121 1469 barones
1141 1427 1167 1468 et
1185 1420 1233 1469 dno
1247 1419 1361 1470 doctores
1376 1417 1465 1482 juris),
1485 1422 1526 1484 qui
1540 1422 1693 1471 senmntism
1704 1422 1754 1471 hac
1834 1475 1843 1484 ρ

390 1492 421 1543 de
439 1508 466 1543 re
485 1493 695 1558 pronunciarentq
714 1491 834 1555 siquidem
852 1492 873 1540 is
891 1505 935 1553 per
954 1490 1095 1539 emissarios
1107 1504 1176 1539 meos
1188 1492 1315 1555 quaesitus
1336 1504 1367 1540 ea
1385 1505 1450 1554 quae
1465 1493 1599 1554 scripserat
1616 1499 1755 1543 retractare

388 1563 477 1624 noluit,
497 1563 543 1612 sed
560 1564 641 1626 potius
660 1563 694 1612 ad
709 1565 751 1625 ius
768 1563 917 1626 provocarit.
954 1561 1048 1610 Verum
1073 1560 1180 1619 accidit,
1204 1569 1233 1611 ut
1251 1562 1340 1612 eadem
1364 1561 1440 1617 hora,
1467 1576 1517 1626 qua
1534 1563 1621 1613 citatio
1638 1563 1674 1613 illi
1693 1565 1755 1613 insi-

389 1634 493 1685 nuanda
511 1634 566 1695 init,
585 1636 798 1699 exstingueretur;
819 1639 847 1684 at
864 1632 1027 1685 nibilominus¹
1037 1636 1077 1695 jus
1095 1647 1177 1701 picum
1195 1633 1339 1683 inchoatum
1356 1639 1529 1696 prosecuturus
1546 1648 1610 1691 auru,
1633 1635 1755 1698 siquidem

388 1705 418 1755 lis
441 1707 496 1767 iarn
514 1706 585 1770 quasi
601 1709 748 1755 contestata
766 1711 835 1765 erat,
862 1709 888 1753 et
912 1704 977 1753 actio
1004 1718 1053 1752 non
1071 1702 1146 1766 plane
1170 1705 1321 1767 personalis,
1350 1704 1490 1754 sedetiam
1514 1704 1588 1755 realis
1614 1706 1645 1755 cb
1663 1705 1753 1756 librum

388 1776 519 1831 laniorum,
538 1777 580 1840 qui
598 1783 717 1839 perpetuo
736 1775 790 1825 loco
809 1777 847 1825 sui
866 1776 974 1825 auctoris
992 1773 1107 1838 loquitur,
1126 1782 1155 1824 ut
1173 1781 1199 1824 et
1215 1790 1257 1825 me
1275 1781 1301 1825 et
1320 1790 1389 1825 ineos
1408 1789 1425 1825 a
1443 1775 1572 1825 calumniis
1590 1777 1679 1841 quibus
1697 1791 1753 1827 sca·

388 1853 426 1897 tet
452 1847 562 1912 legitime
583 1846 720 1903 nudicem,
748 1852 775 1896 et
790 1850 844 1910 jam
872 1844 1016 1895 uCassare
1035 1844 1073 1895 lll.
1093 1843 1126 1895 D.
1146 1846 1338 1910 Archiepiscopo
1365 1847 1521 1896 commissum
1540 1854 1593 1904 est,
1623 1854 1652 1897 ut
1670 1848 1755 1898 omnia

389 1918 552 1982 exemplaria,
572 1931 636 1982 quac
654 1917 695 1966 hic
713 1918 881 1980 reperiuntur,
899 1917 1029 1981 conquirat
1054 1923 1080 1966 et
1097 1917 1149 1981 igni
1166 1918 1231 1967 tradi
1254 1919 1334 1967 iaciat
1357 1923 1431 1983 atque
1455 1918 1637 1983 typographum
1656 1921 1754 1984 puniat

307 2012 313 2025 ·
391 1989 529 2040 Decretum
547 1989 623 2039 etiarn
642 1988 674 2038 D.
695 1975 858 2039 Corraducins
877 2001 901 2059 a
912 1987 1021 2038 Caesare
1038 1987 1245 2052 promulgandum
1262 1988 1402 2053 pollicitus,
1420 1997 1449 2038 ut
1466 2004 1510 2051 per
1528 1996 1608 2040 totum
1625 1992 1755 2054 imperium

391 2060 453 2111 liber
471 2061 518 2109 iste
537 2059 679 2109 annulletur
698 2066 724 2109 et
741 2066 861 2123 tanquam
880 2059 988 2109 famosus
1008 2064 1034 2108 et
1051 2059 1159 2109 scurrilis
1171 2060 1253 2109 irdtus
1266 2060 1392 2110 reddatur.
1429 2060 1483 2125 Ego
1496 2075 1552 2110 vero
1569 2067 1658 2124 postea
1675 2069 1756 2112 totum

391 2129 458 2181 huuc
476 2144 618 2196 processum
636 2133 687 2180 unt
705 2145 761 2180 cum
781 2131 1001 2180 commissariorum
1021 2131 1149 2180 sentemia
1167 2137 1193 2180 et
1212 2130 1284 2181 Caes.
1305 2131 1447 2194 Maiestatis
1466 2131 1565 2181 decreto
1586 2134 1613 2182 iu
1631 2133 1756 2197 publicum

393 2201 466 2253 edere
485 2202 602 2252 constitui
620 2201 702 2251 libello
722 2201 829 2265 quodam
847 2200 981 2264 peculiari,
1008 2202 1049 2264 qui
1069 2200 1102 2254 sd
1120 2202 1269 2252 mediocrem
1288 2209 1415 2253 excrescet
1438 2203 1644 2267 magnitudinem.
1684 2203 1758 2265 Quod

392 2279 418 2323 et
444 2287 475 2323 ea
498 2286 620 2322 consensu
645 2271 837 2322 clementissimo
857 2271 973 2321 Caesaris
997 2278 1023 2321 et
1047 2267 1224 2335 approbatione
1242 2274 1276 2323 D.
1297 2273 1438 2323 Corraducii
1466 2272 1526 2322 mibi
1548 2277 1602 2336 jam
1624 2282 1758 2338 perspecta

389 2344 445 2394 Deo
463 2343 561 2394 volente
579 2343 691 2393 iacturas
708 2358 763 2393 sum
790 2349 864 2408 atque
883 2345 908 2392 iu
928 2343 1009 2392 altera
1027 2345 1080 2406 ejus
1099 2349 1169 2407 parte
1189 2344 1221 2395 ad
1239 2358 1288 2402 ea,
1318 2359 1382 2408 quae
1404 2344 1585 2395 mathematica
1601 2352 1661 2395 sunt
1680 2354 1757 2411 atque

391 2414 541 2479 hypotheses
559 2421 726 2471 concumunt,
745 2428 918 2479 responsurus,
945 2427 1021 2478 quare
1039 2420 1096 2464 tuas
1115 2428 1211 2479 quoque
1229 2416 1261 2467 de
1278 2415 1316 2465 bis
1335 2418 1509 2480 conceptiones
1527 2422 1625 2466 mature
1645 2418 1757 2467 obtinere

391 2499 504 2544 averem
524 2492 583 2543 aut,
609 2487 722 2551 siquam
742 2486 859 2536 citissime
878 2483 926 2546 (uti
946 2482 1029 2548 spero)
1047 2487 1196 2544 accesseris,
1219 2488 1311 2551 poterit
1328 2487 1353 2536 id
1371 2486 1462 2539 differri
1480 2488 1506 2536 in
1524 2493 1593 2537 tuum
1613 2488 1757 2538 adrentum.

461 2610 534 2661 Haec
551 2609 637 2672 'l'ycbo
655 2610 764 2674 Keplero
791 2611 932 2674 perscripsit
955 2610 1025 2674 quasi
1050 2608 1098 2658 fido
1127 2609 1207 2658 amico
1235 2616 1261 2659 et
1279 2616 1426 2673 exspectans
1449 2625 1505 2659 enm
1532 2611 1557 2660 in
1585 2608 1757 2663 astronomicis

389 2681 535 2745 adiuwrem.
572 2680 666 2731 Eodem
685 2687 769 2732 autem
788 2682 828 2731 die
847 2681 1006 2731 Monacbium
1025 2680 1058 2729 ad
1076 2680 1267 2731 Hervartum
1284 2680 1330 2730 has
1350 2681 1418 2731 dedit
1434 2681 1528 2731 literas.

461 2806 468 2820 .
489 2805 496 2819 .
517 2805 523 2818 .
543 2770 600 2819 Fuit
618 2770 685 2834 apud
702 2784 742 2821 me
762 2770 901 2821 Benaticae
920 2783 977 2820 vere
995 2768 1129 2833 pmeterito
1148 2768 1183 2817 M.
1204 2767 1228 2817 J.
1248 2768 1387 2832 Keplerus,
1415 2770 1519 2834 insignis
1542 2770 1609 2833 apud
1628 2769 1757 2835 Styriacos

388 2841 596 2898 mathematicus,
625 2854 681 2890 cum
700 2856 747 2905 quo
773 2842 816 2891 tibi
841 2841 918 2890 edam
941 2855 985 2905 per
1006 2840 1092 2890 literas
1115 2839 1310 2889 familiaritatem
1335 2840 1488 2890 intercedere
1517 2841 1619 2905 abipso
1644 2845 1757 2908 cognovi.

388 2913 485 2964 Retulit
502 2927 559 2963 vero
578 2913 643 2962 iuter
662 2912 720 2969 alia,
740 2926 767 2962 se
786 2911 918 2977 aliquande
936 2911 1058 2961 nonnulla
1075 2911 1119 2960 tibi
1137 2912 1264 2973 scripsisse
1282 2910 1313 2960 de
1331 2910 1507 2974 hypothesibus
1531 2914 1593 2961 meis
1609 2915 1636 2962 in
1657 2919 1755 2964 conuo-

387 2985 492 3034 reraiam
510 2985 619 3041 vocatis,
647 2990 722 3047 atque
740 2983 805 3048 qued
824 2996 871 3033 eae
889 2997 937 3032 nec
955 2984 980 3032 in
1001 2981 1136 3046 Cepernico
1155 2995 1203 3031 uec
1221 2981 1354 3045 Apollonio
1372 2980 1500 3046 Pergaeo,
1525 2989 1555 3030 ut
1572 2984 1673 3047 quidam
1692 2983 1758 3047 (jam

388 3061 448 3107 aute
468 3050 501 3103 il
520 3055 573 3121 dies
591 3051 714 3115 mortuus)
733 3053 883 3117 praetendit,
903 3054 1078 3114 invenirentur,
1097 3052 1243 3107 ostendisse,
1274 3058 1349 3116 atque
1368 3054 1441 3102 certis
1460 3053 1558 3102 iudiciis
1576 3069 1625 3104 uon
1645 3055 1757 3113 alterim,

388 3127 433 3177 sed
450 3139 520 3176 meas
539 3140 594 3175 esse
613 3125 752 3189 collegisse.
789 3124 861 3189 Rogo
879 3126 964 3188 itaque
982 3130 1148 3188 peramanter,
1167 3124 1228 3173 reiis
1247 3137 1290 3172 eas
1302 3121 1406 3185 Kepleri
1424 3123 1509 3173 literas
1527 3140 1623 3175 mecum
1642 3126 1756 3191 mnum-

388 3198 465 3260 usper
484 3197 683 3251 communicare,
708 3202 753 3244 aut
770 3196 860 3244 saltem
879 3209 911 3243 ea
929 3196 1017 3251 verba,
1044 3209 1108 3258 quae
1125 3194 1173 3243 hoc
1191 3195 1318 3259 negotium
1336 3202 1503 3252 concernunt,
1528 3196 1584 3245 inde
1604 3204 1757 3247 uanssumta

390 3274 417 3316 et
435 3273 494 3316 tuae
517 3280 607 3315 manus
624 3266 804 3328 subscriptione
831 3266 856 3314 in
881 3266 993 3314 renatis
1016 3266 1184 3313 testimonium
1211 3266 1338 3315 radicata
1361 3268 1539 3315 transmittere.
1576 3268 1675 3317 Feceris
1698 3269 1756 3318 mibi

390 3339 426 3387 sic
444 3351 497 3386 rem
516 3338 627 3401 apprime
645 3343 757 3401 gratem
785 3336 905 3385 incumbit
923 3337 989 3385 enim
1008 3349 1075 3385 nnuc
1093 3335 1207 3399 aliqualis
1225 3338 1375 3395 necessitas,
1403 3352 1446 3389 cur
1463 3338 1500 3387 sic
1518 3337 1572 3388 fieri
1590 3352 1707 3395 averem,
1725 3341 1756 3390 de

293 3464 299 3475 ,
388 3422 440 3472 qua
457 3407 521 3458 aliis
537 3408 659 3457 resciscss
677 3405 723 3456 isc.

463 3529 504 3580 Ad
521 3529 567 3579 has
586 3529 710 3593 'l'ychonir
729 3530 887 3594 quaestiones
905 3544 970 3594 quae
987 3529 1141 3593 responderit
1158 3531 1302 3582 Heruartus
1320 3532 1458 3587 nescimus,
1476 3530 1561 3595 Tycbo
1579 3547 1635 3582 vero
1655 3548 1755 3598 respon-

392 3602 463 3651 sione
481 3601 544 3650 iorte
562 3601 696 3657 Herusrti,
713 3615 762 3650 nec
779 3616 829 3650 non
849 3601 905 3651 aliis
924 3602 954 3651 de
971 3602 1074 3666 Kepleri
1094 3604 1169 3653 animi
1187 3605 1330 3653 sinceritate
1349 3603 1496 3652 testimoniis
1514 3603 1625 3663 edoctus,
1645 3605 1757 3655 illumin

392 3673 528 3723 amicitiam
546 3674 655 3736 recepit;
682 3687 732 3737 qua
753 3674 850 3722 radone
873 3674 1071 3723 observationum
1096 3688 1196 3724 suarum
1221 3676 1315 3724 socium
1340 3674 1443 3739 elegerit
1460 3674 1608 3737 Keplerum,
1636 3691 1684 3726 nec
1707 3692 1757 3726 uon

394 3750 533 3807 compotem
552 3744 640 3794 iecerit
658 3759 731 3809 opum
750 3745 971 3795 asuonomicarum
989 3745 1047 3795 inde
1066 3759 1083 3795 a
1100 3746 1183 3796 multis
1202 3747 1275 3795 annis
1294 3745 1468 3805 collectarum,
1493 3745 1557 3795 haec
1576 3747 1625 3795 alio
1643 3747 1699 3797 loco
1718 3763 1756 3796 re·

392 3815 519 3865 mutanda
535 3821 601 3865 suut.
1079 3862 1082 3869 ,
1551 3823 1557 3827 “

463 3884 565 3936 Interim
583 3886 721 3951 Keplerus,
746 3892 775 3936 ut
798 3894 961 3937 consueverat
985 3889 1011 3937 iu
1033 3888 1105 3938 rebus
1129 3888 1221 3943 dubiis,
1249 3892 1434 3949 praeceptorem
1460 3887 1522 3936 adiit
1539 3886 1756 3944 Maestlinum,

392 3957 521 4006 consilium
541 3958 605 4006 illins
623 3959 669 4007 sibi
688 3963 820 4022 expetens,
845 3959 903 4024 quid
922 3959 1065 4009 iaciendum
1083 3959 1160 4008 sitin
1179 3958 1224 4009 illa
1240 3973 1280 4015 re,
1305 3971 1369 4021 qnae
1388 3958 1531 4020 'lychom
1549 3965 1682 4021 tantopere
1701 3961 1755 4025 agi-

395 4029 473 4078 tabat.
511 4028 672 4090 Maecilium,
698 4034 756 4078 ante
775 4037 906 4093 acceptam
924 4031 1054 4094 epistelam
1079 4029 1146 4079 illam
1166 4029 1346 4079 excusatorium
1366 4026 1433 4090 (vide
1450 4044 1525 4092 supra
1542 4046 1565 4094 p.
1587 4027 1665 4092 220),
1692 4031 1756 4081 baec

393 4100 519 4163 respoudit
538 4099 571 4149 ad
588 4100 680 4164 priores
698 4100 802 4164 Kepleri
820 4102 913 4159 literas,
932 4103 1066 4166 respiciens
1085 4100 1208 4163 Tychonis
1227 4101 1357 4164 adipsum
1376 4100 1466 4150 datam

465 4189 564 4238 Anob.
583 4186 616 4237 D.
636 4188 754 4251 Tychone
771 4188 855 4239 Brabe
877 4189 962 4239 literas
987 4191 1086 4255 accepi,
1112 4189 1198 4254 quibus
1222 4204 1291 4239 suam
1305 4190 1468 4240 sententiam
1490 4188 1614 4238 mordicus
1635 4191 1754 4241 defendit.

391 4258 579 4309 Humanissime
598 4259 631 4308 ad
648 4273 689 4310 me
706 4260 812 4323 scripsit,
831 4274 936 4325 quarum
955 4262 1038 4324 copias
1056 4262 1186 4319 misissem,
1205 4262 1250 4310 sed
1269 4260 1422 4310 dasenbendi
1440 4266 1536 4322 tempus
1554 4276 1605 4309 non
1617 4261 1672 4311 init
1705 4261 1755 4312 Sed

394 4331 473 4394 prima
485 4343 582 4394 quaque
593 4332 724 4381 occadoue
735 4331 846 4393 proxima
857 4333 963 4381 mittam.
994 4331 1066 4382 lniis
1078 4339 1193 4382 suutuou
1205 4347 1288 4397 pauca
1299 4338 1388 4381 notatu
1400 4346 1450 4380 uon
1462 4331 1573 4396 indigna
1605 4331 1700 4382 Verum
1711 4335 1756 4382 atsi

393 4415 425 4450 ea
442 4415 492 4450 uon
510 4415 598 4464 parum
615 4416 655 4451 me
673 4408 797 4460 moveant,
816 4404 938 4466 proportio
955 4410 1042 4453 tamen
1053 4410 1099 4453 tua
1110 4418 1238 4468 corporum
1250 4403 1393 4453 coelestium
1411 4416 1467 4451 cum
1479 4404 1587 4466 quinque
1602 4403 1756 4467 regularibus

393 4472 533 4535 corporibus
544 4486 585 4522 me
596 4472 674 4521 multo
685 4474 766 4538 magis
777 4480 867 4524 moret.
904 4473 1006 4524 Addidit
1027 4476 1103 4525 etiam
1116 4476 1200 4538 copias
1216 4481 1314 4524 uiarum
1323 4473 1356 4522 ad
1368 4476 1447 4537 ipsum
1459 4475 1606 4536 scriptarum
1627 4474 1754 4525 utrumn

394 4548 421 4592 et
431 4543 469 4592 sui
482 4543 516 4592 ad
527 4547 553 4593 te
566 4536 684 4607 r'esponsi,
701 4558 748 4608 quo
761 4546 838 4595 etism
850 4560 900 4594 nun
911 4558 994 4608 pauca
1012 4551 1099 4595 notatu
1117 4546 1263 4611 dignissima
1274 4550 1341 4595 sunt.
1377 4543 1461 4605 Porro,
1482 4544 1546 4608 quod
1559 4546 1693 4608 praeterire
1706 4560 1754 4598 ncu

395 4627 501 4676 possum,
515 4613 546 4664 de
559 4613 621 4664 Urso
634 4613 675 4663 illc
688 4628 753 4679 quae
765 4616 857 4666 scribit
894 4615 1009 4681 intelligo
1022 4615 1112 4666 Ursum
1125 4618 1199 4667 istum
1217 4617 1304 4667 librum
1316 4615 1450 4680 quendam,
1470 4630 1517 4679 que
1530 4617 1662 4665 teterrimis
1675 4631 1753 4666 scom-

319 4732 327 4737 ,
395 4686 468 4733 matis
481 4684 623 4748 'l'ycbcncru
636 4686 780 4740 insectatur,
801 4686 915 4743 edidisse,
939 4688 977 4734 cui
991 4687 1121 4751 epistolam
1133 4689 1242 4754 aliquam
1258 4694 1329 4737 tuam
1340 4686 1461 4751 praefixit.
1486 4688 1512 4737 in
1525 4701 1574 4750 qua
1586 4687 1753 4751 praeclarissi-

394 4756 441 4804 mis
454 4755 550 4822 ‘elcgiis
570 4757 651 4821 ipsum
672 4771 751 4807 ornes.
788 4757 882 4808 Verum
904 4772 951 4822 ego
969 4758 1057 4808 librum
1078 4759 1146 4809 illum
1159 4775 1208 4809 uon
1220 4759 1278 4814 vidi,
1300 4772 1347 4808 nec
1361 4758 1436 4807 etiam
1448 4758 1525 4807 talem
1548 4772 1564 4806 a
1582 4766 1608 4809 te
1624 4759 1753 4823 epistularu

394 4826 511 4896 scriptam
522 4841 577 4881 esse
590 4828 690 4895 credere
702 4843 809 4895 possum.
846 4828 917 4879 Nosti
931 4830 1006 4889 enim,
1023 4832 1147 4897 quodnam
1159 4831 1189 4881 de
1202 4832 1250 4881 isto
1261 4830 1361 4879 bomine
1373 4830 1406 4879 sit
1418 4843 1500 4880 meum
1512 4830 1642 4893 judicium
1681 4828 1753 4890 Quae
