3788 5828
724 351 926 403 w...
1437 351 1506 423 2„

144 514 182 575 ad
203 521 396 577 astronomos
419 510 580 575 Eudoxum
601 517 633 573 et
655 508 816 595 Calippnm
840 528 894 573 nos
919 509 1081 591 ablegavit,
1106 518 1138 572 et
1161 510 1297 591 quamvis
1320 511 1351 573 in
1376 512 1502 597 quibus-

144 603 213 663 dam
237 601 454 662 dissentientes
477 600 604 674 videret,
632 608 776 679 utrosque
798 596 894 660 voluit
916 598 954 660 ob
978 598 1143 661 adhibitam
1163 600 1349 680 diligentiam
1373 609 1405 663 et
1419 621 1503 664 com-

143 690 326 755 municatam
350 697 484 750 motuum
507 688 676 753 doctrinam
698 688 886 749 venerandos
910 696 942 750 et
964 688 1119 761 amandos,
1144 688 1324 750 audiendum
1347 709 1428 764 vero,
1453 691 1503 772 qni

144 798 232 859 quam
255 777 425 841 rectissime
448 796 511 839 rem
535 776 702 857 expediret.
748 777 850 839 Aliter
873 795 946 857 ergo
975 776 1070 838 sensit
1093 776 1278 841 Aristoteles
1307 778 1344 839 de
1368 786 1503 841 veterum

143 869 261 931 illorum
283 875 521 929 astronomorum
546 866 667 947 (quibus
692 866 741 947 qui
764 864 861 926 secuti
885 874 956 927 sunt
983 884 1041 927 non
1065 864 1258 945 ignobiliores
1290 865 1388 942 fuere)
1411 868 1500 930 labo-

143 957 226 1019 ribus
249 964 280 1017 et
304 955 546 1035 praeclarissimo
569 955 739 1035 proposito,
765 973 855 1035 quern
878 954 985 1017 Ursus.

231 1042 350 1117 Quarto
373 1045 492 1106 videtur
515 1052 692 1123 argumento
715 1061 848 1123 pugnare
872 1062 926 1122 pro
946 1062 1001 1103 sua
1015 1041 1179 1113 sententia,
1205 1061 1261 1104 non
1283 1061 1351 1103 esse
1366 1062 1500 1115 necesse,

144 1144 178 1197 ut
200 1152 291 1195 verae
315 1132 378 1194 sint
401 1133 621 1197 astronomicae
646 1133 845 1213 hypotheses3
875 1150 945 1193 narn
969 1131 1160 1192 crassissima
1189 1130 1219 1192 in
1244 1122 1381 1207 omnibus
1405 1133 1501 1195 adhuc

145 1221 360 1306 hypothesibus
385 1222 518 1283 absurda
541 1222 682 1284 residere.
731 1221 845 1282 Verum
872 1220 919 1294 id,
955 1219 1033 1299 quod
1056 1229 1105 1281 est
1133 1219 1283 1299 ignotum,
1315 1221 1426 1302 probat
1448 1240 1502 1300 per

144 1312 225 1377 aliud
249 1311 338 1390 longe
363 1310 514 1372 incertius.
564 1311 675 1372 Verum
699 1309 818 1389 quidem
842 1316 899 1383 est,
925 1308 951 1369 si
974 1308 1135 1369 absurdum
1159 1317 1191 1369 et
1205 1308 1316 1370 falsum
1340 1310 1370 1371 id
1385 1310 1501 1372 censeri
1601 1342 1610 1353 ·

146 1400 252 1472 debet,
278 1399 356 1478 quod
381 1400 430 1459 uni
447 1399 536 1461 alicui
558 1398 710 1460 homiuum
733 1396 832 1461 coetui
857 1397 919 1458 tale
943 1397 1075 1471 videtur,
1100 1396 1174 1458 nihil
1197 1399 1255 1458 erit
1277 1396 1308 1458 in
1332 1405 1400 1459 tota
1421 1400 1501 1481 phy·

144 1490 281 1569 siolcgia,
306 1489 385 1569 quod
409 1507 468 1549 non
491 1507 544 1569 pro
568 1486 756 1550 crassissima
781 1486 911 1547 absurdo
935 1485 1040 1547 haberi
1064 1485 1164 1546 debet.
1211 1485 1325 1547 Variae
1349 1495 1419 1548 snut
1443 1487 1500 1548 ho·

145 1580 253 1641 minum
283 1575 469 1652 sententiae,
503 1576 578 1639 rarii
606 1586 713 1656 captus
743 1575 939 1655 ingeniorum.
991 1573 1060 1636 Nou
1090 1572 1220 1634 credidit
1242 1573 1404 1635 absurdum
1432 1594 1500 1636 esse

146 1665 339 1746 Cuperuicus,
364 1674 399 1726 nt
421 1665 517 1727 Terra
539 1668 707 1736 moveatur,
729 1665 853 1725 fixarum
878 1671 966 1724 tanta
989 1663 1030 1723 sit
1053 1662 1250 1723 immensitas.
1297 1662 1366 1725 Nou
1392 1664 1501 1726 existi-

146 1766 208 1819 mat
232 1754 394 1816 absurdum
416 1755 530 1835 Tycho,
553 1762 587 1815 ut
609 1755 749 1833 planetae
773 1751 876 1814 Solem
900 1751 1041 1813 mobilem
1068 1770 1122 1812 ceu
1145 1759 1280 1812 centrum
1305 1770 1400 1828 suum,
1424 1770 1501 1832 quo-

146 1864 260 1925 cunque
284 1844 314 1904 id
338 1844 462 1919 secedit,
496 1852 660 1922 sequantur
683 1861 738 1903 uec
761 1851 863 1903 morea
887 1859 958 1902 suns
982 1848 1081 1901 motus
1110 1840 1262 1901 deserant.
1310 1836 1379 1908 Qua
1407 1839 1444 1901 de
1469 1848 1500 1902 re

146 1935 212 1996 vide
237 1931 472 2010 disputationem
494 1931 680 1993 Rothmanui
704 1950 770 1993 cum
792 1929 932 2009 Tychone
957 1929 985 1990 in
1010 1928 1148 2008 epistolis
1172 1928 1392 1990 astronomicis.
1431 1929 1500 1990 Nou

146 2033 194 2085 est
227 2021 359 2084 absurda
386 2018 580 2082 Ptolemaicis
612 2018 844 2081 inaestimabilis
878 2018 931 2079 illa
962 2017 1059 2078 ultimi
1092 2016 1169 2077 coeli
1196 2015 1371 2095 pernicitas.
1424 2016 1513 2078 Sunt-

145 2112 219 2175 baec
254 2118 287 2170 ut
319 2131 338 2171 a
371 2107 508 2171 sensibus
541 2110 585 2171 ita
614 2117 647 2169 et
675 2128 694 2169 a
721 2115 813 2187 captu
844 2105 1028 2185 ingeniorum
1060 2113 1230 2167 nostrorum
1259 2104 1433 2178 remotiora,
1470 2112 1502 2179 et

147 2201 238 2263 variis
269 2198 462 2279 disputantur
490 2197 686 2279 argumentis.
733 2197 834 2276 Atque
863 2195 938 2259 haec
967 2194 1020 2255 illa
1047 2202 1117 2256 suut
1144 2193 1335 2257 crassissima
1359 2193 1499 2267 absurda,

146 2312 222 2373 quae
246 2289 367 2371 quidem
389 2285 476 2349 simul
498 2307 571 2348 vera
594 2305 662 2347 esse
686 2293 850 2365 nequeunt,
882 2302 939 2365 quo
963 2283 1012 2357 fit,
1042 2292 1076 2344 ut
1099 2301 1193 2361 neque
1223 2282 1291 2363 plus
1319 2300 1378 2343 nna
1401 2282 1499 2365 hypo-

145 2380 275 2443 thesium
299 2378 396 2438 forma
418 2396 492 2437 vera
514 2395 582 2436 esse
605 2374 713 2455 possit.
762 2371 842 2443 Quid
866 2381 966 2434 autem
995 2390 1033 2432 ex
1056 2371 1103 2432 his
1125 2389 1228 2455 veruqr
1251 2371 1307 2449 sit,
1341 2369 1411 2451 qnid
1439 2371 1500 2431 fal-

145 2489 219 2543 sum,
245 2486 338 2548 penes
361 2484 431 2527 vere
455 2464 665 2546 philosophum
688 2471 738 2523 est
760 2462 929 2523 decernere.
977 2457 1102 2522 Certum
1125 2467 1226 2520 tameo
1246 2467 1303 2534 est,
1328 2478 1386 2520 non
1401 2459 1502 2521 omnia

145 2576 225 2634 esse,
248 2564 283 2618 ut
305 2556 384 2617 Urso
407 2554 556 2629 videntur,
581 2570 683 2614 crasse
708 2549 848 2612 absurda.
895 2548 972 2611 Mihi
996 2568 1069 2610 sane
1094 2547 1168 2608 nihil
1192 2548 1301 2610 salsum
1317 2544 1501 2626 Coperuicus

145 2646 260 2709 dixisse
285 2644 419 2705 videtur:
444 2643 580 2722 quodque
604 2640 678 2703 meis
701 2658 755 2720 pro
780 2637 946 2718 Coperuico
970 2636 1065 2698 defuit
1088 2637 1286 2715 argumentis,
1311 2636 1342 2697 id
1366 2636 1500 2698 admira-

145 2737 198 2799 bili
222 2733 349 2796 solertia
372 2732 603 2813 experiuodiqne
623 2728 770 2791 industria
788 2728 947 2807 supplesse
963 2726 1082 2788 videtur
1097 2724 1304 2786 Gilbertus
1325 2722 1500 2786 Guiliel-

144 2844 223 2889 mus
246 2822 388 2901 Anglus
412 2822 442 2882 in
464 2841 495 2882 re
519 2818 701 2898 magnetica.
1209 2891 1211 2896 .

235 2911 348 2984 Quinto
373 2913 516 2991 desperat
538 2927 627 2970 veras
650 2905 834 2989 hypotheses
861 2900 892 2963 in
916 2899 1116 2970 astronomia,
1150 2898 1386 2980 Pyrrhouiorum
1419 2919 1500 2963 more

144 3003 246 3066 omnia
268 3002 384 3063 incerta
407 2998 531 3062 faciens.
555 2996 655 3058 .Esse
679 2995 824 3075 quosdam
848 2991 945 3052 adhuc
973 3007 1085 3050 naevos
1116 2989 1208 3049 etiam
1236 2988 1266 3047 iu
1290 2987 1401 3067 optime
1425 3008 1499 3049 cou-

142 3093 254 3156 stitnta
276 3088 464 3153 astronomia
484 3093 703 3168 proptereaque
728 3093 759 3144 et
781 3082 812 3143 in
836 3077 1063 3160 hypothesibus,
1088 3095 1175 3138 nemo
1200 3085 1307 3159 negat:
1341 3084 1373 3138 et
1396 3076 1498 3151 idest,

143 3201 197 3245 cur
228 3179 389 3243 hodiedum
425 3177 454 3239 in
485 3172 675 3239 restitutione
704 3178 863 3250 tantopere
894 3168 1056 3230 laboretur.
1109 3164 1254 3228 Ceterum
1281 3164 1397 3227 incerta
1426 3182 1500 3244 pru·

142 3280 251 3353 pterea
273 3268 434 3335 omniane
458 3266 524 3347 quis
548 3264 639 3327 dicat.
678 3260 798 3325 Invenit
821 3257 1022 3321 astronomiae
1042 3273 1134 3337 opera
1146 3253 1349 3329 Ptolemaeus,
1373 3254 1500 3317 lixarum

143 3361 306 3441 sphaeram
329 3376 398 3420 esse
421 3355 617 3428 altissimam,
642 3352 726 3432 sequi
745 3348 847 3411 ordine
871 3346 1048 3420 Saturnum,
1072 3344 1199 3419 Jovem,
1223 3344 1373 3420 Martem,
1398 3342 1501 3405 Solem

124 3451 191 3512 ‘his
215 3447 397 3520 inferiorem,
421 3445 538 3507 Lunam
563 3442 703 3505 infimam.
749 3440 835 3501 Haec
859 3447 941 3498 certe
965 3454 1039 3495 vera
1061 3441 1131 3496 sunt
1154 3440 1185 3494 et
1205 3433 1317 3494 tonnae
1333 3433 1500 3494 mundanae

142 3557 288 3601 consona.
336 3536 419 3598 Idem
448 3549 606 3595 ascensum
631 3537 663 3591 et
685 3530 863 3590 descensum
886 3526 991 3587 Lunae
1020 3522 1107 3585 nimis
1135 3541 1278 3602 magnum
1309 3539 1501 3601 praesuppo-

139 3629 215 3691 suit.
260 3625 310 3686 Ex
332 3626 390 3686 hac
403 3621 563 3703 hypothesi
585 3619 694 3680 falsum
718 3624 750 3676 et
773 3615 810 3676 ab
825 3613 981 3696 apparenti
997 3610 1326 3691 Lunaemaguitudiue
1350 3609 1501 3672 dissidens

141 3717 214 3799 qnid
237 3714 324 3795 sequi
346 3713 604 3793 Regiomuutanus
628 3715 659 3768 et
682 3702 867 3784 Cuperuicus
891 3702 1161 3781 deprehenderunt.
1208 3699 1357 3760 Dixerunt
1384 3686 1496 3778 ltaque,
1578 3724 1583 3749 ι

141 3807 261 3871 Lunam
283 3823 343 3867 nou
366 3809 470 3865 tanus
495 3799 594 3861 facere
618 3796 715 3857 saltus
745 3793 774 3854 in
799 3793 894 3854 altum
917 3798 950 3851 et
975 3789 1163 3870 profundum.
1210 3788 1252 3849 Et
1280 3787 1345 3866 quis
1370 3787 1499 3856 dubitat,

140 3897 214 3976 quin
238 3894 295 3955 hoc
318 3910 424 3954 revera
447 3889 491 3950 sic
515 3888 544 3949 iu
568 3886 651 3947 coelo
675 3904 708 3946 se
737 3878 873 3943 habeat?
918 3878 965 3939 De
992 3877 1183 3957 proportione
1203 3875 1329 3949 Terrae,
1363 3873 1445 3937 Solis
1469 3883 1501 3936 et

139 3984 247 4049 Lunae
271 3980 301 4045 dr
322 3984 440 4052 πλατει,
472 3976 538 4058 quis
562 3993 674 4057 quaeso
697 3970 818 4051 estqui
842 3967 973 4041 dubitet,
998 3965 1058 4027 uisi
1080 3963 1312 4027 melancholicus
1336 3961 1444 4042 aliquis
1469 3971 1501 4025 et

140 4069 410 4152 desperabuudns?
456 4069 506 4130 lta
527 4065 616 4126 hodie
640 4079 727 4124 nemo
750 4077 838 4141 porro
862 4067 911 4119 est
939 4054 988 4136 qui
1013 4054 1144 4127 dubitet,
1179 4052 1264 4131 quin,
1294 4052 1374 4132 quod
1397 4061 1446 4112 est
1468 4052 1500 4113 in

140 4160 295 4245 Tychonis
323 4167 355 4219 et
383 4154 543 4237 Cuperuici
570 4150 786 4234 hypothesibus
819 4162 988 4219 commum,
1021 4142 1075 4204 Sol
1106 4159 1211 4221 nempe
1241 4149 1377 4203 centrum
1401 4149 1500 4202 motus

139 4249 159 4315 5
185 4252 391 4330 planetarum,
415 4246 445 4307 id
469 4262 574 4305 revera
597 4241 641 4302 sic
664 4260 697 4303 se
721 4238 834 4300 habeat
856 4236 885 4297 ln
910 4234 975 4312 ipso
999 4232 1099 4307 coelo,
1133 4230 1191 4292 etsi
1214 4229 1333 4292 interim
1357 4229 1393 4290 de
1416 4236 1500 4291 motu

138 4342 192 4404 rel
210 4339 311 4419 quiete
335 4335 417 4399 Solis
440 4334 510 4395 hinc
533 4332 601 4393 inde
625 4330 788 4391 dubitetur.
835 4321 1032 4385 Taliamulta
1047 4328 1118 4381 sunt
1135 4318 1278 4380 beneficio
1297 4318 1500 4381 astronomiae

138 4430 289 4493 hactenus
317 4426 348 4486 in
378 4423 505 4504 physica
532 4418 662 4481 scientia
683 4415 864 4490 constituta,
896 4430 971 4493 quae
1002 4409 1143 4483 fidemin
1170 4414 1325 4487 posterum
1348 4416 1501 4471 merentur

138 4527 170 4580 et
197 4536 305 4580 revera
328 4513 372 4575 sic
396 4532 430 4573 se
452 4510 575 4584 habent,
601 4516 634 4569 ut
656 4506 729 4568 Ursi
751 4502 923 4584 desperatio
948 4500 1012 4562 sine
1036 4517 1129 4559 cansa
1153 4496 1202 4557 sit.
1255 4575 1256 4581 ἵ

232 4605 329 4669 Sexto
352 4601 497 4682 plurimas
521 4598 566 4660 ait
587 4593 798 4679 hypothesium
817 4592 929 4653 formas
953 4587 1081 4667 confingi
1108 4605 1208 4670 posse.
1255 4584 1342 4645 Adeo
1366 4584 1432 4646 leve
1456 4583 1501 4645 illi

136 4696 298 4779 negotium
322 4699 371 4753 est
402 4689 608 4773 hypotheseon
637 4682 824 4746 constitutio.
870 4682 916 4742 At
945 4698 982 4739 ea
1009 4675 1099 4755 plena
1125 4672 1237 4736 laboris
1270 4681 1318 4735 est
1348 4680 1379 4735 et
1410 4692 1500 4735 curae

139 4802 293 4856 summae,
327 4778 407 4860 quod
431 4778 539 4841 testari
560 4782 718 4855 poterunt,
744 4770 793 4851 qui
817 4788 884 4830 eam
908 4768 1115 4846 degustarunt.
1162 4760 1350 4824 Praesidium
1380 4761 1499 4841 quidem

137 4873 234 4941 habet
258 4873 335 4937 haec
359 4866 512 4931 sententia
533 4862 709 4927 nonnullum
732 4860 760 4922 iu
786 4876 831 4927 eo,
856 4856 934 4938 qnod
950 4854 1045 4949 Ursus
1064 4851 1181 4919 nonnisi
1204 4850 1327 4912 fictitias
1351 4869 1418 4910 esse
1436 4848 1501 4908 vult

1225 4952 1286 5006 tt*
