3786 5808
274 3172 277 3189 '
380 3171 487 3253 pende.

336 336 426 429 ,aa
974 336 1136 393 nemun

384 497 491 580 majori
513 500 616 563 labore
640 498 750 579 agitur.
796 498 821 560 li
844 517 911 561 cnm
934 517 1043 561 nomen
1060 498 1129 563 iude
1146 498 1288 571 habeant,
1311 518 1371 562 nou
1394 500 1561 563 concedunt
1581 497 1737 577 postulata

384 589 447 652 sine
471 588 737 650 demonstratione.
777 585 917 658 Quorum
942 606 999 668 quo
1022 587 1189 668 imperitior
1211 588 1346 671 quisque,
1369 589 1425 650 hoc
1449 589 1516 668 plns
1544 587 1657 667 negotii
1687 586 1735 648 fa-

384 678 486 740 cessit.
534 678 738 739 Veruntamen
763 687 795 739 et
817 677 864 738 hic
887 677 1050 739 remedium
1073 677 1214 739 adhibere
1237 686 1341 759 potest
1364 677 1502 739 solitudo.
1540 676 1598 738 Est
1612 677 1642 736 in
1658 694 1735 755 quo-

384 767 459 829 libet
482 767 546 828 loco
570 767 802 828 mathematicus
824 784 916 840 uuus;
940 765 971 827 id
994 765 1045 828 ubi
1068 772 1126 838 est,
1151 765 1294 847 optimum
1317 775 1373 829 est.
1417 767 1492 827 Tum
1515 765 1541 826 si
1556 764 1648 828 hahet
1663 764 1736 827 alibi
1766 794 1779 821 ι

383 857 514 917 locorum
537 855 684 935 opinionis
709 856 839 929 socium,
863 854 969 916 literas
994 856 1032 917 ab
1054 856 1120 936 ipso
1145 856 1304 937 impetret,
1338 874 1398 936 qua
1420 857 1535 918 ratione
1559 853 1736 917 monstratis

382 944 477 1007 literis
502 946 573 1025 (que
597 963 713 1007 rursum
737 944 828 1007 etiam
850 943 921 1006 mihi
945 952 1015 1007 tuae
1038 948 1179 1026 prosunt)
1202 944 1371 1025 opinionem
1393 945 1471 1006 hanc
1493 943 1522 1005 in
1539 942 1645 1006 animis
1661 944 1734 1005 doc-

384 1043 481 1097 torum
505 1034 638 1097 excitare
660 1041 783 1114 potest,
817 1032 902 1115 quasi
929 1053 1033 1096 omnes
1061 1033 1188 1114 undique
1211 1035 1399 1114 professores
1421 1033 1639 1095 mathematum
1662 1051 1735 1094 con·

383 1124 539 1185 sentirent.
586 1123 700 1185 Verum
724 1122 794 1203 quid
818 1123 921 1186 fraude
945 1142 1019 1204 opus
1042 1123 1114 1185 est?
1156 1121 1280 1186 Gonhde
1305 1121 1453 1193 Galilaei,
1485 1131 1517 1184 et
1543 1123 1735 1202 progredere.

382 1211 417 1275 si
440 1213 516 1274 bene
539 1212 692 1292 conjecto,
722 1212 810 1293 pauci
833 1212 871 1273 de
893 1212 1063 1293 praecipuis
1086 1211 1226 1292 Europae
1249 1212 1471 1274 mathematicis
1495 1232 1515 1273 a
1537 1210 1622 1273 uobis
1646 1230 1735 1273 sece-

383 1302 452 1364 dere
480 1301 606 1363 volent:
643 1301 803 1363 tentaris
831 1309 880 1363 est
906 1301 1054 1365 veritatis.
1102 1299 1137 1363 Si
1166 1301 1222 1363 tibi
1250 1300 1341 1363 ltalia
1367 1302 1463 1363 miuus
1494 1308 1543 1363 est
1565 1299 1674 1362 idonea
1697 1300 1738 1362 ad

382 1389 626 1472 publicationem,
651 1398 683 1452 et
705 1391 731 1453 si
755 1391 856 1473 aliqua
877 1390 1033 1453 habiturus
1056 1411 1090 1453 es
1104 1390 1326 1472 impedimenta,
1352 1390 1454 1452 forsan
1470 1388 1636 1453 Germania
1650 1389 1738 1453 nobis

382 1480 459 1542 hauc
484 1478 653 1551 libertatem
677 1480 831 1542 concedet.
878 1477 940 1542 Sed
964 1479 1000 1541 de
1024 1478 1072 1541 his
1095 1479 1182 1541 satis.
1229 1479 1274 1542 Tu
1298 1479 1406 1541 saltem
1429 1478 1551 1560 scriptis
1566 1478 1638 1541 mihi
1652 1497 1738 1541 com-

382 1568 500 1631 munica
527 1567 686 1649 privatim,
723 1568 750 1630 si
778 1567 895 1650 publice
926 1588 984 1631 non
1013 1568 1134 1650 placet,
1170 1568 1196 1630 si
1220 1567 1289 1649 quid
1313 1568 1343 1631 in
1367 1566 1526 1650 (lopernici
1549 1568 1738 1631 commodum

382 1656 532 1721 invenisti.

470 1746 557 1808 Nunc
580 1744 635 1808 abs
660 1752 690 1807 te
714 1745 816 1825 placet
839 1744 951 1827 aliquid
975 1744 1217 1808 observationum
1238 1745 1413 1825 postulare:
1438 1744 1556 1808 scilieet
1577 1744 1663 1818 mihi,
1687 1747 1739 1826 qui

383 1835 589 1898 instrumentis
613 1853 710 1904 careo,
736 1833 966 1915 confugiendum
989 1842 1037 1896 est
1060 1834 1100 1896 ad
1123 1828 1210 1897 11111.
1256 1833 1360 1896 Habes
1383 1835 1597 1915 quadrantem,
1627 1835 1656 1896 in
1679 1855 1738 1916 quo

381 1925 480 2006 possis
503 1932 607 1986 notare
631 1923 750 2004 singula
772 1925 912 2004 scrupula
934 1923 1030 2004 prima
1053 1932 1084 1985 et
1108 1923 1291 2005 quadrantes
1313 1923 1496 2005 primorum?
1520 1922 1660 1987 Observa
1674 1925 1736 2006 igi-

382 2023 440 2088 tur,
463 2013 543 2077 eirca
569 2011 618 2078 19.
634 2013 709 2076 Dec.
734 2014 874 2089 futurum,
898 2012 1088 2076 altitudinem
1112 2012 1280 2093 eductionis
1305 2015 1418 2075 candae
1438 2012 1468 2075 in
1481 2010 1563 2077 Ursa
1576 2013 1739 2078 maximam

382 2112 413 2165 et
436 2101 589 2166 minimam
612 2103 718 2164 eadem
740 2110 839 2166 noete.
886 2100 948 2178 Sic,
974 2096 1129 2165 1111126.
1153 2101 1245 2176 Dec,
1270 2103 1397 2165 observa
1421 2102 1558 2165 similiter
1581 2113 1739 2185 utramque

382 2193 488 2255 stellae
510 2191 625 2271 polaris
650 2191 848 2255 altitudinem.
885 2190 1017 2254 Primam
1042 2192 1163 2254 stellam
1186 2190 1314 2254 observa
1337 2192 1430 2254 etiam
1453 2192 1532 2262 circa
1558 2188 1607 2256 19.
1632 2192 1739 2256 Martii

382 2282 452 2344 anni
475 2276 518 2344 98
536 2280 695 2343 altitudine
718 2288 865 2343 nocturna
886 2279 961 2343 hora
988 2277 1047 2354 123
1071 2281 1199 2342 alteram
1222 2277 1322 2344 128.
1348 2280 1446 2362 Sept,
1470 2281 1562 2343 etiam
1584 2282 1658 2344 hora
1685 2279 1736 2346 12.

380 2371 459 2435 Nam
483 2369 518 2443 si,
545 2369 622 2449 qnod
646 2377 727 2449 opto,
753 2369 922 2433 differentia
945 2371 1090 2451 quaedam
1115 2370 1194 2433 iuter
1217 2369 1303 2432 binas
1327 2369 1553 2433 observationes
1569 2371 1738 2437 intercedet

381 2459 468 2521 unius
491 2466 581 2539 atque
605 2457 730 2520 alterins
754 2458 902 2540 scrupuli,
926 2460 1022 2541 magis
1046 2458 1072 2521 si
1099 2452 1139 2522 10
1162 2467 1215 2521 aut
1240 2457 1298 2534 15,
1331 2460 1375 2522 rei
1398 2478 1451 2539 per
1475 2466 1571 2523 totam
1593 2467 1736 2523 astrono-

381 2549 471 2610 miam
497 2545 646 2612 latissime
670 2546 794 2610 diffusae
818 2557 1027 2626 argumentum
1046 2547 1112 2610 erit.
1146 2545 1199 2610 Sin
1225 2558 1325 2610 autem
1348 2549 1421 2611 nihil
1443 2549 1533 2629 plane
1548 2549 1735 2612 differentiae

382 2637 646 2719 deprehendemus,
670 2637 803 2715 palmam
825 2646 927 2698 tamen
951 2637 1151 2699 demonstrati
1166 2635 1344 2699 nobilissimi
1355 2638 1564 2719 problematis,
1587 2639 1736 2702 hactenus

381 2747 400 2788 a
423 2725 539 2787 nemine
564 2725 747 2803 affectatam,
772 2726 966 2788 communiter
988 2724 1216 2805 reportabimus.
1264 2723 1403 2806 Sapienti
1416 2735 1468 2789 sat
1481 2727 1603 2789 dictum.
1641 2726 1735 2790 Mitto

382 2822 482 2878 autem
512 2814 569 2876 duo
592 2814 714 2894 iusuper
736 2814 920 2894 exemplaria
943 2813 1143 2889 (Prodromi),
1173 2815 1244 2896 quia
1265 2814 1488 2896 Hamhergerus
1511 2815 1582 2878 mihi
1606 2816 1734 2890 dixerat,

382 2915 412 2965 te
435 2905 522 2985 plura
546 2903 728 2968 desiderare.
776 2902 948 2984 cuicunque
971 2903 1108 2976 miseris,
1132 2903 1182 2965 ille
1207 2905 1303 2966 1111111
1326 2905 1362 2965 de
1386 2905 1487 2968 libello
1510 2905 1629 2987 scriptis
1653 2923 1735 2967 mer-

382 2992 484 3055 cedem
507 2992 642 3055 solverit.

469 3081 565 3153 Vale,
600 3079 765 3145 clarissime
783 3079 848 3156 vir,
882 3087 914 3142 et
941 3099 995 3161 per
1024 3079 1183 3160 epistolam
1205 3080 1410 3163 longissimam
1433 3092 1565 3147 mutuum
1588 3080 1661 3145 mihi
1683 3102 1736 3147 re-

451 3329 491 3379 11
508 3326 571 3380 haee
590 3342 646 3379 enm
664 3326 791 3378 Galilaeae
808 3340 858 3376 non
876 3325 1043 3391 responderit,
1070 3325 1193 3393 Keplems
1211 3340 1306 3393 qnoque
1324 3327 1460 3385 obmutuit.
1480 3329 1576 3389 donee.
1596 3329 1703 3382 deteetls
1722 3348 1739 3383 a

381 3400 493 3451 Galilaea
511 3401 579 3450 lovis
597 3398 744 3450 1111111111111
762 3398 886 3462 Keplerns
903 3399 1069 3448 intermissum
1087 3400 1245 3465 epistolarum
1262 3401 1434 3450 commercium
1451 3402 1558 3465 repetiit.
1597 3424 1606 3453 s

452 3471 573 3536 Keplerns
591 3473 650 3522 item
669 3469 807 3533 'l'yehoni
825 3469 963 3534 exemplum
979 3468 1103 3521 Prodrom
1121 3473 1202 3530 misit,
1219 3471 1269 3522 hac
1288 3470 1376 3523 addita
1393 3472 1515 3536 epistola:

470 3611 546 3677 Cum
569 3620 618 3688 te,
651 3612 697 3674 vir
723 3611 924 3693 amplissime,
953 3611 1234 3676 mathematicorum
1261 3612 1391 3676 omnium
1418 3633 1476 3676 nou
1505 3615 1592 3696 hujus
1615 3622 1737 3680 tantum

382 3703 494 3766 aetatis
527 3701 580 3764 sed
612 3701 706 3763 totins
734 3700 801 3764 aevi
824 3700 1017 3762 monarcham
1040 3702 1231 3764 constituerit
1253 3702 1496 3784 incomparabilis
1520 3703 1656 3766 doctrina
1679 3706 1735 3786 ju-

382 3793 508 3873 diciique
531 3790 737 3872 praestantia,
768 3789 900 3870 iniquum
924 3790 1041 3866 fecero,
1075 3790 1101 3853 si
1131 3791 1274 3870 opusculo
1307 3791 1343 3852 de
1366 3795 1559 3875 proportione
1583 3794 1735 3857 coelorum

381 3901 474 3963 nuper
497 3881 525 3943 in
546 3883 641 3943 lucem
664 3879 736 3942 dato
760 3879 831 3953 (snb
855 3878 963 3941 titulo:
1000 3879 1217 3942 Prodromus
1249 3880 1559 3945 dissertationum
1592 3901 1735 3946 cosmo-

381 3970 653 4052 graphicarnm)
676 3971 769 4032 ullam
792 3967 919 4049 gloriam
942 3977 993 4031 tuo
1014 3968 1128 4048 judicio
1149 3977 1179 4031 et
1198 3971 1453 4036 commendatione
1476 3973 1616 4052 neglecta
1638 3991 1734 4035 aucu-

380 4078 444 4140 per.
492 4057 578 4131 Quae
601 4078 647 4121 me
671 4078 764 4121 causa
786 4057 894 4134 movit,
928 4067 962 4120 ut
983 4058 1104 4138 ignotus
1127 4076 1165 4120 111
1188 4058 1244 4120 hoc
1268 4058 1393 4123 obscuro
1418 4059 1599 4124 Geuuaniae
1624 4063 1735 4141 angulo

381 4149 486 4211 literas
510 4149 549 4210 ad
567 4156 597 4209 te
620 4146 788 4222 mitterem,
814 4156 930 4210 oratum
952 4167 1006 4230 per
1028 4147 1112 4210 illum
1135 4146 1286 4227 ingentem
1310 4149 1447 4214 veritatis
1472 4168 1623 4222 amorem,
1647 4170 1735 4232 quem

380 4239 409 4300 in
429 4247 459 4301 te
475 4257 590 4321 quoque
613 4238 712 4299 inesse
736 4237 818 4299 fama
840 4245 910 4299 tuae
934 4236 1149 4317 magnitudinis
1171 4237 1347 4318 praedicat:
1372 4249 1415 4315 nt,
1440 4241 1510 4321 qnid
1534 4239 1589 4303 tibi
1612 4240 1649 4301 de
1673 4239 1734 4303 ist-

379 4327 436 4389 hoc
459 4327 597 4390 videatur
619 4327 758 4406 negotio,
783 4345 820 4387 ea
843 4325 1017 4388 sinceritate
1040 4332 1072 4387 et
1094 4326 1297 4403 humanitate,
1323 4347 1398 4410 quae
1422 4329 1452 4391 in
1476 4336 1506 4391 te
1529 4329 1734 4409 praedicatur,

382 4415 513 4498 explices
545 4414 743 4496 brevibusque
774 4415 871 4478 literis
899 4414 1059 4495 significes.
1106 4412 1204 4477 Ome
1229 4417 1364 4493 felicem,
1397 4418 1423 4480 si
1456 4418 1535 4497 qnod
1557 4417 1732 4493 Maestline,

380 4505 458 4567 idem
481 4514 512 4567 11
535 4504 669 4586 Tychoui
692 4504 850 4579 videbitur,
876 4503 980 4584 quibus
1005 4521 1060 4582 ego
1085 4502 1198 4567 duobus
1219 4507 1491 4586 propugnatoribus
1509 4526 1566 4569 uon
1588 4506 1732 4570 dubitabo

379 4594 474 4657 totius
505 4595 586 4656 orbis
613 4592 679 4673 jam
711 4594 862 4658 excitatas
892 4591 1107 4655 insectationes
1132 4592 1201 4655 forti
1225 4594 1323 4657 auimo
1346 4596 1507 4659 sustinere.
1553 4596 1606 4659 Sin
1631 4606 1735 4659 autem

379 4684 410 4747 id
433 4692 611 4746 consecutus
635 4684 727 4759 fuero,
751 4692 786 4746 ut
808 4701 883 4764 qnae
906 4682 1010 4745 insunt
1032 4679 1160 4757 infirma,
1184 4683 1288 4763 inepta
1310 4692 1342 4745 et
1364 4686 1507 4764 puerilia,
1536 4684 1636 4768 qualia
1659 4684 1732 4748 mihi

379 4792 434 4854 per
456 4780 588 4835 aetatem
610 4773 706 4835 multa
729 4770 919 4843 exciderunt,
943 4789 1070 4834 censura
1091 4770 1221 4833 volueris
1244 4779 1368 4849 notare,
1393 4794 1431 4837 an
1455 4794 1592 4856 egenen
1615 4792 1732 4837 mreum

381 4860 550 4942 hujusmodi
572 4861 834 4943 reprehensionem
852 4859 946 4925 totius
961 4859 1071 4941 mundi,
1095 4859 1121 4922 si
1135 4868 1229 4934 esset,
1252 4862 1388 4925 assensui
1401 4863 1594 4952 praeferam?
1615 4862 1731 4925 Exem-
