3872 5836
384 360 449 426 346
808 361 907 411 Literae
928 360 1028 424 Kepleri
1047 320 1199 424 aliorumque
1217 368 1318 410 mutuae

382 526 457 579 valea
477 530 504 573 et
520 537 559 572 res
578 522 611 572 sd
624 521 739 584 Optioanr
758 521 857 585 alisque
876 521 1028 585 pertinentes
1047 522 1215 570 astronomica
1232 520 1364 572 sollicitum
1376 527 1464 572 tenent
1476 521 1625 571 Fabriolum.
1645 518 1741 580 -Qusrs

382 596 500 660 prioribus
519 608 601 658 pauca
613 598 712 643 tantum
725 592 885 657 adjungenda
897 599 968 647 sunt,
987 606 1051 655 quae
1064 583 1179 654 spectant
1190 592 1256 641 hauc
1268 608 1368 655 operum
1381 593 1483 657 Kepleri
1496 598 1605 656 partem,
1625 593 1665 640 cui
1677 590 1741 639 haec

382 666 563 731 praemisimus.
599 662 715 713 Proxima
732 664 835 726 Kepleri
854 662 973 726 epistola,
994 662 1055 711 data
1073 662 1096 711 d.
1119 661 1159 710 18.Ι
1175 660 1335 717 0111001,
1354 665 1427 727 plane
1441 664 1500 712 nihil
1514 663 1598 719 habet,
1617 661 1681 726 quod
1693 661 1741 709 huo

382 738 497 801 pertinet.
541 736 561 784 E
574 737 687 799 sequenti
701 732 737 796 (d.
754 733 795 782 ll.
811 733 867 784 Oct.
885 730 965 792 111011)
980 739 1090 796 apparet,
1109 748 1158 782 non
1168 736 1289 783 remisisse
1303 736 1409 784 Fabricii
1422 735 1543 784 scribendi
1556 732 1672 787 studium,
1685 747 1742 781 eum

383 808 505 871 Keplerus
524 807 557 856 ad
570 803 586 854 0
606 808 659 868 ejus
678 806 762 856 literas
774 820 819 869 per
829 820 921 854 annum
936 801 1003 852 1605
1018 805 1141 866 adipsum
1154 805 1227 854 datas
1239 806 1310 855 simul
1323 806 1482 870 responderit.
1513 805 1641 869 Pergimus
1653 802 1741 853 eadem

383 894 434 945 qua
451 884 528 928 autea
545 878 650 935 ratione,
675 892 760 926 ornnes
775 877 822 925 has
835 876 941 926 Fabricii
954 876 1095 925 omittentes
1108 878 1275 940 quaestiones,
1294 877 1326 927 ad
1338 892 1399 941 ques
1411 892 1461 929 uon
1474 877 1599 940 respoudit
1610 876 1740 938 Keplerus.

359 999 364 1011 ,
453 949 622 999 Fabricius
643 944 679 1009 (4.
694 944 829 1010 [111111.
845 943 940 1007 rutel:
961 945 1089 1007 Quomodo
1102 948 1187 998 linea
1205 949 1385 998 meridiana
1402 947 1593 1011 deprehenditur
1606 943 1741 1009 subpolisi

474 1019 675 1100 Keplerus:
710 1019 756 1080 De
782 1018 947 1080 meridiana
970 1019 1025 1079 sub
1048 1018 1118 1097 polo
1142 1020 1313 1097 quaerenda
1343 1020 1501 1099 scripsisse
1525 1038 1574 1080 me
1597 1018 1669 1079 olim
1692 1026 1742 1079 sat

384 1109 516 1171 memini.
565 1106 695 1178 Quaeris
721 1108 890 1187 oppositum
913 1108 942 1168 in
970 1107 1105 1185 adjecto,
1132 1109 1161 1168 id
1184 1126 1305 1186 nempe,
1337 1110 1414 1188 quod
1448 1128 1506 1169 non
1530 1115 1580 1169 eet
1609 1106 1741 1168 1111111-

384 1206 490 1277 spectu
514 1195 573 1258 loci
597 1197 724 1275 alicujus
748 1197 776 1257 in
801 1198 904 1270 Terra,
930 1207 965 1257 ut
985 1196 1198 1275 Nordwegiae,
1223 1197 1413 1269 Moseoviae,
1436 1196 1611 1259 Hiberniae.
1659 1197 1742 1256 Tunc

386 1306 443 1347 non
469 1287 594 1358 coelum,
619 1286 674 1347 sed
698 1286 792 1347 Terra
814 1285 1014 1357 consulenda
1048 1293 1225 1364 prospectus
1245 1305 1366 1365 nempe,
1393 1295 1446 1347 aut
1469 1286 1494 1347 si
1519 1287 1596 1346 forte
1618 1303 1742 1363 magnes

383 1377 551 1448 intueatur,
586 1374 623 1435 de
656 1393 713 1454 quo
747 1374 918 1446 Gilbertus;
952 1372 1085 1434 declinat
1116 1393 1221 1455 nempe
1256 1395 1274 1435 a
1306 1375 1375 1454 polo
1407 1376 1445 1437 ad
1478 1383 1581 1455 partes
1606 1374 1740 1454 potiores

385 1475 539 1536 terrarum,
565 1463 750 1526 exstantium
774 1483 811 1523 ex
836 1458 967 1542 aquis.⁶)

455 1553 636 1603 Fabricius:
658 1552 686 1603 Si
704 1567 734 1602 ex
753 1553 846 1616 aliquot
864 1551 1018 1614 acrouyohiis
1036 1551 1064 1612 lt,
1089 1551 1163 1615 longo
1182 1557 1300 1614 tempore
1317 1552 1480 1609 distantibus,
1509 1552 1541 1599 ad
1560 1551 1689 1598 minimum
1708 1547 1743 1597 20

383 1626 464 1679 aunis.
483 1624 657 1673 eecentricitas
676 1629 702 1671 et
720 1637 858 1689 apogaeum
876 1623 963 1687 inquiri
982 1621 1081 1678 debent,
1102 1623 1235 1686 quaeritur,
1255 1637 1287 1672 an
1306 1639 1355 1672 nou
1375 1623 1459 1686 aliqua
1476 1625 1585 1672 varietus
1602 1622 1739 1686 ingeratur.

383 1697 420 1744 ita
439 1701 467 1744 ut
485 1710 568 1743 rerum
598 1709 736 1759 apogaeum
761 1694 799 1745 rel
826 1693 949 1756 aphelium
976 1692 1029 1743 dari
1055 1709 1104 1742 non
1129 1695 1223 1756 possit,
1250 1708 1305 1742 cunr
1332 1694 1442 1743 diversae
1466 1694 1649 1743 observationes
1669 1692 1684 1753 lt
1703 1692 1739 1740 di·

383 1782 454 1816 versa
473 1767 549 1815 etiam
567 1767 702 1828 respiciant
721 1762 854 1829 apogaeal
892 1765 925 1813 Et
943 1764 1062 1827 quomodo
1081 1766 1155 1813 errori
1174 1762 1206 1825 (si
1219 1766 1273 1828 quis
1292 1765 1348 1814 inde
1367 1761 1504 1825 redundet)
1527 1763 1675 1814 obviandum
1694 1763 1741 1813 siti

471 1837 677 1915 Keplerus:
705 1837 809 1911 Putas,
834 1836 914 1897 iutra
939 1834 981 1898 30
1005 1855 1099 1896 anrros
1123 1836 1238 1897 reditus
1261 1833 1281 1914 b
1306 1836 1414 1897 mutari
1436 1855 1603 1914 apogaeum
1629 1835 1741 1897 intole-

381 1926 528 1988 rabiliter.
576 1924 715 2000 Quaeris,
741 1926 887 2005 quomodo
912 1924 1089 1984 medendum
1112 1924 1142 1984 in
1159 1924 1349 1985 restitutione
1373 1925 1457 2003 ejus?
1503 1923 1575 1986 Jam
1590 1924 1645 1985 hoc
1660 1924 1739 1985 Pto-

382 2015 515 2076 lemaeus
540 2012 569 2073 in
593 2014 681 2074 Luna
704 2013 815 2075 docuit.
863 2013 1013 2074 Utendum
1038 2021 1167 2075 estnon
1192 2015 1319 2074 arcubus
1344 2013 1398 2074 sub
1423 2013 1557 2087 zodiaco,
1582 2012 1638 2073 sed
1662 2032 1738 2073 ano·

381 2103 481 2164 maliis
506 2100 692 2181 simplicibus
716 2110 748 2163 et
771 2101 956 2181 coaequatis,
982 2101 1118 2181 quamvis
1142 2102 1242 2162 hercle
1266 2102 1460 2182 perexiguum
1484 2102 1541 2163 hoe
1565 2109 1623 2175 est,
1649 2101 1738 2181 quid-

383 2190 451 2271 quid
484 2198 540 2252 est.
588 2190 699 2251 Martis
725 2209 826 2270 aeque
859 2190 948 2251 velox
977 2199 1024 2250 est
1053 2190 1205 2269 aphelium
1235 2192 1498 2271 quamproxime,
1533 2190 1607 2252 nihil
1640 2198 1740 2251 11111111

383 2279 453 2341 mihi
478 2279 581 2341 nocuit
603 2279 652 2339 hic
675 2288 774 2340 motus
797 2279 964 2358 neglectus,
990 2279 1126 2358 quamvis
1150 2280 1177 2339 ei
1201 2281 1298 2359 major
1321 2279 1543 2340 eceentrieitas.

454 2368 641 2417 Fabricius:
662 2367 867 2431 Compendiosam
891 2375 960 2416 tuam
979 2367 1068 2417 Lunae
1086 2368 1144 2418 loca
1162 2383 1192 2418 ex
1211 2369 1348 2419 canonibus
1367 2368 1514 2430 Tychonicis
1534 2366 1683 2431 supputandi
1702 2379 1741 2416 ra·

382 2441 475 2489 tionem
493 2438 552 2488 mihi
572 2440 747 2499 communices,
768 2453 869 2502 quaeso.
1197 2502 1199 2509 y

471 2511 680 2589 Keplerus:
715 2512 761 2571 De
794 2512 899 2571 Lunae
928 2510 1103 2589 compendio
1133 2511 1198 2589 jam
1231 2529 1323 2589 saepe
1358 2509 1508 2589 respondi.
1565 2510 1638 2570 Plus
1671 2507 1741 2570 mihi

382 2599 494 2662 laboris
518 2599 725 2660 insumendum
748 2600 777 2661 in
809 2598 1015 2673 describendo,
1047 2618 1137 2679 quam
1171 2599 1274 2660 decem
1308 2598 1360 2660 alli
1384 2599 1505 2676 capient
1537 2597 1679 2659 utilitatis
1712 2596 1741 2656 in

383 2689 505 2750 utendo.
554 2687 769 2768 compendium
793 2696 842 2750 est
865 2688 1022 2767 dispendio
1047 2688 1160 2761 simile,
1194 2688 1223 2748 in
1253 2707 1311 2768 quo
1334 2705 1409 2766 pene
1434 2686 1507 2748 nihil
1534 2686 1659 2759 tollitur,
1684 2684 1742 2746 nisi

383 2778 579 2857 triangulum,
614 2777 691 2857 quod
721 2796 779 2838 non
804 2776 945 2852 solvitur,
981 2785 1012 2837 et
1044 2784 1177 2838 motuum
1202 2776 1366 2838 mediorum
1399 2795 1457 2836 non
1481 2776 1515 2837 lit
1539 2784 1600 2837 tam
1623 2774 1743 2855 prolixa

382 2868 508 2930 additio.
556 2865 590 2928 Si
613 2867 784 2945 exemplum
807 2865 958 2938 haberem,
984 2866 1073 2943 plane
1098 2884 1155 2927 nou
1181 2884 1332 2943 negarem·

453 2956 640 3006 Fabricius:
662 2954 738 3019 Cupio
758 2968 788 3004 ex
801 2962 826 3004 te
846 2969 1005 3019 cognoscere,
1025 2969 1058 3005 an
1077 2955 1157 3003 nulius
1177 2969 1207 3003 ex
1224 2955 1334 3018 professo
1353 2953 1479 3018 scripserit
1497 2953 1528 3003 de
1546 2953 1678 3003 1101111111
1696 2967 1742 3002 aa·

383 3043 468 3087 norum
487 3028 685 3076 observationum
705 3028 812 3075 omnium
830 3024 984 3076 Ptolomaei?

470 3117 674 3200 Keplerus:
707 3115 874 3175 Ptolemaei
898 3116 1063 3177 observata
1095 3115 1238 3194 pleraque
1267 3113 1447 3194 Buntyngus
1480 3113 1509 3173 iu
1537 3111 1741 3190 Chronologia

383 3207 419 3267 ad
444 3206 588 3266 calculum
615 3202 853 3282 Oopernicanurn
877 3203 1072 3264 examinavit.
1120 3203 1246 3263 Praeter
1269 3202 1346 3263 hune
1371 3203 1433 3263 scio
1454 3201 1610 3263 nemiuem.

452 3312 633 3361 Fabricius:
664 3307 810 3368 Quaeritur,
839 3323 871 3357 an
891 3308 993 3357 variatio
1013 3309 1205 3358 eccentricitatis
1225 3307 1317 3357 Solaris
1344 3322 1430 3358 revera
1452 3308 1616 3357 mutationem
1635 3306 1741 3370 aliquam
1791 3305 1796 3309 “

382 3384 480 3447 ingeret
499 3389 634 3431 ceterorum
652 3376 777 3427 motibus?
815 3379 923 3428 Dubium
942 3380 1007 3428 euim
1035 3378 1521 3442 1111111111]11111111111111111111,
1550 3394 1606 3429 cum
1626 3379 1740 3428 observa·

382 3455 462 3502 nones
481 3453 618 3502 Ptolemaei
641 3452 690 3502 sint
709 3450 759 3498 lato
779 3450 849 3500 niodo
869 3458 997 3513 acceptae,
1023 3465 1070 3499 neo
1090 3465 1172 3499 veram
1192 3452 1403 3501 eecentricitatem
1432 3451 1464 3499 ad
1483 3450 1547 3499 illius
1566 3458 1678 3513 tempora
1700 3464 1741 3498 ex·

382 3525 466 3574 hibere
484 3529 595 3588 possunt.

471 3611 680 3693 Keplerus:
704 3610 926 3671 Eccentrieitas
942 3608 1035 3685 Solis,
1061 3609 1088 3671 si
1111 3608 1182 3670 olim
1207 3611 1264 3672 fuit
1286 3611 1391 3689 major,
1416 3611 1486 3680 iu0¹
1513 3605 1565 3672 16¹
1589 3630 1615 3672 1.
1640 3610 1741 3671 varie·

385 3709 477 3763 tatem
506 3709 610 3781 potest
638 3700 782 3777 ingerere.
828 3699 925 3761 Ecce:
957 3698 998 3760 sit
1026 3707 1051 3769 (ς
1084 3700 1111 3759 11
1141 3699 1300 3777 perihelio‚
1337 3698 1377 3777 Θ
1407 3701 1436 3761 in
1468 3699 1597 3778 aphelio.
1645 3697 1742 3769 Sit&

384 3790 531 3854 distantia
555 3811 573 3849 a
598 3787 637 3866 Θ
663 3785 804 3861 438300,
832 3786 874 3865 Θ
902 3785 1041 3851 102100.
1088 3789 1123 3848 11
1147 3788 1259 3850 tabulis
1283 3788 1358 3849 meis
1382 3788 1483 3868 prodit
1507 3787 1597 3850 index
1624 3783 1741 3851 15058.

384 3882 428 3940 Α1
450 3880 521 3943 Sole
547 3880 679 3940 distante
708 3875 852 3945 101800,
883 3886 916 3938 11
939 3877 1043 3953 hodie,
1074 3877 1165 3938 index
1194 3886 1241 3938 est
1270 3874 1386 3941 15202.
1435 3877 1582 3938 Doctrina
1611 3876 1741 3938 indicum

384 3969 506 4031 exhibet
533 3964 684 4031 111311
732 3964 1584 4045 111911111111111111111111,1111111111.
1631 3966 1744 4026 Modus

384 4059 457 4119 hacc
486 4056 662 4136 explorandi
689 4057 754 4133 jam
780 4055 895 4134 pridem
931 4056 1001 4115 mihi
1033 4055 1203 4117 destinatus
1228 4062 1276 4116 est
1307 4074 1360 4134 per
1383 4075 1472 4117 unam
1497 4054 1742 4117 observationem

384 4144 550 4207 Ptolemaei
575 4146 604 4205 in
629 4152 654 4214 ὀ
679 4144 830 4217 habitam,
865 4164 902 4205 er
922 4141 941 4206 5
967 4145 995 4204 in
1020 4145 1216 4205 universumt·
1240 4144 1270 4205 in
1294 4144 1348 4206 illa
1371 4152 1396 4214 0'
1421 4145 1477 4206 init
1504 4145 1629 4224 junctus
1653 4144 1741 4205 lirae.

384 4234 425 4296 Et
449 4252 571 4313 possem
599 4233 669 4294 hinc
694 4232 781 4295 facile
805 4234 932 4312 probare
962 4232 1197 4294 eecentrieitatis
1223 4230 1262 4308 Θ
1289 4236 1345 4309 (ὅ)
1370 4233 1569 4296 variationem
1597 4232 1645 4293 vel
1670 4252 1741 4293 oon-

384 4324 539 4389 stantiam
564 4322 666 4400 posita
689 4323 840 4383 constanti
865 4321 1094 4383 excentricitate
1120 4329 1161 4395 (ς,
1186 4322 1324 4383 simodo
1350 4319 1743 4399 111111Θ111Ρ111111111

384 4411 439 4472 sub
464 4410 530 4472 liris
559 4411 636 4473 bene
659 4418 765 4490 posset
788 4411 827 4483 ed
851 4411 906 4472 illa
930 4419 1065 4488 ternpore
1090 4411 1267 4489 computari.
1315 4410 1360 4471 At
1392 4420 1507 4484 metuo,
1542 4416 1575 4471 ut
1598 4410 1654 4471 hoc
1679 4410 1741 4471 lieri

385 4518 441 4560 non
466 4499 573 4579 possit,
598 4499 668 4579 quia
690 4519 762 4561 usus
787 4500 910 4562 orientis
927 4501 1030 4559 Lunae
1055 4498 1251 4561 occumbente
1268 4498 1339 4562 Sole
1356 4499 1742 4561 111111111111111111111.

455 4606 637 4655 Fabricius:
666 4604 761 4661 Audio,
788 4612 814 4655 te
840 4606 954 4656 diuturno
983 4611 1008 4654 et
1026 4604 1120 4656 difficili
1144 4607 1226 4655 morbo
1251 4607 1298 4657 hoc
1319 4621 1385 4655 anuo
1404 4607 1545 4656 diveratum
1563 4605 1646 4655 fuisse.
1683 4605 1743 4669 Eius

384 4676 456 4726 initia
473 4675 518 4726 01.
537 4677 601 4725 11111
619 4679 690 4740 cupio
711 4677 808 4742 alisque
827 4691 891 4741 quae
909 4678 954 4727 tibi
972 4676 1125 4739 acciderunt

394 4835 398 4841 .
473 4765 676 4844 Keplerus:
709 4766 756 4826 De
786 4766 889 4828 morbo
920 4785 985 4826 meo
1017 4765 1157 4843 quaeris?
1202 4766 1308 4827 Febris
1339 4766 1468 4827 erratica
1500 4766 1558 4827 fult
1580 4774 1612 4827 et
1634 4764 1741 4836 bilosa,

385 4865 524 4934 quonum
548 4853 694 4927 recidiva,
719 4873 786 4919 curu
809 4855 934 4917 subinde
959 4854 987 4914 111
1013 4852 1116 4915 diaeta
1139 4873 1306 4934 peccarem.
1354 4853 1497 4934 2111111111
1521 4864 1560 4916 st.
1585 4874 1614 4916 u.
1640 4853 1744 4934 adegit
