3786 5808
722 435 884 489 Mu
1441 436 1481 502 13

123 594 303 679 querceis
342 596 475 660 accentui
509 616 567 659 non
601 615 670 659 esse
698 597 918 677 adjungendam
945 597 984 659 ad
1010 595 1191 678 παραλλαειι
1217 598 1298 662 orbis
1324 617 1379 678 pro
1408 619 1481 662 arcu

122 688 176 749 illo
199 686 368 766 capiendo,
400 687 485 765 cujus
507 687 590 748 sinus
612 685 654 747 ait
676 686 823 748 distantia
845 687 974 749 Telluris
998 707 1017 747 a
1039 696 1153 750 centro.
1199 687 1277 750 Nam
1301 688 1326 749 si
1351 688 1479 761 additur,

123 785 194 837 tota
215 775 501 856 prosthaphaaresls
524 794 581 837 non
605 775 761 837 exhibebit
779 775 939 837 maximam
968 776 1124 855 planetae,
1162 776 1227 838 sive
1254 777 1356 858 potius
1389 777 1479 839 mini-

121 884 206 927 mam
228 865 342 926 Terrae
366 865 557 938 distantiam,
582 864 637 926 ssd
660 863 758 940 illam,
783 883 870 946 qnam
893 865 986 926 habet
1008 865 1038 931 in
1061 865 1113 928 illo
1137 865 1308 929 loco-certo
1331 867 1479 929 accentui-

121 953 243 1017 citatis.
290 952 538 1016 Commodissima
560 952 653 1032 igitur
674 952 836 1015 maximam
853 953 995 1034 planetas
1010 954 1188 1019 distantiam
1202 955 1337 1018 elicimus
1351 974 1390 1017 ex
1403 973 1479 1035 apo-

121 1062 206 1125 gaea
226 1042 504 1123 prosthaplraeresi.
551 1038 742 1105 Contrarium
765 1050 867 1105 autern
889 1043 920 1105 in
935 1043 1124 1107 inferioribus
1137 1043 1366 1107 observandum.
1399 1045 1479 1108 Noun

124 1132 188 1209 illi,
221 1133 292 1195 dnm
318 1140 478 1195 censentur
499 1131 530 1193 ln
553 1130 652 1194 media
674 1131 878 1210 longitudine,
907 1140 978 1194 sunt
1000 1132 1029 1194 in
1054 1131 1179 1212 ἀφηλιῳ,
1201 1140 1233 1195 et
1254 1132 1397 1196 vicissim·
1411 1134 1480 1195 dum

121 1230 278 1304 apparant
299 1220 329 1282 iu
350 1219 474 1302 daeoyasp
496 1220 546 1282 vel
568 1240 709 1301 κιριγιιῳ,
730 1228 802 1282 sunt
824 1220 853 1283 in
875 1221 976 1283 media
998 1222 1156 1284 distantia.
1201 1221 1299 1302 Igitur
1311 1240 1366 1301 pro
1380 1223 1480 1284 media

122 1329 229 1375 eornm
260 1310 409 1372 distmia
438 1330 458 1371 a
479 1308 552 1372 Sole
583 1308 786 1389 computandi
818 1310 956 1373 existimo
978 1311 1187 1397 conferendam
1209 1310 1378 1391 parallaxin
1392 1329 1477 1395 apo·

121 1419 237 1481 garam
259 1418 326 1461 cum
348 1398 507 1480 perigaeri:
530 1417 608 1479 quac
630 1416 689 1461 noa
710 1416 764 1479 per
785 1398 973 1461 differentiae
996 1419 1126 1475 arcuum,
1151 1399 1205 1462 sed
1223 1417 1277 1479 por
1291 1399 1477 1465 differentiae

121 1489 244 1553 sinam
265 1488 461 1551 bisectionem
483 1488 691 1568 investigatur.
736 1487 872 1550 Maxima
902 1496 1003 1552 autem
1035 1488 1183 1552 distantia
1215 1487 1327 1551 aSole
1351 1490 1476 1553 habetur

123 1599 165 1643 ax
186 1578 319 1641 mima
341 1576 549 1656 elongation03
583 1576 734 1658 elongatio
756 1577 906 1654 maxima,
931 1578 957 1639 si
979 1577 1261 1659 prosthaphaerosis
1284 1579 1414 1641 eccentri
1437 1580 1476 1641 ad

124 1668 256 1731 madiam
275 1666 445 1747 parallaxiu
468 1666 550 1728 orbis
573 1664 762 1746 adjungatur.

215 1755 284 1818 Jam
307 1774 453 1818 mmmam
476 1774 587 1830 eornm,
610 1773 687 1836 quae
710 1755 841 1835 scriptas
862 1754 966 1817 theses
989 1763 1163 1836 sequuntur,
1188 1754 1371 1836 subjungam
1405 1755 1475 1818 llo-

126 1847 188 1909 trix
209 1846 327 1920 anima,
351 1853 385 1906 ut
406 1843 480 1917 dixi,
501 1844 532 1906 in
556 1843 638 1907 Sole.
684 1842 719 1907 Si
742 1853 841 1906 motus
864 1844 1032 1925 aequalitas
1055 1852 1089 1906 et
1109 1843 1188 1905 idem
1211 1843 1297 1925 vigor
1318 1843 1435 1907 vannat
1457 1866 1477 1907 a

120 1934 197 1999 Sole
219 1936 250 1998 in
273 1953 379 1997 omues
401 1934 506 2006 orbes,
528 1942 629 1995 mmen
653 1952 728 1995 nnus
752 1932 811 1996 alio
834 1934 951 1997 tardius
972 1933 1157 2007 circumiret,
1180 1940 1304 2012 propter
1328 1934 1474 2014 inaequa-

118 2026 242 2088 litatem
264 2023 405 2086 ambitus.
452 2023 600 2103 Tempora
621 2021 774 2102 periodica
795 2031 908 2098 essent,
931 2031 966 2086 ut
983 2023 1096 2085 circuli.
1141 2022 1223 2085 Nam
1237 2021 1393 2103 quantitas
1407 2041 1473 2085 mo-

118 2124 185 2178 tum
207 2113 341 2177 metitur.
388 2110 500 2174 Gircnli
523 2119 623 2174 antem
645 2119 680 2174 nt
701 2111 928 2186 semidiametri,
951 2112 1068 2175 scilicet
1082 2111 1302 2175 utdistantlae.
1349 2110 1401 2175 Sic
1424 2113 1473 2174 fa·

119 2204 233 2267 cillime
256 2200 508 2267 constitueremus
530 2220 569 2263 ax
591 2200 720 2263 motibus
744 2200 852 2263 mediis
865 2208 950 2263 certo
964 2200 1093 2281 cognitis
1115 2200 1231 2262 medias
1246 2200 1338 2263 etiam
1352 2200 1472 2263 distan-

120 2294 192 2355 tias.
240 2291 302 2356 Sed
326 2290 445 2353 accedit
463 2290 525 2352 alia
545 2309 657 2364 cansa,
686 2308 762 2370 quae
790 2290 940 2352 tardiores
963 2290 1056 2353 efficit
1078 2289 1263 2352 remotiores.
1310 2287 1473 2369 Capiamns

121 2402 141 2443 a
162 2383 231 2445 lnce
254 2380 500 2460 experimentum.
543 2378 624 2441 Nam
646 2378 697 2441 lux
720 2388 752 2440 et
765 2388 864 2442 motus
878 2379 980 2460 utique
994 2387 1028 2442 nt
1054 2378 1167 2459 origine
1190 2377 1235 2440 sic
1249 2377 1342 2441 etiarn
1355 2380 1473 2442 actibus

120 2469 291 2552 conjuncti,
322 2477 355 2531 et
385 2469 488 2531 forsan
516 2467 584 2552 ipsa
611 2467 662 2530 lux
684 2467 853 2530 vehiculum
876 2477 975 2531 motus
998 2476 1056 2530 est.
1102 2467 1199 2548 Igitur
1221 2467 1250 2529 in
1273 2486 1367 2548 parvo
1390 2469 1471 2543 orbe,

121 2568 154 2623 et
180 2558 227 2623 sic
254 2559 347 2622 etiam
373 2556 404 2621 iu
431 2575 524 2638 parvo
552 2556 663 2621 suono
689 2574 781 2637 propo
811 2557 915 2621 Solem
937 2565 1056 2621 tantum
1078 2564 1128 2619 est
1149 2555 1243 2631 lucis,
1276 2558 1471 2638 quantumin

121 2667 232 2730 magno
255 2656 288 2711 et
308 2647 477 2711 remotiore.
523 2647 651 2708 Tenuior
673 2645 765 2726 igitur
787 2646 840 2709 lux
860 2647 890 2709 in
913 2646 1033 2727 magno,
1057 2645 1087 2707 in
1118 2653 1246 2725 augusto
1267 2647 1430 2709 confertior
1443 2654 1475 2709 et

123 2738 239 2801 sortior.
285 2737 331 2800 At
360 2737 437 2798 haec
469 2735 613 2799 fortitudo
644 2753 760 2797 rursum
792 2744 841 2798 est
862 2736 893 2798 in
916 2735 1093 2798 circulorum
1114 2734 1324 2816 proportione,
1355 2736 1421 2798 sive
1443 2737 1472 2798 io

122 2826 343 2890 distantimum.
388 2823 423 2888 Si
441 2825 507 2906 jam
528 2824 635 2887 eadem
657 2824 736 2887 ratio
758 2832 857 2887 motus
879 2833 928 2886 est
960 2825 1035 2905 (qua
1057 2823 1177 2904 quidem
1198 2842 1231 2885 re
1253 2823 1328 2886 nihil
1350 2825 1472 2893 conclu,-

122 2917 189 2980 nioa
211 2915 286 2995 fingi
307 2916 436 2996 potest),
460 2921 602 2994 sequetur
621 2912 783 2975 distantias
806 2913 853 2975 bis
878 2913 976 2976 lacere
1000 2912 1040 2974 ad
1058 2920 1158 2975 motus
1181 2912 1357 2977 tarditatem
1385 2913 1473 2975 indu-

121 3005 259 3069 cendam
306 3002 407 3074 Quare
434 3002 559 3065 dimidia
584 3001 755 3064 differentia
780 3011 913 3065 motuum
939 3001 1064 3065 duorum
1085 3000 1230 3080 adjuncta
1251 2999 1358 3064 minori
1379 3002 1474 3065 motui

121 3096 181 3159 erit
203 3093 352 3157 distantia
372 3090 559 3156 remotioris:
582 3099 681 3154 motus
704 3091 770 3170 ipss
793 3091 890 3154 minor
903 3090 962 3154 erit
976 3088 1122 3155 dotanda
1133 3089 1361 3170 propinquioris.
1394 3091 1473 3153 Vide

122 3184 194 3266 qnid
217 3190 362 3265 sequatur
383 3181 413 3245 in
436 3181 493 3245 hoc
516 3174 748 3263 diagrammate.

985 3320 1025 3372 Ex
1042 3324 1110 3372 mota
1149 3284 1292 3407 ΒΨ
1325 3318 1476 3376 Difforsnda

582 3424 603 3509 l}
990 3425 1109 3504 uoto
1188 3424 1253 3492 563
1343 3423 1386 3507 -l·
1411 3425 1449 3491 11

580 3518 612 3594 ll
671 3525 719 3581 est
745 3515 848 3594 1000,
879 3525 944 3581 tum
993 3515 1108 3589 <5274
1187 3512 1253 3582 294
1343 3548 1385 3561 -
1408 3513 1452 3580 20

211 3606 248 3673 Si
270 3607 417 3673 distantia
438 3609 537 3671 media
581 3615 608 3678 d
670 3607 730 3670 erit
760 3607 859 3675 media
893 3607 942 3671 di-
994 3601 1107 3684 6694
1187 3602 1254 3671 658
1343 3602 1386 3686 -l-
1409 3602 1452 3670 36

440 3765 445 3771 ,
582 3698 607 3773 ὅ
744 3697 862 3760 stantia
995 3692 1103 3771 9761
1188 3691 1253 3760 719
1343 3693 1386 3775 -l-
1408 3693 1452 3760 42

583 3783 608 3860 Ω
994 3781 1103 3864 ζέ563
1185 3780 1251 3851 549
1342 3781 1385 3865 -Ι-
1412 3782 1452 3849 14

209 3893 290 3956 Ecce
314 3910 402 3974 qnam
423 3909 515 3971 prope
538 3890 698 3954 venulam
722 3889 862 3953 venerim.
907 3889 950 3953 Et
972 3891 1069 3953 adbuc
1092 3890 1231 3964 dubitas,
1263 3890 1381 3971 quoties
1409 3891 1472 3953 tole

123 3982 192 4064 qnid
216 3982 347 4058 incidat,
380 4001 428 4044 me
461 3979 543 4057 large
575 3980 743 4043 lachrumas
767 3979 900 4042 fundere.
944 3980 1024 4043 Nam
1046 3979 1147 4042 hercle
1169 3980 1245 4043 haec
1267 3979 1318 4041 via
1340 4000 1359 4040 a
1380 3981 1472 4060 priori

123 4082 171 4135 ast
193 4071 233 4135 ad
255 4079 362 4134 motas·
375 4068 587 4149 corrigendos3
618 4088 674 4131 nec
696 4068 780 4131 nulla
796 4087 868 4148 spes
886 4068 913 4131 si
936 4068 988 4130 alii
1010 4068 1204 4144 annitamur,
1229 4068 1335 4149 quibus
1358 4088 1476 4151 suppe-⁴

122 4169 191 4224 tant
212 4160 450 4223 observationes.
495 4158 532 4219 In
554 4157 657 4223 ordina
675 4158 766 4221 tertio
790 4166 861 4220 sunt
883 4154 1068 4221 differentiae
1087 4157 1167 4221 inter
1180 4158 1472 4221 distantimveraur

123 4248 282 4331 (loperuici
314 4257 346 4311 et
377 4248 455 4313 inter
485 4247 653 4327 conjectam
675 4266 714 4310 ex
735 4255 828 4310 motu.
874 4244 961 4317 Quae
985 4247 1121 4328 quamvis
1144 4247 1289 4310 immanes
1311 4248 1470 4311 videntur:

122 4347 223 4403 tamen
245 4339 328 4401 inest
349 4338 379 4400 in
402 4336 463 4400 illis
485 4336 656 4417 aequalitas
678 4336 842 4418 quaedam,
865 4345 900 4398 nt
922 4336 1001 4399 sicut
1022 4336 1116 4398 cubus
1138 4337 1296 4409 octaedro‚
1319 4337 1469 4399 dodecad-

124 4429 195 4492 dron
220 4427 375 4491 icosaedro
398 4426 504 4489 similis
519 4434 577 4500 est,
600 4425 645 4489 ita
667 4424 760 4488 etiam
783 4424 969 4487 differentiae
991 4425 1204 4506 propemodum
1226 4425 1256 4487 in
1280 4422 1300 4505 Β
1323 4425 1362 4501 ll,
1389 4425 1414 4500 Ω
1438 4427 1469 4504 d,

124 4517 194 4580 itam
216 4516 248 4580 in
270 4524 297 4587 d
320 4518 357 4593 ὃ,
382 4514 450 4592 ὅῼ
474 4515 536 4579 sint
559 4513 683 4577 similes.
729 4514 847 4577 Deinde
869 4519 905 4577 ut
926 4514 1079 4595 proportio
1098 4513 1176 4578 iuter
1193 4514 1328 4589 ildest
1342 4515 1470 4578 solitarii

124 4606 269 4688 corporis,
293 4623 337 4667 sc.
361 4605 522 4666 tetraddri:
554 4603 599 4666 ita
620 4602 770 4684 peculiare
792 4602 849 4666 hoc
872 4602 1151 4667 habetdillerentia
1173 4604 1259 4685 ejus,
1282 4605 1405 4684 utplus
1428 4604 1470 4668 sit
1570 4608 1577 4621 ¹

123 4693 153 4756 in
175 4693 352 4776 (lopernico,
377 4712 444 4756 cnm
466 4693 517 4756 ille
534 4692 567 4756 in
589 4692 699 4755 ceteris
721 4693 818 4756 minus
840 4710 961 4772 semper
983 4692 1128 4755 obtineat.
1167 4691 1268 4755 Tertio
1282 4692 1332 4773 qni
1345 4694 1469 4773 planeta

125 4783 162 4845 ad
182 4782 366 4865 superiorem
388 4780 517 4847 moinum
539 4780 660 4864 propius
678 4782 824 4855 ascendit,
847 4798 966 4860 semper
988 4781 1082 4844 habet
1100 4781 1245 4862 maiorem
1259 4780 1467 4844 differentiam.

127 4870 224 4945 942.
249 4866 399 4949 63911
424 4867 473 4947 14,
497 4871 528 4947 ll
553 4870 608 4946 11,
632 4878 658 4941 d
679 4868 723 4935 20
746 4870 870 4934 alterins
893 4870 1014 4952 speciei.
1060 4870 1117 4933 Hic
1135 4871 1202 4951 jam
1224 4870 1369 4932 hactenus
1392 4870 1466 4933 haa-

125 4979 184 5024 reo.
228 4958 309 5025 Nam
330 4958 482 5041 piaculare
506 4959 656 5037 axutimo,
679 4959 831 5023 distantiis
854 4959 960 5023 mediis
975 4960 1004 5022 in
1019 4959 1203 5023 correctione
1217 4966 1333 5023 tautum
1347 4958 1467 5034 addere,
