3872 5836
419 380 487 451 360
574 414 584 429 ι
657 400 660 405 ¹
840 380 942 437 literae
959 378 1063 446 Keplsrl
1085 380 1237 447 ιιοιιιιιιιιι
1253 387 1357 434 mutuae

417 545 510 624 longa
531 549 658 623 usurpat
680 540 802 603 horaria
824 546 973 620 tempora,
995 540 1076 603 infra
1097 539 1197 602 subite
1220 494 1394 603 breiiaoe-
1418 538 1481 602 Sed
1500 537 1703 602 examinemus
1717 558 1778 620 qm-

418 651 538 711 mmper
561 631 685 694 Stadii
712 629 813 691 verba.
864 629 1024 704 „Meminit
1053 629 1246 693 Ptolemaeus
1279 627 1550 719 hemicycliomm‘
1598 626 1680 690 Sane
1708 646 1778 691 me-

418 721 512 794 minit,
538 728 573 782 at
595 739 655 781 non
678 720 707 779 in
730 717 870 779 doctriua
893 719 997 779 domos
1012 717 1155 797 erigendi,
1180 718 1266 779 ιιι
1258 739 1288 779 rn
1304 710 1442 780 doctrina
1457 716 1616 796 dirigendi.
1653 717 1777 797 Pergit.

420 809 515 886 „bora
538 807 754 889 aequinoctiali
778 806 903 868 distant
881 808 986 868 ι.“ιιιι
1034 805 1187 877 Quidhoc
1210 808 1341 875 adrem,
1366 805 1510 867 siveram
1526 806 1658 867 maxime
1674 807 1779 868 esset?

418 856 507 961 ”Anne
531 892 575 960 tt
598 899 703 959 domos
728 894 853 957 Stadius
878 895 1059 957 fabricavit?
1104 894 1190 958 Duas
1213 896 1314 974 potius
1337 895 1428 956 horas
1448 894 1645 955 Ptolemaeus
1676 894 1778 956 uomi-

417 993 538 1060 nasset,
571 987 598 1048 si
622 986 659 1047 ιι
682 983 820 1046 domibus
848 984 973 1063 egisset.
1020 983 1082 1047 Sed
1112 1002 1172 1046 non
1191 984 1341 1064 ‘percepit
1363 981 1489 1045 Stadios
1512 991 1645 1044 mentem
1667 991 1776 1045 textus

419 1073 559 1139 Graecia
580 1070 622 1137 eis
649 1069 755 1146 ικαςιι
778 1094 853 1134 κατι
876 1094 927 1148 την
953 1072 1045 1149 αὐτην
1065 1076 1154 1134 dacis
1182 1074 1248 1150 ι’σηι
1270 1072 1371 1152 irrogo
1400 1093 1451 1148 την
1473 1067 1557 1148 ὧραι
1578 1093 1663 1133 aeni.
1710 1073 1780 1134 Hoc

418 1164 484 1225 vult
507 1164 712 1236 Ptolemaeus,
736 1168 877 1222 manente
901 1161 960 1222 tiao
984 1161 1168 1243 hemicyclio,
1195 1179 1389 1243 quaecunque
1412 1178 1485 1239 pars
1508 1160 1624 1222 zodiaci
1647 1159 1679 1221 in
1702 1161 1777 1223 illud

416 1252 547 1327 incidat,
586 1251 705 1332 aequali
737 1250 878 1311 horarum
910 1250 1098 1329 propriarum
1131 1269 1185 1312 seu
1215 1249 1425 1328 temporalium
1456 1267 1579 1310 numero
1613 1250 1724 1312 abesse
1760 1269 1779 1310 a

417 1340 599 1416 meridiano,
635 1348 682 1414 ut,
712 1337 772 1399 etsi
795 1333 840 1401 0⁰
862 1353 895 1405 ee
919 1339 1103 1400 constitutus
1133 1338 1162 1400 in
1186 1340 1241 1400 tali
1264 1340 1323 1401 lixo
1356 1336 1549 1420 hemicyclio,
1582 1356 1781 1419 quaecunque

417 1448 490 1511 pars
514 1428 631 1491 zodiaci
656 1427 738 1490 absit
761 1447 780 1487 a
802 1427 967 1489 meridiano
991 1427 1093 1506 plures
1117 1428 1208 1489 horas
1231 1427 1485 1529 aequinoctiales,
1510 1444 1600 1506 quam
1624 1426 1651 1488 si
1674 1422 1720 1489 0⁰
1745 1430 1780 1504 ,ζ

417 1537 453 1580 eo
478 1519 697 1590 transferatur,
727 1524 829 1577 ιιιιιι
853 1515 987 1577 vicissim
1016 1516 1109 1577 horae
1138 1515 1359 1595 temporales
1350 1515 1447 1594 ipsius
1470 1510 1516 1578 0⁰
1538 1529 1571 1581 ee
1596 1523 1684 1577 tanto
1708 1515 1779 1576 len-

418 1607 518 1687 giores
548 1607 611 1668 sint
639 1604 720 1667 boris
748 1604 1002 1684 temporalibus
994 1604 1088 1683 ipsios
1111 1599 1231 1681 0⁰5,
1260 1624 1319 1684 qna
1345 1603 1463 1665 ratione
1493 1603 1632 1665 tandem
1641 1604 1781 1684 aequalis

417 1703 468 1758 est
489 1694 629 1775 utrinque
661 1695 802 1755 horarum
833 1693 1037 1775 inaequalium
1068 1712 1218 1756 numems.
1265 1691 1378 1754 Vox’
1367 1714 1433 1770 ισηι
1463 1692 1513 1753 hic
1544 1692 1690 1773 iutelligit
1721 1711 1781 1754 non

416 1807 513 1862 μηκιι,
547 1786 602 1846 ιιι
632 1782 769 1861 ἀριθμῳ,
802 1783 896 1844 multo
929 1782 1027 1844 minus
1060 1782 1234 1862 ἰσημεριιηι.
1288 1781 1430 1844 Stadius:
1465 1781 1696 1861 ,Aequatorem
1728 1781 1783 1843 illa

417 1873 526 1953 ubique
551 1873 737 1952 temporibus
760 1871 967 1950 praetergredi
991 1871 1177 1951 aequalibus,
1203 1872 1358 1933 zodiacum
1381 1869 1520 1949 partibus
1534 1870 1780 1972 inaequalibus“

416 1961 476 2025 Est
508 1962 553 2023 ita
575 1979 633 2022 non
657 1968 774 2022 tanturn
807 1952 836 2021 io
861 1960 999 2021 doctrina
1027 1960 1171 2021 rationali
1194 1961 1347 2034 domnum,
1382 1960 1437 2021 sed
1460 1959 1553 2021 etiam
1584 1957 1615 2021 in
1639 1959 1782 2021 doctrina

417 2050 604 2112 Ptolemaica
628 2049 837 2110 directionum.
885 2047 965 2119 Quid
989 2066 1061 2109 vero
1085 2048 1260 2110 subaudivit
1282 2047 1428 2110 Stadios?
1474 2047 1553 2109 Ao
1544 2048 1603 2127 ipsi
1625 2048 1707 2109 idem
1732 2054 1781 2109 est

417 2137 625 2220 praetergredi
650 2145 682 2198 et
703 2136 862 2217 intercipi?
907 2137 973 2197 Hoc
998 2136 1106 2198 inisset
1129 2138 1170 2199 ad
1192 2145 1295 2199 votum
1319 2137 1435 2207 Stadii,
1466 2137 1492 2198 si
1516 2137 1660 2215 scriptum
1685 2144 1781 2211 esset,

419 2227 563 2307 aequales
588 2246 676 2288 arcus
700 2226 874 2305 aequatoris
896 2224 976 2286 inter
989 2225 1062 2286 bina
1085 2233 1116 2286 et
1130 2225 1202 2287 bioa
1215 2225 1395 2308 hemicyclia
1417 2224 1564 2305 intercipi,
1590 2225 1706 2287 zodiaci
1731 2225 1783 2286 in-

419 2315 573 2395 aequales
620 2315 690 2377 Non
722 2321 822 2374 autern
846 2315 903 2376 hoo
935 2313 1010 2375 dicit
1032 2314 1239 2390 Ptolemaeus,
1273 2316 1328 2377 sed
1351 2315 1424 2376 illud
1446 2314 1585 2395 utrinque
1609 2332 1780 2377 commune.

418 2403 574 2466 Breviter.
605 2403 642 2465 de
667 2409 751 2464 motu
773 2402 920 2481 loquitur,
950 2401 1021 2482 quia
1043 2403 1073 2465 io
1098 2404 1263 2466 directione
1285 2411 1440 2479 versatur,
1470 2422 1536 2465 cum
1560 2402 1699 2465 docmina
1724 2404 1782 2464 do-

418 2511 523 2555 muum
541 2493 583 2553 sit
606 2491 643 2554 de
667 2491 738 2553 situ.
786 2489 921 2570 Colliges
944 2491 1000 2552 hoc
1023 2491 1101 2566 iode,
1128 2492 1198 2572 quia
1220 2491 1355 2553 nominat
1376 2512 1521 2573 χριιοις,
1545 2491 1595 2573 qui
1618 2500 1691 2552 sunt
1703 2509 1780 2571 par

415 2589 468 2643 ιιι
493 2581 676 2685 aequaturis.
722 2578 779 2642 Ait
800 2579 901 2660 igitur,
927 2588 1122 2659 aequatorem
1137 2580 1314 2660 aequalibus
1333 2581 1464 2643 transire
1483 2580 1680 2661 t'empqribus,
1705 2590 1783 2660 pute

420 2669 485 2732 suis
503 2669 655 2772 propriis,
679 2667 834 2730 zodiacum
857 2668 1081 2750 inaequalibus,
1104 2676 1180 2750 puta
1203 2689 1261 2732 non
1286 2669 1363 2744 suis,
1388 2668 1442 2731 sed
1467 2669 1589 2742 ahenis,
1623 2668 1783 2749 aequaturi

419 2757 584 2839 inscriptis.
633 2757 756 2822 Zodiaci
780 2758 860 2820 enim
882 2758 1024 2821 transitio
1048 2759 1130 2820 nulla
1152 2777 1186 2821 se
1209 2759 1278 2838 ipsa
1291 2758 1415 2820 metitur
1437 2765 1585 2839 tempora,
1610 2758 1683 2839 quia
1696 2777 1777 2820 sem·

419 2867 475 2929 per
498 2856 530 2909 et
552 2848 660 2929 ubique
685 2846 851 2927 inaequalis
871 2854 930 2910 est.
978 2846 1119 2910 Stadins:
1147 2849 1331 2923 „Praeterea
1350 2847 1454 2926 spatia
1485 2848 1564 2909 inter
1581 2846 1782 2909 meridianum

424 2944 457 2998 et
489 2937 676 2999 horizontem
703 2935 884 2998 intermedia
915 2955 971 3017 per
993 2936 1169 3017 inaequales
1192 2937 1283 2999 horas
1315 2936 1501 2998 mensurat.“
1548 2933 1680 2997 Omnino
1704 2934 1782 2998 Sta·

421 3025 488 3088 dius
512 3027 613 3089 animo
637 3031 776 3087 versatur
799 3026 829 3087 in
854 3025 1065 3088 distributione
1089 3026 1243 3099 domnum,
1272 3024 1466 3086 Ptolemaeus
1494 3024 1524 3085 in
1553 3023 1782 3106 dispensatione

420 3122 565 3178 motuum.
611 3115 681 3177 Non
709 3113 833 3175 metitur
865 3114 969 3193 spatia
990 3113 1200 3189 Ptolemaeus,
1235 3112 1290 3175 sed
1318 3121 1417 3174 motus
1448 3112 1579 3192 partium
1602 3112 1718 3175 zodiaci
1744 3113 1782 3174 ab

421 3203 577 3265 horizonte
601 3202 632 3263 in
656 3201 862 3276 meridianum,
887 3211 919 3263 et
941 3201 1064 3264 metitur
1088 3202 1206 3283 quidem
1234 3204 1378 3282 cujusque
1401 3201 1505 3281 puncti
1528 3201 1644 3277 zodiaci
1667 3210 1783 3264 motum

421 3291 549 3353 seorsim
577 3289 752 3370 aequalibus
783 3289 867 3351 horis
894 3290 1121 3369 temporalibus.
1166 3290 1235 3353 Non
1259 3290 1338 3352 enim
1366 3290 1472 3353 tribuit
1502 3289 1651 3372 principio
1680 3289 1783 3353 cancri

422 3379 589 3458 longiorem
616 3377 722 3439 horam
753 3376 782 3438 io
806 3383 889 3453 ortu,
922 3376 1091 3440 breviorem
1120 3379 1149 3439 in
1174 3378 1353 3453 meridiano,
1388 3380 1441 3440 sed
1470 3380 1638 3459 aequaliter
1661 3379 1783 3460 longam

421 3467 578 3545 utrinque3
609 3466 796 3527 diversorum
819 3483 892 3527 vero
914 3473 1091 3545 punctorum
1115 3467 1246 3542 zodiaci,
1279 3485 1339 3530 uon
1367 3467 1576 3544 antisciorum,
1606 3476 1707 3531 motus
1732 3468 1782 3529 in-

423 3555 599 3634 aequalibus
620 3553 744 3616 metitur
765 3553 857 3616 horis.
904 3554 1017 3617 Verius
1040 3563 1072 3617 et
1093 3557 1215 3637 proprie
1243 3556 1341 3636 magis
1370 3557 1514 3637 cujusque
1536 3557 1641 3636 puncti
1663 3555 1782 3620 zodiaci

421 3652 536 3707 motum
560 3643 598 3706 ab
621 3642 776 3705 horizonte
799 3643 829 3704 in
854 3643 1023 3714 meridiem,
1057 3644 1120 3708 sive
1145 3646 1251 3725 longus
1275 3646 1329 3721 sit,
1365 3645 1430 3707 sive
1457 3644 1574 3713 brevis,
1608 3645 1780 3726 aequaliter

423 3732 577 3795 distribuit
608 3732 638 3794 in
666 3739 770 3812 partes
801 3751 875 3807 sex,
900 3752 974 3815 quas
999 3734 1136 3813 appellet
1157 3734 1247 3796 horas
1266 3734 1461 3814 temporales.
1510 3733 1653 3797 Stadios:
1680 3734 1782 3815 „quod

422 3821 538 3901 arguit,
572 3823 655 3885 illum
683 3839 741 3883 non
765 3821 907 3884 divisisse
930 3822 1086 3885 zodiacum
1109 3823 1284 3904 aequalibus
1309 3822 1434 3903 spatiis,
1468 3823 1522 3885 sed
1550 3822 1757 3903 aequaturum.
1763 3823 1779 3851 “
1812 3849 1815 3856 ·

423 3911 497 3973 Tam
525 3930 596 3973 vere
620 3911 677 3972 hoc
701 3909 827 3973 Stadius
858 3911 959 3991 arguit
987 3930 1025 3972 ιιι
1048 3912 1186 3974 doctrina
1214 3911 1410 3975 directionum
1442 3931 1533 3992 super
1562 3912 1701 3976 doctrina
1723 3914 1780 3975 do-

422 4107 505 4149 rum.
530 4089 601 4167 quia
623 4087 665 4148 ibi
684 4086 742 4148 loci
767 4089 959 4150 Ptolemaeus
982 4107 1042 4150 uon
1065 4090 1163 4192 magis
1185 4090 1251 4170 agit
1273 4089 1310 4151 ιι
1335 4090 1481 4164 domibus,
1506 4109 1596 4172 quam
1622 4090 1699 4152 de'
1673 4089 1780 4170 arguis,

426 4177 456 4236 b.
482 4195 508 4237 e.
531 4176 621 4255 plane
646 4174 719 4237 nibil
743 4176 823 4237 ιι·
804 4196 842 4238 ιιι
865 4177 939 4257 agit.
986 4178 1052 4240 Nec
1075 4177 1153 4239 enim
1176 4178 1331 4241 zodiacum
1362 4197 1418 4241 nec
1450 4187 1644 4259 aequatorem
1673 4177 1783 4240 dividit

424 4264 599 4345 aequalibus
615 4263 732 4344 spatiis,
752 4264 812 4325 ιιι
826 4273 941 4328 ιιιιιιι
956 4267 1189 4347 uniuscnjusque
1206 4266 1309 4346 puncti
1328 4267 1455 4333 zodiaci,
1502 4267 1644 4330 Stadius:
1671 4267 1781 4343 „Alio-

424 4354 475 4434 qui
510 4352 687 4432 aequalibus
719 4352 802 4414 horis
834 4353 910 4416 haec
942 4355 1083 4417 deductio
1121 4353 1238 4416 absolvi
1274 4363 1409 4434 poterat,
1446 4375 1505 4418 uon
1543 4355 1779 4437 inaequalibus.“

423 4440 575 4522 Agnoscit
599 4439 740 4517 Stadios,
768 4442 976 4503 Ptolemaeum
1004 4444 1034 4504 in
1063 4443 1242 4505 deductione
1269 4443 1400 4506 versari·
1432 4445 1504 4525 quid
1530 4445 1624 4525 igitur
1650 4445 1782 4507 somniat

425 4531 462 4592 de
486 4528 698 4591 distributione
723 4531 882 4593 domuum?
926 4532 969 4593 Et
990 4532 1150 4593 manifeste
1173 4532 1294 4613 ignorat
1315 4551 1438 4612 scopum
1454 4533 1631 4608 Ptolemaei,
1656 4552 1710 4595 cur
1731 4533 1780 4594 in·

426 4617 570 4698 aequales
593 4618 684 4679 horas
708 4627 840 4698 usurpet
887 4620 1037 4682 Identitas
1061 4619 1199 4707 nimirum
1223 4640 1338 4683 numeri
1330 4621 1503 4695 horarum,
1527 4640 1585 4683 noo
1600 4621 1780 4725 aequalium,

425 4707 481 4769 sed
505 4706 715 4787 inaequalium,
740 4707 871 4769 collocat
894 4708 995 4771 divers
982 4727 1018 4769 a
1039 4709 1155 4772 zodiaci
1178 4699 1291 4789 puncta
1313 4709 1342 4771 in
1358 4709 1464 4773 eodem
1485 4711 1596 4773 circulo
1609 4710 1779 4791 positionis.

514 4794 656 4859 Stadiue.
691 4795 763 4871 „Ad
785 4795 871 4869 haec,
895 4797 946 4859 ubi
969 4797 1162 4860 Ptolemaeus
1185 4799 1223 4860 de
1244 4799 1464 4879 prorogatoriis
1485 4799 1552 4879 agit
1574 4800 1659 4871 locis,
1682 4800 1779 4861 unde·

427 4886 536 4949 cimam
559 4885 677 4947 domum
701 4886 747 4948 ait
769 4884 928 4966 hexagono
952 4887 1087 4967 aspicere
1110 4886 1323 4969 horoscopum,
1347 4887 1391 4948 M.
1418 4886 1453 4951 Ο.
1478 4888 1700 4971 quadrangulo,
1722 4906 1779 4949 no·
