3786 5808
374 352 419 439 ιο
973 369 1136 427 eandm

375 532 515 615 generale
540 541 624 594 esset
647 533 811 607 decretum,
835 535 976 615 princeps
999 534 1131 598 officium
1154 553 1252 597 meum
1275 535 1411 597 neutrale
1431 553 1499 595 esse
1514 544 1662 598 exemtnm
1678 536 1733 597 de-

376 624 515 697 clareret,
540 642 578 684 ne
593 622 646 684 illo
662 623 783 683 decreto
798 624 916 685 veniam
931 624 960 685 in
984 624 1159 705 pericnlum,
1185 624 1323 695 simorer
1341 625 1370 686 in
1386 623 1548 704 provincia.
1592 625 1734 705 Respon-

373 731 438 775 sum
462 720 510 774 est
533 711 581 773 his
604 710 721 773 verbis:
747 711 819 786 „Ihr
833 712 957 776 Durchl.
973 714 1082 776 vdllen
1103 733 1175 775 auss
1199 714 1327 775 sondern
1352 713 1469 793 gnaden
1493 713 1653 793 vervilligt
1676 714 1734 775 ha-

374 802 452 878 ben,
490 802 562 863 dass
587 798 768 881 Supplicant
789 800 952 880 Ungeacht
976 802 1031 864 der
1053 803 1176 883 general
1207 803 1420 882 ausschaiiung
1448 811 1506 864 etc.
1533 804 1610 865 noch
1634 804 1736 884 lenger

375 890 466 953 allhie
489 890 661 953 verbleiben
686 899 783 968 mbge.
831 891 917 953 Doch
941 891 999 953 soll
1023 911 1056 953 er
1079 891 1142 954 sich
1158 891 1363 954 allenthalben
1382 891 1734 970 gebbrlicherBeschai·

375 979 499 1042 denheit
528 979 716 1061 gebrauchen
750 981 809 1041 und
842 979 906 1041 sich
940 981 1005 1042 also
1026 980 1276 1042 -anerveislich
1307 981 1479 1057 verbalten,
1513 981 1609 1043 damit
1632 982 1671 1045 ιι.
1695 981 1734 1043 D.

375 1069 498 1134 solliche
522 1069 602 1150 gnad
625 1068 716 1130 wider
740 1068 924 1131 aufzuheben
949 1071 994 1132 nit
1017 1070 1194 1132 verursacht
1208 1070 1342 1133 verde.“
1380 1069 1498 1133 Dicitur
1515 1070 1655 1151 princeps
1680 1071 1735 1132 de-

377 1158 483 1222 lectari
506 1158 582 1221 meis
606 1157 836 1241 inventionibus,
861 1167 892 1219 et
916 1159 1075 1221 Manechio
1099 1159 1219 1239 quidam
1242 1158 1431 1222 consiliarius
1451 1160 1530 1221 solet
1544 1160 1643 1221 adme
1659 1159 1737 1222 scri-

375 1249 457 1319 bere,
481 1248 560 1309 uude
584 1246 737 1308 faventem
760 1246 857 1308 habeo
882 1248 992 1311 aulam.
1040 1247 1121 1319 Quid
1145 1247 1265 1309 autem?
1288 1248 1478 1311 Manchane?
1509 1250 1554 1311 At
1577 1268 1614 1310 ex
1637 1249 1735 1312 omni-

375 1337 431 1400 bus
455 1336 551 1399 tribus
573 1335 737 1416 provinciis
766 1336 865 1397 exacti
895 1336 1025 1399 ministri
1053 1335 1174 1417 publici.
1221 1337 1337 1399 Latent
1369 1336 1436 1401 hinc
1469 1336 1537 1399 inde
1564 1338 1675 1419 privati
1705 1336 1743 1400 in

376 1425 504 1490 arcibus.
553 1425 596 1487 At
620 1425 645 1488 si
669 1424 735 1505 quis
759 1424 817 1487 civi
840 1425 983 1506 principis
1007 1425 1138 1488 venienti
1161 1426 1278 1506 petenti
1300 1426 1428 1506 porrigit
1450 1435 1680 1495 sacramentum.
1705 1434 1737 1487 et

376 1516 441 1596 ipse
466 1514 597 1596 pellitur.
644 1512 768 1577 Civibus
794 1514 945 1594 imperata
968 1511 1021 1577 26.
1045 1514 1123 1578 h'ov.
1148 1514 1292 1595 parochia
1315 1515 1407 1589 urhis,
1432 1524 1644 1596 aquapetaut
1658 1517 1738 1595 bap-

375 1606 507 1679 tismum,
533 1603 758 1665 benedictiones
783 1603 988 1683 conjugiorum
1014 1603 1093 1679 „und
1117 1605 1228 1664 andere
1253 1604 1444 1684 dergleichen
1460 1605 1604 1667 heilsame
1620 1604 1737 1668 Sacra·

375 1699 474 1756 mente
497 1692 557 1755 und
574 1691 1052 1773 Gottesdiensibesuechnngen⁸⁴.
1088 1692 1140 1755 lbo
1166 1692 1277 1772 igitur?
1313 1695 1359 1756 At
1381 1712 1456 1756 uxor
1479 1694 1626 1757 adhaeret
1647 1693 1738 1756 bouis

378 1782 441 1847 suis
466 1791 497 1844 et
520 1782 585 1861 spei
608 1782 751 1842 bonorum
770 1781 944 1860 patriorum.
981 1782 1130 1844 Videntur
1154 1781 1252 1843 omnia
1275 1783 1450 1858 deserenda,
1476 1791 1566 1863 atque
1589 1784 1657 1865 ipsa
1679 1783 1738 1845 ad·

378 1891 414 1933 eo
438 1871 578 1950 privigna
596 1890 664 1932 mea
688 1868 709 1934 8
732 1888 885 1944 annorum,
909 1871 999 1951 paolo
1013 1881 1084 1951 post
1097 1871 1224 1951 papatui
1238 1871 1393 1947 initianda,
1418 1873 1444 1935 si
1460 1881 1588 1936 matrem
1603 1874 1736 1936 amittat.

376 1961 451 2024 Tum
476 1959 542 2040 quis
567 1959 634 2032 scit,
660 1959 709 2039 qui
733 1967 833 2021 status
856 1977 911 2020 vos
936 1960 977 2021 sit
999 1961 1163 2039 posthaec
1187 1968 1376 2041 excepturus.
1414 1962 1563 2024 Maturuit
1585 1962 1738 2027 vindemia

376 2051 439 2113 irae
463 2049 520 2110 Dei
545 2049 637 2110 etiam
660 2047 740 2128 apud
764 2064 829 2110 vos.
876 2048 1111 2111 Tumultuantur
1133 2048 1242 2111 omnia.
1290 2050 1409 2130 ltaque,
1434 2051 1513 2131 quod
1536 2050 1737 2132 jampridem

377 2158 453 2220 ago,
487 2156 576 2217 agere
600 2155 736 2218 pergam.
783 2137 888 2217 Neque
912 2137 1165 2218 wirtembergico
1190 2136 1384 2217 snpplicabo,
1417 2139 1591 2220 priusquam
1615 2141 1736 2222 penitus

379 2227 530 2301 extrudar,
555 2244 650 2306 aeque
674 2226 699 2288 si
724 2245 783 2306 qua
806 2223 986 2288 Stuccardia
1008 2227 1080 2289 mihi
1104 2226 1239 2289 imminet
1262 2225 1391 2302 vocatio,
1415 2228 1577 2309 impediam
1600 2235 1654 2291 aut
1676 2229 1735 2291 im-

377 2317 512 2399 peditam
536 2315 658 2395 optabo.
704 2315 785 2379 Nam
809 2315 834 2376 si
857 2315 929 2377 talis
953 2335 1047 2378 causa
1069 2316 1216 2397 horologii
1240 2315 1359 2378 vocatio
1378 2318 1505 2392 venerit,
1530 2336 1649 2398 semper
1663 2318 1736 2381 mihi

263 2460 269 2472 .
379 2406 438 2469 erit
460 2406 619 2485 integrum,
645 2402 812 2466 deliberare
836 2403 873 2464 de
897 2405 1107 2486 amplectenda
1130 2415 1182 2467 aut
1206 2404 1386 2467 declinanda
1408 2406 1471 2470 illa.
1518 2406 1587 2471 Nisi
1607 2407 1737 2469 aliudtn

379 2504 411 2558 et
425 2492 570 2574 Collegae
594 2494 677 2556 ιιι).
694 2492 899 2555 Haierederns
925 2494 1100 2567 consulatis,
1126 2512 1249 2576 quornm
1272 2494 1401 2557 omnium
1423 2495 1550 2558 consilia
1572 2496 1631 2558 etsi
1647 2496 1738 2557 foeda

376 2583 434 2646 hac
457 2603 546 2646 manu
569 2589 602 2644 et
615 2581 733 2663 pictura
748 2582 867 2658 literae,
890 2601 928 2644 ex
947 2584 1045 2645 animo
1060 2592 1160 2647 tamen
1176 2592 1208 2646 et
1222 2601 1288 2646 cnm
1303 2581 1407 2646 debita
1420 2584 1592 2646 reverentia
1606 2592 1736 2665 expeto.

377 2679 552 2755 praestatae
585 2689 631 2733 me
663 2672 711 2734 hic
745 2690 835 2751 agere
865 2672 1128 2748 mathematicum,
1162 2660 1280 2753 qualem
1303 2672 1449 2756 Tycho(
1435 2672 1566 2749 (ratione
1597 2673 1654 2736 loci
1677 2692 1737 2735 noa

372 2760 601 2835 ¹eruditionis)
593 2761 745 2834 rnDania
771 2760 939 2824 solitarium
963 2781 1007 2825 sc.
1032 2781 1087 2824 nec
1111 2781 1169 2824 nrsr
1184 2761 1305 2840 scrrptrs
1321 2762 1393 2824 olrru
1407 2763 1586 2844 loquentem
1612 2782 1650 2824 an
1666 2780 1737 2825 vero

378 2852 482 2914 venari
505 2850 679 2912 occasiones
702 2849 841 2930 loquendi
872 2851 909 2911 de
942 2851 1088 2914 cathedra
1116 2849 1145 2913 ih
1174 2852 1275 2931 aliqua
1303 2852 1380 2913 forte
1414 2851 1594 2914 academia?
1638 2850 1738 2921 Quam

380 2940 585 3023 quaestionem
622 2941 688 3004 loco
722 2938 932 3001 valedictionis
961 2950 992 3003 et
1021 2939 1173 3004 officiosae
1206 2939 1398 3003 salutationis
1426 2939 1563 3004 omnibns
1592 2959 1737 3022 propono.

380 3030 510 3106 Valete,
533 3048 587 3111 pro
611 3029 697 3100 nohis
720 3036 815 3091 orate.
862 3025 893 3092 9.
918 3029 1041 3093 Decem.
1089 3039 1168 3093 stu.
1194 3026 1247 3094 98.

657 3117 715 3181 Ex.
740 3118 775 3180 T.
808 3118 921 3181 ,Notus
1350 3116 1397 3180 M.
1421 3115 1556 3200 Kepler,

1084 3254 1093 3262 .
1158 3205 1321 3269 Procemm
1345 3203 1467 3288 Styriae
1490 3205 1738 3270 Mathematicus.

450 3374 621 3448 Keplerus‚
641 3388 670 3432 at
687 3395 762 3446 supra
770 3380 903 3432 Maestllno
921 3382 1060 3446 scripserat,
1080 3380 1228 3433 Galilaea
1246 3380 1406 3433 Prodrnmum
1425 3397 1496 3434 suum
1512 3380 1645 3433 Patariam
1660 3383 1741 3442 misit,

381 3456 422 3523 qni
440 3457 535 3522 gratias
553 3456 606 3520 egit
624 3469 667 3518 pro
685 3468 787 3504 munere
806 3453 844 3503 his
861 3453 956 3504 verbis:

451 3560 552 3610 Librum
570 3566 655 3614 tuum.
673 3559 813 3610 doctissima
831 3559 881 3620 ιιι,
902 3558 964 3610 aP.
984 3559 1133 3624 Ambergero
1153 3558 1185 3610 ad
1203 3572 1243 3610 me
1261 3560 1361 3610 misaam
1380 3559 1483 3623 accepi,
1502 3565 1553 3609 noh
1571 3557 1669 3623 quidam
1687 3558 1743 3612 dis·

381 3635 436 3689 bns,
454 3632 500 3683 sed
515 3633 601 3696 pausia
620 3631 709 3681 abhinc
727 3630 807 3687 horim
827 3642 931 3696 cumque
948 3630 1015 3680 idem
1026 3629 1119 3681 Paulus
1137 3630 1169 3682 ds
1187 3645 1232 3681 auo
1249 3632 1330 3682 reditu
1347 3631 1373 3681 in
1384 3631 1543 3682 Germaniam
1554 3643 1651 3680 mecum
1664 3631 1744 3682 rerba

382 3706 492 3761 meret,
510 3704 602 3768 ingrati
619 3702 728 3766 prolecto
746 3703 823 3751 animi
841 3703 950 3753 tutamur
968 3717 1021 3752 esse
1040 3703 1189 3760 existimari,
1214 3704 1262 3753 uisi
1279 3703 1348 3754 hisce
1366 3704 1442 3753 literis
1460 3703 1505 3752 ubi
1523 3702 1554 3752 de
1572 3715 1673 3750 munere
1693 3716 1741 3754 ao·

385 3782 456 3841 cepto
474 3776 569 3842 gratias
588 3788 696 3838 agerem.
733 3773 788 3837 Aga
806 3774 881 3839 igitur
899 3780 924 3823 et
942 3788 1025 3823 rursus
1043 3789 1117 3840 quam
1130 3775 1256 3826 maximas
1275 3790 1332 3841 ago,
1351 3774 1416 3841 qaod
1432 3789 1472 3824 me
1491 3773 1536 3823 tali
1555 3779 1700 3838 argumento
1715 3776 1741 3824 iu

385 3855 454 3899 tuam
473 3846 607 3896 amicitiam
626 3858 760 3894 convocare
778 3845 811 3894 sis
830 3844 954 3908 diguatus.
991 3845 1028 3895 Ex
1046 3845 1106 3895 llbrn
1124 3847 1159 3896 nil
1179 3846 1260 3896 adhuc
1278 3847 1343 3904 ridi,
1362 3847 1409 3895 nisi
1427 3846 1620 3909 praelationem,
1640 3858 1671 3893 ex
1689 3858 1741 3909 qua

385 3926 470 3969 tamen
488 3917 729 3983 quantulumcunque
746 3923 816 3965 tuam
834 3919 932 3981 percepi
949 3918 1128 3975 iateadmmm,
1149 3924 1175 3969 et
1191 3918 1300 3982 proiecto
1318 3932 1471 3981 summopere
1489 3916 1615 3983 gratulor.
1640 3921 1742 3966 tantum

386 4004 426 4041 ms
448 3990 473 4040 iu
495 3987 640 4054 indaganda
661 3989 765 4037 raritate
789 3990 883 4037 aecium
900 3988 992 4039 habere
1010 3988 1121 4055 adamas
1139 3991 1214 4054 ipsius
1232 3991 1343 4040 veritatis
1362 3990 1476 4039 amicum.
1513 3987 1654 4038 Missrabils
1673 3989 1741 4038 anim

387 4068 438 4118 est.
457 4061 520 4112 adeo
538 4074 605 4110 raros
624 4074 679 4110 esse
696 4060 807 4110 veritatis
824 4061 963 4120 studiosos,
983 4067 1009 4110 et
1026 4062 1068 4126 qni
1085 4077 1136 4111 nou
1153 4075 1293 4126 perversam
1310 4059 1497 4126 philosophandi
1515 4061 1638 4110 ηιιοιιοιιι
1654 4073 1740 4122 prose·

386 4139 509 4199 quantur:
528 4138 556 4181 at
573 4133 631 4196 quia
648 4146 697 4181 uon
716 4130 860 4195 deplorandi
878 4134 954 4182 nostri
973 4133 1050 4183 seculi
1066 4133 1177 4184 miserias
1195 4133 1236 4183 hic
1251 4133 1319 4183 locus
1332 4141 1379 4191 est.
1398 4132 1442 4183 sed
1454 4140 1536 4182 tecum
1550 4129 1741 4195 congratulandi

388 4204 419 4256 de
436 4203 603 4287 pulcherrimis
619 4204 645 4252 lu
663 4204 773 4254 veritatis
792 4203 1001 4254 confimatioaem
1018 4206 1142 4254 inventis·
1169 4204 1224 4254 ideo
1247 4203 1294 4255 hoc
1317 4210 1415 4255 tautum
1439 4203 1529 4253 addam
1553 4208 1579 4251 et
1595 4201 1738 4286 pollicebar

387 4289 427 4327 me
446 4289 524 4341 aequo
543 4275 624 4324 mimo
642 4275 729 4325 librum
748 4282 817 4324 tuum
834 4275 999 4338 perlectorum
1017 4290 1080 4338 esse,
1098 4291 1153 4327 cum
1172 4284 1253 4327 certus
1271 4277 1325 4333 sim.
1343 4290 1383 4325 me
1401 4274 1587 4339 pulcherrima'
1580 4288 1605 4323 an
1619 4274 1671 4337 ipso
1684 4287 1741 4323 aare

388 4353 547 4412 reperturum.
584 4345 614 4395 ld
631 4354 716 4397 autem
734 4362 763 4397 eo
780 4346 895 4397 libentior
913 4347 1014 4405 faciam,
1033 4347 1122 4413 qaod·
1115 4363 1141 4397 ιιι
1154 4346 1283 4412 Ceperaici
1296 4349 1444 4398 ιιιιιιιιιιιιιιιι
1456 4345 1539 4395 multis
1557 4344 1647 4395 abhim
1667 4346 1740 4394 annis

388 4419 510 4475 vsnmim,
535 4431 567 4467 ac
584 4430 615 4466 ea
632 4418 677 4467 tali
694 4419 815 4482 positione
832 4418 962 4468 muitarum
981 4419 1057 4469 odam
1075 4419 1225 4469 naturalium
1244 4417 1379 4469 meatuum
1397 4431 1490 4469 causae
1508 4418 1592 4466 slata
1609 4430 1649 4465 me
1667 4412 1739 4465 adin·

390 4497 516 4549 ventam·
509 4502 585 4555 »qaae
603 4489 675 4538 dubio
693 4488 777 4553 procul
794 4504 838 4553 per
856 4505 1008 4540 communem
1026 4490 1173 4555 hypothesin
1192 4489 1374 4555 inexplicabiles
1393 4495 1457 4539 suut
1495 4486 1588 4537 Multas
1607 4486 1740 4551 comeripsl
1805 4550 1809 4555 Ι
1870 4522 1874 4531 .

391 4567 417 4612 et
434 4558 541 4612 rationes
560 4565 586 4609 et
598 4568 795 4626 argumentorum
813 4562 839 4610 in
857 4562 1005 4611 contrarium
1023 4563 1169 4618 eversiones,
1188 4575 1249 4625 quas
1267 4567 1352 4612 tarum
1367 4561 1393 4611 in
1405 4560 1485 4609 lucem
1497 4558 1621 4623 hucusque
1633 4557 1741 4621 prolerre

390 4646 440 4682 nou
458 4647 512 4682 snm
530 4644 622 4688 ansus,
645 4632 745 4682 iomuna
762 4632 837 4696 ipsius
855 4631 983 4696 Copernici
1000 4634 1166 4697 praeceptoris
1184 4634 1262 4683 nostri
1279 4634 1437 4697 perterritus:
1466 4631 1508 4696 qul
1529 4629 1589 4679 licet
1610 4629 1656 4678 sibl
1673 4627 1742 4694 apud

391 4703 486 4768 aliquos
498 4703 659 4754 immortalem
670 4703 763 4753 iarum
775 4704 906 4767 paraverit.
924 4704 991 4768 apud
1007 4704 1114 4754 indultos
1132 4711 1217 4755 manen
1235 4701 1333 4766 (tantus
1344 4705 1410 4754 euim
1422 4710 1461 4754 est
1471 4701 1599 4753 stultorum
1611 4696 1740 4784 numeras)

391 4775 507 4827 ridendus
525 4781 551 4826 et
569 4773 733 4837 explodendas
751 4774 848 4845 prodiit.
885 4775 1007 4826 Auderem
1034 4775 1143 4838 proiecto
1167 4789 1237 4826 meaa
1263 4776 1424 4840 cogitationes
1449 4787 1577 4839 proruere,
1605 4773 1626 4821 si
1650 4771 1740 4836 plnres.

395 4846 473 4913 qualis
491 4852 519 4897 tu
535 4860 569 4906 es,
589 4852 716 4903 extarent;
736 4852 763 4895 at
781 4860 836 4894 cam
854 4861 903 4895 non
922 4847 983 4904 sint,
1002 4846 1139 4909 hujusmodi
1157 4848 1256 4912 ιιιιςοιιο
1275 4845 1444 4911 supersedebo.
1481 4844 1606 4928 Temporis
1624 4843 1741 4908 angustia

396 4923 422 4971 ιι
438 4917 518 4977 studio
535 4918 621 4968 librum
638 4922 708 4969 tumn
725 4916 824 4982 legendi
841 4906 921 4971 vexor.
941 4931 1017 4982 qnare
1035 4917 1092 4969 huic
1109 4918 1183 4967 tinem
1201 4919 1328 4983 imponens
1346 4918 1382 4969 tul
1399 4931 1439 4967 me
1458 4914 1652 4969 amantissimum
1665 4920 1739 4980 atque
