3872 5836
660 393 1043 505 ‘aarum‘
1474 393 1539 461 aas

182 549 346 627 mulces?
391 551 458 623 Au,
493 569 552 611 nnn
574 558 624 612 est
646 552 676 611 in
706 551 838 630 ipserum
864 558 1034 632 potestate,
1068 553 1273 632 qualecunque
1296 574 1458 634 φωιασμα
1481 555 1537 618 ob·

178 638 300 716 J'icere?
346 637 409 699 Sed
442 647 589 718 eoguntur
611 640 788 702 occasiones
811 649 950 719 captare,
985 660 1076 720 seque
1106 645 1353 721 temperamentis
1381 651 1414 704 et
1444 644 1539 705 statui

181 727 292 789 ruentis
320 745 438 788 suarum
471 728 633 791 tutelarum
666 728 913 790 accommodare?
959 727 1116 799 Quomodo
1150 731 1240 808 igitur
1269 741 1392 794 movent
1424 733 1539 795 animos
1580 731 1585 737 ’

183 825 311 890 nostros,
336 834 530 897 percorpus,
553 837 591 877 an
611 837 643 878 se
668 817 765 896 ipsis?

252 921 438 972 Fabricius:
464 920 513 981 Qui
530 922 572 979 ht,
598 922 663 988 qnod
681 937 747 987 aqna
764 924 875 986 impense
898 922 974 972 salita
996 922 1078 972 hieme
1102 939 1150 972 non
1171 932 1329 982 concmscat,
1356 926 1422 976 sicin
1440 933 1539 979 caterae

181 991 282 1113 :gpapiit
299 992 381 1113 &feline
403 1000 463 1057 puto
489 994 581 1058 aliquid
607 1008 699 1044 samse
723 994 837 1054 subesse,
866 993 931 1057 quod
954 994 980 1042 in
1002 993 1063 1042 locis
1081 997 1142 1044 mari
1161 997 1247 1046 ricinis
1265 1003 1364 1048 tanturn
1382 998 1440 1063 gelu
1458 997 1539 1048 hieme

269 1135 472 1215 Keplerus:
511 1134 603 1197 Salsa
624 1144 698 1218 puto
720 1137 829 1198 iisdem
852 1134 889 1196 dc
913 1134 1014 1196 causis
1033 1154 1092 1197 non
1107 1155 1312 1213 concrescere,
1337 1139 1445 1220 quibus
1460 1139 1537 1201 olea.

181 1224 259 1286 Nam
284 1225 310 1285 si
333 1225 427 1286 salita
449 1225 597 1304 quaedam
622 1227 719 1298 fuere,
748 1223 898 1305 pinguedo
922 1223 1085 1299 eis‘inest,
1115 1234 1146 1286 et
1170 1226 1268 1288 lentus
1293 1235 1384 1308 atquc
1407 1227 1538 1289 viscidns

182 1314 321 1388 numm,-
342 1320 376 1375 ut
407 1313 547 1374 carnibus
580 1313 765 1375 animalium.
811 1313 879 1374 Non
910 1322 1054 1392 penetrat
1085 1312 1178 1392 igitur
1205 1315 1300 1394 lrigus
1328 1326 1393 1379 tam
1423 1336 1538 1378 crassa.

182 1401 286 1463 Hiems
309 1420 381 1463 vero
405 1420 464 1462 non
486 1401 554 1464 ideo
576 1401 679 1486 mitior
701 1400 788 1463 vobis
812 1400 940 1473 videtur,
969 1402 1033 1475 sed,
1058 1403 1135 1483 qnod
1160 1404 1305 1465 Francius
1330 1407 1539 1485 inueniebat,

183 1490 221 1552 ob
245 1500 382 1552 aestuum
407 1491 560 1570 appulsus,
585 1510 688 1552 auram
711 1491 852 1570 sapidam
876 1490 1037 1567 spirantes.

253 1597 437 1646 Fabricius:
467 1595 494 1645 Si
511 1596 617 1645 inimica
634 1602 693 1646 scat
710 1595 863 1650 materialia.
886 1602 915 1644 nt
932 1595 1027 1660 physici
1044 1596 1143 1653 rolunt,
1166 1610 1209 1645 cnr
1227 1596 1299 1647 home
1317 1598 1348 1647 hs
1366 1612 1415 1646 non
1433 1596 1540 1649 laeditur

183 1667 216 1717 ad
234 1666 351 1717 mamm?
389 1667 476 1717 Audiri
494 1667 535 1717 hic
553 1667 678 1731 quendam
696 1667 797 1716 fulmine
817 1666 986 1716 exanimatum
1004 1668 1089 1724 inissa
1107 1669 1133 1716 in
1152 1669 1222 1730 cnjus
1241 1669 1305 1732 pileo
1323 1668 1455 1718 rotundum
1473 1668 1538 1718 lora·

182 1754 240 1789 men
258 1740 366 1788 inustum
385 1738 474 1798 iuerat,
495 1746 623 1788 ettamen
642 1745 718 1801 caput
735 1738 856 1788 illaesum.

272 1827 473 1908 Keplerus:
507 1827 554 1889 De
579 1826 743 1889 fulminatis
767 1846 955 1907 nunquamne
984 1825 1115 1888 audisti?
1160 1826 1208 1887 An
1237 1845 1340 1887 omnes
1370 1825 1414 1887 ita
1437 1825 1538 1888 fulcri·
1635 1900 1642 1913 ι

184 1917 312 1978 nentur?
356 1915 460 1978 Nobili
475 1914 567 1998 Styro
595 1913 634 1980 12
659 1935 802 1978 annorum
825 1936 928 1997 puero,
947 1917 1011 1996 jam
1037 1914 1168 1977 exanimi
1191 1933 1277 1993 pene,
1302 1934 1406 1977 arsere
1425 1924 1538 1991 vestes,

184 2008 318 2068 foramen
342 2013 409 2067 erat
431 2006 461 2067 in
485 2005 580 2068 calcei
603 2004 688 2067 solea
712 2004 800 2085 inque
824 2023 963 2073 scamno,
987 2004 1017 2065 in
1041 2023 1099 2084 quo
1123 2002 1243 2076 stabat3
1276 2003 1341 2082 ipse
1365 2012 1466 2067 minen
1490 2003 1538 2065 in·

182 2106 276 2173 teger.
324 2094 400 2156 Puto
425 2094 602 2174 oleaginosa
623 2095 688 2173 peti
711 2104 740 2155 et
766 2094 923 2174 insigniter
947 2094 1061 2173 ignita,
1085 2092 1153 2153 hinc
1177 2109 1235 2153 uon
1259 2110 1366 2153 carnes
1389 2092 1538 2167 humidae,

183 2183 238 2245 sed
260 2202 313 2244 cor
336 2191 367 2244 et
390 2183 420 2243 iu
443 2202 479 2244 co
504 2184 655 2245 flammula
678 2183 774 2257 vitae;
799 2183 868 2244 hinc
891 2202 993 2257 canes,
1017 2183 1136 2261 igneum
1161 2179 1280 2242 animal.

254 2288 435 2339 Fabricius:
468 2288 614 2349 Quaeritur.
642 2302 707 2353 quaa
730 2290 763 2337 sit
786 2302 864 2339 cansa
888 2288 1071 2338 auuhemariaa
1094 2286 1239 2336 maimanis
1262 2287 1326 2335 atris
1351 2287 1377 2335 ln
1396 2284 1457 2335 locis
1474 2284 1541 2335 ultra

184 2367 344 2423 asqunmem
363 2368 389 2409 et
407 2360 482 2415 drea.
501 2368 528 2409 et
545 2360 617 2409 simul
635 2361 699 2408 ratio
718 2360 849 2410 diuturnae
866 2361 1009 2409 serenitatis
1025 2372 1071 2422 par
1087 2372 1165 2407 mura
1183 2363 1316 2413 mune,
1336 2362 1362 2407 et
1380 2363 1468 2406 cenna
1484 2356 1540 2421 ph·

184 2432 239 2481 rias
256 2445 301 2495 par
319 2429 441 2481 alumni?
478 2431 594 2495 Perpetui
612 2433 664 2480 tere
681 2433 749 2480 renti
766 2432 830 2480 dant
847 2433 936 2487 serem,
956 2431 1049 2495 absqm
1067 2430 1174 2478 materia
1190 2428 1300 2478 nubium.
1336 2427 1436 2489 Physici
1453 2434 1540 2477 rento·

184 2517 238 2552 rum
256 2505 387 2551 maenam
405 2502 439 2552 ad
457 2502 628 2553 exhalationes
646 2508 775 2552 terrestm
792 2502 916 2559 reiernnt;
935 2508 963 2551 at
980 2501 1029 2551 illic
1047 2515 1145 2564 semper
1156 2514 1279 2549 serenum.
1309 2498 1382 2548 Unde
1395 2499 1472 2562 frigus
1481 2496 1539 2548 hor·

185 2572 288 2622 rendum
306 2568 333 2622 in
352 2570 402 2621 ⁴1⁰
421 2572 469 2636 poli
490 2582 566 2623 austu
585 2575 610 2622 in
629 2576 717 2622 itinere
735 2567 831 2623 Dracii
868 2573 918 2622 Cur
936 2573 960 2621 in
979 2572 1039 2621 locis
1057 2571 1242 2621 anstralioribus
1259 2570 1340 2619 hicme
1358 2572 1438 2632 malus
1455 2570 1541 2635 frigus.

182 2658 258 2708 quam
274 2646 301 2693 in
319 2645 357 2693 his
375 2643 523 2694 maritimis?
554 2644 647 2694 Contra
666 2652 764 2693 aestate
782 2644 833 2693 illic
850 2646 930 2706 major
948 2651 1032 2692 aestus
1052 2650 1098 2699 est.
1117 2656 1192 2705 qnam
1209 2641 1258 2701 hic,
1278 2641 1336 2690 licet
1349 2640 1401 2689 dies
1420 2642 1471 2688 sint
1487 2641 1539 2689 lon-
1647 2642 1649 2645 ’

186 2716 280 2780 giooes,
308 2721 333 2764 et
351 2722 450 2779 propter
467 2730 561 2765 moram
579 2716 715 2783 longiorem
734 2715 798 2765 Solis
822 2728 896 2778 snpra
913 2713 1066 2762 horizontem
1083 2716 1155 2775 juxta
1172 2718 1242 2760 tuam
1260 2712 1411 2760 sententiam
1430 2718 1456 2759 et
1474 2710 1541 2760 calos

184 2788 262 2851 major
280 2801 335 2836 esse
353 2786 463 2835 deberet.
503 2785 598 2835 Suntne
616 2787 735 2849 planetae
759 2786 880 2834 cenorum
905 2792 1032 2833 ventorum
1050 2777 1177 2833 moturas?
1213 2782 1347 2831 Habentne
1365 2781 1455 2845 singull
1473 2783 1541 2829 renti

186 2865 280 2907 certam
299 2872 317 2907 a
333 2864 426 2908 natura
443 2857 548 2907 inditam
566 2855 763 2921 proprietatem?
799 2855 847 2904 Vel
865 2857 946 2919 potins
965 2868 981 2903 a
998 2862 1090 2903 natura
1107 2853 1154 2901 loci
1173 2859 1199 2901 et
1217 2850 1340 2917 regionis?

271 2946 477 3027 Keplerus:
516 2948 582 3008 Hoc
605 2964 673 3007 esse
688 2955 761 3025 puto
777 2942 1046 3022 transaequatoriis
1064 2951 1227 3020 perpetuas
1246 2938 1437 3014 serenitates,
1462 2938 1540 3019 qnod

185 3036 270 3098 nobis
295 3043 454 3097 aestatem.
495 3037 537 3098 Et
560 3042 595 3097 ut
617 3033 704 3095 nobis
727 3034 777 3094 nix
801 3040 920 3093 aestate
945 3049 1003 3092 non
1026 3030 1118 3104 cadit,
1143 3029 1303 3090 turbantur
1327 3037 1428 3088 tamen
1448 3027 1538 3088 calidi

187 3125 251 3187 dies
276 3125 409 3205 frigidis,
444 3126 489 3187 ita
511 3125 571 3186 illis
596 3122 651 3185 sub
680 3131 836 3202 aspectus,
860 3121 886 3181 si
910 3139 967 3181 non
990 3119 1125 3199 pluviae,
1150 3125 1232 3179 certe
1256 3116 1420 3178 nubeculae
1444 3122 1540 3178 erunt.

187 3212 278 3274 Venti
303 3214 420 3295 quidem
435 3233 472 3276 ex
488 3214 649 3289 montibus,
674 3212 728 3275 sed
743 3232 780 3273 ex
796 3211 857 3274 alia
871 3211 947 3273 forte
964 3207 1146 3283 continente,
1170 3214 1202 3268 et
1216 3204 1358 3280 continui,
1383 3205 1453 3285 quia
1467 3223 1539 3266 con·

185 3303 268 3364 tinne
284 3304 428 3365 montium
443 3303 606 3379 exhalatio,
632 3302 681 3382 qni
697 3301 734 3365 iis
750 3301 823 3363 locis
839 3299 941 3363 Solem
955 3300 1150 3362 accedentem
1165 3296 1272 3359 fortius
1286 3294 1429 3369 sentiunt,
1454 3312 1541 3375 quain

184 3412 248 3454 nos.
294 3393 377 3455 Plnit
400 3394 531 3454 fortasse
555 3393 634 3472 apud
658 3393 727 3454 illos
751 3399 880 3463 montes,
906 3400 940 3451 at
962 3388 1065 3469 pluvia
1087 3386 1149 3449 cito
1173 3385 1320 3448 considet.
1366 3383 1461 3444 Venti
1484 3402 1540 3444 va-

184 3491 265 3543 stum
288 3501 431 3544 oceanum
455 3489 587 3555 tranant,
607 3481 777 3562 pluviarum
801 3479 932 3542 soboles.
980 3476 1015 3540 si
1040 3476 1105 3558 quis
1129 3475 1203 3538 mihi
1225 3475 1420 3554 consignaret
1443 3473 1542 3534 omnia

186 3570 396 3644 observabilia,
421 3579 578 3631 ventorum
601 3571 726 3647 plagas,
753 3568 842 3629 facile
867 3567 1064 3644 confingerem
1090 3565 1290 3646 hypotheses,
1311 3562 1418 3642 juncta
1441 3572 1543 3622 astro-

186 3660 302 3721 nomiae
325 3659 566 3737 cosmographia.
611 3654 695 3716 Nihil
719 3655 795 3715 aden
818 3655 962 3717 insolens.
1005 3654 1108 3715 Habet
1132 3661 1164 3713 et
1183 3650 1316 3714 Graecia
1338 3659 1438 3711 statas
1461 3659 1541 3711 tem-

184 3757 339 3827 pestates3
364 3745 528 3808 Germania
552 3744 590 3805 ob
612 3742 789 3804 vastitatem
814 3751 846 3803 et
869 3741 991 3803 crebros
1006 3750 1124 3802 montes
1147 3740 1246 3800 minus
1261 3738 1317 3820 ‚his
1340 3746 1465 3800 assueta
1485 3748 1541 3811 est,

186 3835 363 3917 praesertim
389 3832 502 3895 boreali
526 3832 623 3893 litore.

163 3962 168 3971 ,
276 3923 311 3983 ln
334 3919 565 3998 septentrionali
588 3919 732 3982 America
755 3924 893 3995 apparet,
918 3915 1143 3977 exhalationunr
1168 3933 1242 3993 opus
1267 3931 1334 3973 esse
1355 3918 1471 3972 tanturn
1491 3912 1545 3973 iri-

189 4028 262 4088 gus,
292 4017 327 4069 ut
349 4008 429 4088 apud
453 4026 506 4069 uos
531 4008 627 4070 simile
652 4007 720 4087 qnid
746 4005 895 4068 interdum
919 4012 1049 4066 aestate.
1096 4003 1180 4063 Haec
1204 4003 1257 4063 illa
1279 4000 1376 4080 regio,
1407 4000 1484 4060 unde
1508 4001 1547 4062 ad

188 4115 242 4158 nos
275 4096 412 4159 Nordost
448 4097 498 4158 ille
537 4098 673 4178 frigidus.
722 4093 802 4167 Quid
830 4095 857 4157 si
882 4095 923 4156 ibi
947 4093 1031 4155 culus
1059 4090 1185 4153 mundi?
1230 4090 1350 4154 Natura
1379 4087 1476 4152 ventis
1508 4090 1546 4151 ab

188 4186 312 4266 originis
336 4196 369 4248 et
386 4206 406 4247 a
420 4185 567 4248 transitus
582 4187 667 4248 locis
704 4183 869 4265 lmpetuosi
889 4181 1028 4244 videntur
1050 4200 1066 4243 e
1086 4180 1251 4260 propinquo
1265 4179 1376 4241 venire.
1414 4179 1546 4240 Austra-

189 4275 266 4338 libus
290 4285 324 4337 nt
355 4274 492 4337 omnibns
524 4274 598 4336 locis
628 4275 721 4353 frigus
747 4283 779 4335 et
803 4282 907 4335 aestus
937 4292 956 4332 a
981 4271 1129 4332 tenuitate
1158 4270 1238 4331 aeris
1265 4269 1425 4347 adjuvatur
1454 4280 1507 4329 aut
1529 4289 1548 4328 a

189 4364 299 4427 ventis.
354 4364 434 4426 Hinc
466 4364 599 4444 Angliae
633 4365 704 4425 mite
735 4363 830 4442 frigus
861 4380 967 4425 crasso
993 4366 1076 4422 aere.
1130 4357 1287 4443 Lirnpidus
1316 4357 1409 4436 igitur
1437 4364 1490 4418 atr
1518 4357 1546 4418 in

188 4454 348 4530 Peruana,
378 4462 482 4516 aestus
505 4472 578 4515 vero
602 4452 716 4531 major,
750 4451 819 4532 quia
843 4450 896 4513 Sol
921 4449 1031 4523 altior,
1070 4450 1102 4510 et
1124 4448 1192 4527 plus
1215 4448 1309 4509 vincit
1333 4446 1461 4507 altitudo
1484 4445 1546 4518 illa,

188 4563 278 4624 quam
301 4552 408 4606 nostra
431 4542 491 4604 diei
515 4542 683 4622 longitudo.
730 4540 801 4601 Mea
824 4539 970 4619 principia
999 4557 1056 4600 non
1081 4546 1257 4616 comparant
1285 4535 1422 4597 diversas
1447 4535 1547 4614 regio-

188 4652 253 4707 nes,
278 4634 332 4694 sed
357 4632 512 4695 cumulant
535 4631 701 4711 qualitates
724 4629 754 4690 in
780 4647 837 4689 nno
862 4629 962 4708 aliquo
978 4634 1059 4688 aere.
1105 4626 1224 4697 Pluvia,
1248 4634 1366 4698 ventus,
1392 4645 1430 4686 an
1450 4624 1548 4684 fumus

189 4721 231 4783 sit
256 4722 383 4795 iuturus,
410 4720 656 4802 qnod‘erhalat,
682 4718 710 4779 in
735 4718 849 4779 Terrae
873 4715 1033 4778 habilitate
1058 4716 1148 4775 situm
1173 4715 1319 4789 arbitror,
1342 4731 1401 4774 non
1425 4713 1454 4773 in
1477 4713 1547 4791 pla-

187 4818 323 4874 netarum
347 4810 481 4873 arbitrio.
527 4808 571 4872 Et
599 4816 700 4871 tamen
734 4807 834 4886 aptior
863 4806 941 4868 allus
973 4803 1012 4864 ad
1044 4803 1134 4865 aliam
1164 4804 1368 4866 conditionem
1391 4802 1547 4873 materiae,

186 4920 251 4963 curn
275 4903 339 4965 sint
362 4899 496 4963 distincti
520 4899 681 4962 coloribus.

1270 4995 1303 5044 22
1314 4998 1331 5026 ⁴
