3838 5824
1372 212 1403 279 '⁸'
1481 290 1485 300 .

769 398 853 463 ἢν·
871 400 890 451 ¹·
1466 418 1528 489 tle

161 549 256 612 nitate
280 549 403 631 iusum
416 552 603 628 1111111111)
627 555 786 636 hiplioiter
805 560 1141 630 notisconslderanuus
1161 571 1258 646 est.¹)
1296 574 1387 640 Initio
1410 591 1528 646 remots

160 637 443 714 sooemrieitate¹);
467 643 549 705 ortis
568 643 661 723 igitur
681 644 729 707 hie
748 656 906 730 motusque
926 650 1038 715 Terrae
1053 655 1108 716 has
1123 661 1353 727 commoditates
1368 679 1526 746 praestat:

159 727 240 807 quod
263 746 324 791 non
346 727 515 809 indigemus
538 726 636 795 tribue
663 735 841 798 eeoentrieis
868 738 898 799 in
926 739 1049 804 usitatis
1078 744 1310 826 hypothesibus,
1341 754 1407 818 soil.
1432 756 1524 839 Solis,

160 814 293 877 Veneris
315 825 351 879 st
370 817 522 882 Maeuii.
560 821 640 885 Nem
663 840 717 906 pro
741 842 787 893 eo,
813 826 890 906 quod
913 827 1007 891 Terra
1029 831 1110 893 eirca
1133 835 1188 898 hos
1212 846 1276 901 tres
1298 842 1440 921 planetas
1465 848 1525 911 eir.

159 904 366 980 unientem,
399 907 561 971 mentae
589 909 766 974 existimant
793 922 858 976 tres
885 914 955 983 lhos
983 918 1064 981 cirea
1086 941 1120 981 se
1143 924 1310 991 immobiles
1334 931 1525 1000 circumvehi.

162 990 215 1054 Sin
238 1011 276 1054 ex
298 1011 358 1056 uno
382 1002 465 1057 motu
487 1003 553 1058 tres
578 998 702 1061 fatiunt.
750 999 839 1073 Quod
868 1003 894 1064 si
921 1006 1024 1084 plures
1052 1022 1155 1074 essent
1185 1016 1294 1079 stellae
1318 1019 1400 1084 intra
1422 1025 1525 1089 orbem

159 1081 286 1155 Terra,
317 1082 455 1161 pluribus
483 1085 575 1149 etiarn
598 1087 677 1149 hune
697 1098 810 1153 motum
840 1092 1037 1157 ascriberent.
1084 1096 1207 1164 Cadunt
1239 1107 1330 1169 etiam
1364 1111 1420 1173 hoe
1452 1116 1524 1177 orbe

159 1169 261 1249 posito
284 1178 348 1232 lues
366 1172 469 1251 napi
484 1173 620 1256 epieyeli‚
646 1174 779 1252 Suturui,
804 1180 901 1254 Joris‚
926 1192 960 1244 et
972 1184 1093 1262 Martis,
1117 1208 1183 1251 eum
1198 1211 1299 1258 eornm
1314 1200 1454 1262 motibus.
1490 1203 1524 1265 ld
1543 1236 1547 1242 ·

160 1258 456 1337 mmdoseeidut,
480 1261 676 1343 inadjunetis
690 1268 845 1345 parallelis
859 1271 1063 1345 schematibus
1087 1277 1180 1339 sideri
1204 1290 1307 1359 potest
1329 1286 1389 1358 (lll
1404 1298 1435 1351 et
1458 1289 1513 1365 ll)

1514 1338 1523 1364 1

160 1364 278 1409 rursum
299 1347 391 1421 enirn
415 1349 486 1428 quia
509 1350 604 1415 Terra
628 1353 657 1414 iu
679 1365 845 1436 conspeetu
868 1357 993 1422 Saturni
1018 1364 1120 1443 (qnasi
1144 1368 1341 1447 quiescentis,
1363 1378 1433 1457 quia
1455 1386 1521 1442 tar-

158 1435 226 1497 dior
247 1438 311 1510 eet)
334 1436 364 1499 in
388 1438 461 1500 or&
483 1458 538 1500 sno
562 1440 714 1516 eimomie,
738 1465 758 1505 a
780 1443 914 1509 Saturno
938 1451 1082 1513 recedens
1105 1466 1138 1516 et
1161 1461 1322 1539 aceedens,
1347 1465 1523 1530 existimant

160 1524 286 1598 tanobo,
309 1524 476 1588 Saturnum
499 1528 529 1588 in
552 1529 686 1612 spieyelo
710 1551 765 1595 suo
788 1535 952 1612 circumire,
978 1540 1132 1617 secedere,
1158 1549 1313 1625 recedere,
1339 1572 1372 1615 se
1396 1574 1468 1618 vern
1492 1556 1521 1619 ln

157 1622 260 1674 oentrn
283 1612 367 1675 orbis
389 1614 436 1676 sui
460 1616 625 1695 quiestote.
672 1617 824 1683 Circulnrn
848 1624 941 1703 igitur
963 1628 1020 1689 AB
1045 1630 1109 1708 (hg.
1139 1632 1193 1708 10)
1221 1647 1330 1716 putant
1357 1661 1426 1705 esse
1454 1646 1519 1724 epi.
1654 1620 1659 1629 ¹

156 1701 258 1782 eyelos
281 1720 319 1781 g,
343 1701 372 1774 i,
397 1702 408 1763 l
430 1705 495 1781 (hg.
523 1705 586 1778 11).
633 1707 711 1769 ltem
738 1720 864 1790 propter
887 1714 1016 1778 Telluris
1044 1718 1121 1782 hune
1148 1725 1277 1788 eundern
1300 1748 1455 1793 aceessum
1480 1733 1520 1794 ad

150 4210 293 4291 plaudas
316 4218 349 4273 et
369 4228 521 4275 recessum
544 4212 575 4274 iu
598 4212 672 4275 orbe
695 4234 749 4276 suo
779 4213 919 4278 videntur
947 4214 1033 4278 nohis
1060 4215 1146 4298 ipsae
1170 4219 1298 4300 quinque
1321 4220 1512 4300 planetarum

151 4297 328 4361 latitudines
351 4300 482 4381 eliquans
506 4301 687 4365 varietatem
711 4304 868 4384 eneipere3
893 4322 982 4385 quam
1005 4305 1195 4370 librationem
1219 4317 1253 4371 ut
1276 4309 1410 4371 salvaret
1433 4309 1509 4371 Pto-

151 4388 299 4463 lemaem,
329 4406 455 4451 neeesse
478 4389 537 4469 ipsi
560 4389 618 4452 fuit
641 4391 768 4472 quinque
793 4393 869 4454 alios
893 4400 992 4455 motus
1017 4401 1166 4471 statuere,
1200 4397 1249 4477 qui
1277 4416 1380 4459 omnes
1410 4398 1510 4479 posito

150 4476 239 4539 nnieo
262 4475 391 4539 Telluris
414 4483 496 4540 motu
519 4477 642 4541 eadunt.
1449 4484 1452 4489 '

239 4564 283 4627 Et
303 4566 438 4646 quamvis
461 4566 493 4629 hi
511 4586 616 4629 omues
634 4576 741 4644 motus,
767 4569 904 4632 undecim
922 4588 1054 4645 nurnero,
1079 4571 1219 4632 emundo
1239 4573 1431 4635 exterminati
1450 4575 1512 4637 sint

149 4653 317 4717 substituto
343 4654 401 4717 hoe
427 4654 516 4718 unico
539 4657 651 4719 Terrae
683 4663 784 4728 motu,
817 4658 1007 4721 nihilominus
1038 4658 1134 4721 adhue
1163 4658 1288 4722 aliarum
1315 4660 1509 4741 plurimarum

148 4761 248 4806 rerum
277 4761 389 4806 causae
416 4743 595 4815 redduntur,
628 4763 703 4826 quas
726 4745 920 4809 Ptolemaeus
948 4766 987 4809 ex
1014 4754 1077 4809 turn
1105 4746 1208 4810 multis
1231 4749 1361 4811 motibus
1383 4751 1510 4814 reddere

147 4846 209 4896 nou
231 4831 341 4913 potuit.

237 4920 320 4986 Nam
341 4919 438 5005 prlsno
461 4938 481 4984 a
502 4920 678 4987 Ptolemaeo
702 4922 805 5006 quaeri
831 4922 948 5005 potuit,
977 4924 1028 5007 qui
1053 4923 1127 5001 het,
1157 4925 1236 5007 quod
1263 4923 1423 4988 ecoentfini
1444 4932 1509 4988 hes

627 5025 634 5038 .
1253 5028 1297 5079 3„
