3872 5836
736 370 767 417 de
786 370 859 417 rebar
876 370 1038 433 mhelugiuir.
1068 410 1070 415 .
1505 368 1565 433 351

215 524 284 589 aliis
307 524 403 586 literis
426 527 472 604 (p.
497 519 589 605 339).
637 525 768 587 Videtur
793 546 831 586 ea
858 526 927 605 ipsa
953 544 1024 587 esse
1046 526 1147 604 regio,
1182 526 1260 586 nude
1292 527 1331 588 ad
1355 546 1410 589 nos
1437 528 1574 607 pervenit

215 622 322 677 ventus
339 614 524 688 ,Nordost“
549 613 598 693 qui
622 633 743 695 semper
766 614 904 693 frigidus.
950 614 1032 695 Ergo
1057 614 1166 693 aliquis
1190 614 1232 675 ibi
1251 616 1336 677 culus
1360 617 1472 689 mnndi,
1496 617 1572 678 unde

213 716 278 766 tam
301 702 403 782 frigidi
426 702 519 765 venti.
566 703 634 764 Non
659 704 752 783 liquet
775 723 829 765 nec
852 703 928 765 libet
952 704 979 764 in
1004 723 1067 764 rem
1090 712 1282 782 praesentem
1306 705 1418 766 venire.

284 792 468 842 Fabricius:
487 790 515 841 Si
533 792 616 845 canda
633 799 785 843 mmemrum
803 806 821 842 a
838 790 896 842 Sole
915 797 1047 850 caueatur,
1073 806 1117 842 cur
1134 806 1184 842 uon
1203 798 1229 841 et
1247 793 1322 842 Luna
1339 794 1447 844 caudam
1464 795 1570 858 projicit,

212 880 270 915 cum
287 879 337 913 uon
356 863 456 913 dublum
473 865 514 921 sit,
533 870 685 913 cometarum
703 878 806 928 corpora
822 879 871 913 nou
890 866 970 915 miuus
989 863 1068 915 densa
1085 877 1150 922 esse,
1171 879 1244 928 quam
1265 864 1372 915 Lunae?

303 935 512 1013 Keplerus:
546 935 663 997 Deliis
692 954 751 997 non
774 937 863 1017 plura
887 936 986 997 dicere
1014 954 1153 1014 possum,
1189 955 1276 1015 qnam
1309 937 1337 996 in
1363 934 1494 1016 Opticis.
1539 935 1573 997 Si

213 1044 310 1105 opaca
335 1032 437 1084 essent
460 1041 595 1103 corpora,
621 1032 655 1084 ut
677 1024 774 1098 Luna,
799 1043 858 1085 nou
882 1024 1063 1121 projicerent
1087 1024 1225 1086 caudam.

284 1130 381 1198 Deinde
399 1130 480 1194 pergit
493 1129 659 1193 Keplerus,
679 1130 711 1179 ad
731 1130 793 1179 alias
806 1130 912 1179 Fabricii
925 1130 1084 1195 quaestiones
1098 1130 1259 1195 respondeus,
1279 1145 1343 1195 quae
1358 1145 1388 1180 ex
1400 1130 1459 1194 ipsis
1470 1143 1571 1194 respon-

213 1203 321 1253 sionibus
338 1200 441 1265 Kepleri
459 1201 596 1263 patebunt:

300 1291 347 1352 De
371 1288 490 1351 arcanis
509 1289 780 1369 experimentisque
805 1288 933 1369 propriis
961 1289 1155 1351 commendas
1186 1290 1257 1352 mihi
1282 1290 1448 1352 Ptolemaei
1474 1290 1570 1369 apho-

202 1381 335 1447 ,rismum
358 1380 388 1440 in
413 1376 643 1456 eradripartito
672 1379 710 1437 de
734 1377 964 1457 coaugulatione
989 1379 1132 1440 siderum.
1179 1376 1247 1439 Non
1272 1380 1361 1441 eredo
1390 1378 1451 1440 tuis
1476 1398 1570 1458 gene-

214 1469 328 1529 ralibus
352 1467 530 1541 affirmatis3
554 1485 676 1528 recense
701 1468 909 1546 experimenta
931 1486 986 1546 per
1008 1476 1122 1546 partes,
1148 1467 1288 1546 opinione
1310 1467 1454 1546 pauciora
1474 1476 1568 1541 erunt.

213 1560 368 1635 Aspectus
397 1557 588 1635 planetarum
617 1556 656 1616 ad
680 1556 787 1617 stelles
814 1563 960 1635 perpetuo
987 1554 1095 1617 infiniti
1119 1564 1204 1629 sunt,
1239 1576 1296 1618 non
1327 1557 1419 1635 igitur
1443 1557 1506 1637 apti
1531 1556 1569 1617 ad

214 1646 394 1725 objectiram
419 1643 655 1706 admonitionem
679 1645 728 1705 vel
752 1644 981 1706 commotionem
1006 1645 1186 1706 facultatum
1212 1645 1404 1709 naturalium.

304 1733 364 1796 Cur
387 1734 466 1794 inter
488 1743 632 1813 aspectus
660 1732 688 1793 in
714 1734 794 1794 nullo
811 1752 903 1795 censu
927 1734 987 1795 sint
1012 1735 1042 1809 ό
1057 1736 1093 1807 0⁰,
1120 1740 1152 1794 ei
1175 1735 1254 1807 Β)
1280 1742 1313 1795 11
1336 1731 1376 1812 Θ
1410 1734 1470 1794 dixi
1495 1753 1567 1795 ceu-

214 1843 280 1885 sam
304 1824 332 1884 in
356 1822 580 1883 Fundamentis.
629 1823 673 1882 Tu
697 1841 768 1882 rere
795 1822 925 1902 paginas
950 1822 1055 1884 studes
1085 1822 1209 1901 implere
1237 1845 1407 1903 περιεργοις.
1453 1821 1570 1884 Eadem

214 1922 316 1974 teneto
342 1913 377 1973 dc
402 1910 526 1972 heliacis
550 1910 713 1972 exortibus.
761 1910 874 1973 Eorum
899 1911 943 1971 vis
968 1911 1115 1973 naturalis
1138 1911 1368 1992 proprianulla.
1416 1909 1495 1973 Sunt
1508 1911 1568 1990 igi·
1654 1944 1661 1963 ι

107 2076 115 2080 ,
213 2014 263 2063 tur
285 2002 372 2080 signa
395 2009 448 2061 aut
471 2008 561 2061 notae
585 2009 751 2079 temporum
775 2020 814 2061 ex
837 2000 962 2061 arbitrie
986 2000 1150 2075 hominurn,
1184 2001 1255 2080 quia
1277 2000 1346 2062 aliis
1369 2001 1474 2074 citius,
1499 2000 1568 2061 aliis

120 2156 127 2167 ¹
212 2090 329 2151 tardius
362 2090 510 2163 oriuntur,
544 2099 632 2167 prout
654 2088 721 2149 risu
744 2088 849 2151 raleut
880 2089 1025 2150 homines.
1073 2089 1138 2149 Nec
1167 2090 1303 2169 sequitur
1333 2107 1431 2151 rerum
1459 2095 1569 2149 natura

212 2186 348 2239 nostram
373 2178 455 2238 risus
479 2177 726 2239 imbecillitatem.
756 2177 835 2239 *Sed
860 2178 896 2238 de
920 2178 976 2239 hoe
999 2178 1029 2237 in
1054 2177 1280 2239 Fundamentis.

305 2265 401 2327 Venio
425 2266 464 2327 ad
489 2266 594 2327 literas
618 2262 648 2327 b.
665 2262 750 2337 (16.)
766 2266 872 2340 Febr,
898 2287 972 2345 quas
996 2265 1124 2345 geminis
1149 2267 1327 2347 expressisti
1346 2264 1568 2344 exemplaribus

152 2404 159 2409 .
214 2359 325 2435 (comp.
352 2355 401 2417 lib.
427 2354 463 2415 de
488 2353 587 2416 Stella
610 2355 729 2428 Nova),
760 2373 882 2434 quorum
908 2356 1035 2416 alterurn
1061 2355 1097 2414 de
1122 2353 1231 2417 Schele
1255 2355 1362 2417 nudius
1387 2354 1506 2415 demum
1530 2353 1568 2414 ad

214 2445 374 2516 1111111111Ί
400 2444 528 2505 alterum
547 2443 714 2523 exemplum
737 2461 791 2503 suo
814 2451 949 2523 ternpore
973 2451 1022 2503 est
1045 2444 1204 2505 redditum.

302 2533 368 2613 Ego
400 2531 546 2611 impedior
570 2532 624 2604 (ab
657 2531 948 2605 obserr·ationibus);
981 2532 1139 2593 catarrhus
1169 2552 1214 2593 me
1243 2532 1358 2592 bilosus
1390 2529 1567 2591 hisdiebus

214 2645 232 2684 a
259 2624 284 2683 i.
300 2621 369 2683 Jun.
395 2627 489 2682 tenet.
536 2619 631 2682 Sica
658 2616 707 2682 i2.
732 2620 761 2680 in
786 2617 838 2680 22.
862 2621 951 2681 Febr.
977 2620 1033 2681 fuit
1057 2621 1192 2682 defluxus
1216 2619 1468 2699 interscapilium‚
1493 2618 1566 2679 bra-

212 2711 346 2775 chiorum
370 2718 482 2773 motum
507 2709 688 2787 impedieus;
719 2708 857 2787 utrinque
881 2705 901 2785 5
925 2710 955 2770 in
979 2727 1089 2771 occasu
1120 2728 1197 2770 meo.
1245 2709 1289 2769 Tu
1313 2709 1338 2768 si
1363 2709 1479 2769 rideres
1503 2706 1566 2767 fleri

214 2797 298 2877 0οΘ
323 2806 355 2860 11
377 2795 412 2875 li,
447 2800 477 2874 (i
493 2795 532 2875 Θ
558 2805 590 2858 11
613 2805 651 2871 d,
687 2792 751 2873 005
776 2805 807 2857 et
830 2804 856 2866 0¹
879 2797 979 2857 intuo
1000 2804 1105 2857 exortu
1134 2804 1165 2857 et
1195 2814 1318 2867 1111111,
1352 2804 1433 2855 metu
1457 2801 1564 2854 conta-

215 2891 363 2951 besceres.
411 2888 509 2948 Video
524 2905 581 2965 ego
599 2887 738 2948 effectum
762 2892 794 2946 et
816 2883 977 2965 praescivi,
1001 2892 1035 2945 at
1055 2902 1113 2944 non
1128 2884 1232 2959 metui,
1257 2884 1327 2964 quia
1350 2882 1423 2945 nihil
1446 2889 1568 2962 praeter

212 2988 336 3040 naturae
360 2976 497 3049 modum,
523 2975 579 3036 nisi
604 2994 651 3035 me
675 2974 742 3052 ipso
766 2992 886 3035 manum
910 2974 1105 3047 admovente,
1138 2972 1209 3033 mihi
1228 2973 1353 3033 evenire
1377 2988 1467 3051 posse
1492 2969 1565 3031 scio.

216 3068 309 3147 igitar
340 3073 373 3128 11
404 3084 497 3127 caveo
525 3072 558 3125 et
588 3072 724 3142 tempero
758 3083 777 3124 a
809 3062 987 3141 periculosis
1018 3062 1200 3136 actionibus,
1236 3060 1376 3121 libertate
1410 3058 1565 3133 sermonis,

215 3157 366 3237 suspectis
400 3153 614 3233 scriptionibus
643 3153 680 3214 de
704 3153 793 3214 rebus
819 3151 1001 3232 principum,
1035 3151 1129 3213 donec
1158 3150 1316 3212 transierit
1338 3150 1387 3210 hic
1411 3147 1565 3210 transitus.

212 3243 266 3308 Sin
285 3254 385 3308 autem
409 3262 447 3306 ex
469 3244 526 3305 hoc
548 3241 694 3322 principio
717 3242 888 3322 pulmonum
903 3240 999 3302 orasis
1015 3249 1046 3303 et
1060 3240 1179 3322 phtysis
1195 3271 1237 3282 —
1261 3248 1295 3300 at
1308 3237 1437 3300 materia
1451 3243 1521 3298 ante
1537 3235 1565 3296 in

171 3386 177 3395 .
212 3353 336 3414 corpore
359 3335 427 3407 fuit,
453 3351 511 3395 non
534 3351 588 3412 per
612 3332 666 3393 hos
690 3341 833 3412 aspectus
858 3331 914 3393 fuit
928 3331 1110 3410 introducta,
1134 3331 1189 3391 sed
1213 3337 1333 3391 tantum
1348 3327 1458 3401 excita,
1483 3324 1566 3405 potui

215 3423 306 3502 igitar
329 3422 443 3485 meliori
467 3422 571 3483 diaeta
584 3439 777 3501 praecavere.
824 3421 945 3482 Excuso
960 3427 1060 3494 astrn;
1085 3420 1158 3490 scio,
1183 3438 1238 3480 nos
1258 3435 1432 3499 quocunque
1447 3413 1565 3476 vivendi

213 3530 323 3591 genere
346 3512 420 3574 nihil
444 3511 525 3573 aliud
549 3529 651 3590 qnam
663 3510 747 3571 mori.

282 3617 446 3666 Fabricius
464 3613 500 3675 (d.
520 3612 562 3663 tt.
582 3612 670 3673 rabi:
699 3613 771 3661 Mitto
797 3611 900 3675 genesin
918 3611 961 3659 filii
980 3612 1151 3674 primogeniti,
1179 3611 1220 3673 qui
1243 3610 1321 3658 literis
1345 3624 1412 3658 nunc
1436 3607 1564 3657 incumbit.

213 3687 265 3738 Tuo
280 3689 374 3749 iudicio
397 3687 451 3750 plus
469 3688 558 3742 tribuo,
577 3698 651 3748 quam
668 3698 723 3731 meo
744 3707 777 3716 -
797 3681 825 3728 ln
838 3681 923 3736 literis,
942 3696 1007 3744 quae
1018 3680 1065 3728 hae
1078 3682 1227 3728 subsecutae
1244 3686 1302 3727 suut
1320 3680 1343 3727 d.
1361 3679 1400 3727 12.
1414 3681 1487 3742 Apa,
1507 3693 1566 3728 eau-

214 3758 270 3808 dem
287 3760 431 3821 petitionem
449 3758 484 3805 sic
503 3758 606 3818 repetit:
633 3754 740 3817 Egregie
758 3764 840 3799 meam
859 3754 961 3814 genesin
981 3751 1130 3813 descripsisti
1149 3763 1240 3811 nuper,
1260 3763 1291 3797 ac
1310 3751 1331 3797 si
1349 3750 1407 3797 mihi
1426 3750 1472 3810 ipsi
1490 3750 1568 3810 pictor

212 3830 320 3877 inissem.
356 3828 395 3875 Tu
413 3829 438 3876 iu
457 3826 506 3874 filio
525 3826 590 3874 idem
608 3837 700 3887 quaeso
720 3827 840 3885 praestes,
859 3822 940 3870 iacies
958 3827 1056 3885 gratum
1076 3820 1192 3869 officium.
1230 3819 1283 3883 Ego
1307 3819 1367 3867 mihi
1390 3821 1416 3866 iu
1434 3820 1464 3866 iis
1482 3818 1569 3867 studiis

212 3912 299 3960 parum
317 3898 406 3953 tribuo,
426 3904 453 3945 et
470 3909 536 3944 nuuc
554 3896 624 3959 quasi
642 3891 724 3942 nullus
743 3906 804 3939 sum.

301 3984 506 4063 Keplerus:
541 3983 610 4045 Filii
633 3982 677 4043 tui
701 3979 825 4061 genesin
850 3999 902 4040 cur
925 3986 1069 4052 tractem,
1094 3997 1161 4039 cum
1180 3986 1212 4038 tu
1231 3978 1296 4057 jam
1321 3998 1339 4038 a
1362 3976 1458 4037 tribus
1482 3975 1568 4036 annis

214 4073 311 4134 induci
336 4092 393 4132 non
418 4071 528 4151 possis,
553 4080 587 4133 ut
610 4072 646 4133 de
671 4090 740 4132 mea
762 4068 944 4130 transmissa
966 4066 1069 4147 genesi
1085 4067 1228 4147 judicium
1249 4067 1338 4140 ieras,
1362 4074 1500 4127 metuens
1524 4084 1566 4127 sc.

213 4162 260 4238 id,
294 4163 372 4242 quod
395 4181 444 4223 res
468 4170 531 4233 est,
565 4180 601 4221 ne
626 4160 759 4221 irretiam
789 4166 820 4219 te
848 4158 879 4219 in
908 4155 1098 4235 dogmatibus
1132 4154 1333 4235 astrologicis.
1381 4152 1442 4216 Sed
1467 4162 1566 4215 tamen

213 4241 411 4332 obsequamur
435 4249 578 4320 nonnihil,
598 4248 685 4328 qnasi
709 4255 869 4328 praeterea
892 4246 965 4307 nihil
989 4244 1039 4319 sit,
1066 4246 1142 4324 quod
1158 4251 1332 4306 tractemus.
1381 4239 1566 4320 Θ111Ε11,

211 4342 237 4413 b
264 4342 292 4402 in
316 4342 406 4419 Uli,
432 4339 463 4414 il
485 4339 515 4399 in
538 4338 615 4410 ΔΩ
640 4345 672 4398 11
694 4336 754 4397 imo
779 4336 864 4409 coeli,
889 4342 959 4395 sunt
983 4343 1125 4413 aspectus
1142 4333 1243 4408 validi,
1267 4341 1302 4393 ut
1324 4351 1382 4393 non
1402 4333 1480 4393 male
1495 4352 1567 4412 spe-

212 4450 292 4505 rem3
316 4424 366 4493 ille
390 4428 578 4503 industriam,
603 4427 661 4488 iste
685 4424 846 4505 ingenium,
872 4425 926 4485 sed
949 4442 1068 4502 vagum,
1093 4422 1141 4484 hic
1165 4423 1293 4501 gratiam
1313 4421 1481 4501 pollicetur.
1523 4421 1568 4482 At

213 4539 283 4591 vero
306 4517 327 4595 b
351 4539 405 4599 per
427 4517 617 4580 latitudinem
641 4521 736 4575 austr.
761 4531 902 4592 magnam
926 4513 954 4573 in
978 4512 1064 4591 signo
1094 4510 1335 4573 brevissimarum
1360 4510 1568 4572 ascensionum

214 4615 244 4670 et
271 4628 381 4690 magna
408 4608 469 4688 poli
491 4604 687 4679 inclinatione
710 4602 800 4663 ralde
825 4602 940 4664 vicinus
964 4609 1014 4662 est
1037 4600 1159 4671 orienti,
1185 4607 1217 4660 et
1246 4607 1336 4679 putu,
1366 4600 1456 4679 plane
1480 4598 1566 4660 inira.

213 4698 256 4768 Tu
280 4698 382 4778 itaque
406 4697 510 4777 cogita
533 4697 570 4757 de
594 4692 761 4755 directione
787 4692 851 4769 ejus
875 4691 914 4751 ad
938 4689 1094 4752 orientem.
1140 4689 1229 4751 Facit
1256 4688 1304 4751 hic
1327 4688 1404 4750 situs
1428 4687 1568 4767 frigidum

212 4786 241 4847 in
266 4788 366 4867 legum
389 4786 601 4848 observatione
624 4789 657 4843 et
680 4799 779 4841 amere
802 4780 1049 4859 propinquorum
1083 4795 1219 4839 erronem
1244 4778 1353 4850 habes,
1383 4794 1441 4835 nou
1464 4775 1566 4836 infeli-

211 4894 287 4939 cem.
334 4878 368 4939 In
400 4875 626 4961 comparatione
655 4888 725 4932 cum
756 4875 811 4931 trra
839 4867 944 4948 genesi
971 4886 1031 4929 non
1059 4866 1219 4929 admodum
1246 4867 1288 4929 ini
1316 4865 1500 4936 delectatus,
1533 4873 1568 4927 ut
