3838 5824
1021 197 1040 235 ἱ

714 283 836 333 ΕΜ·
853 284 1000 347 Wlffl-
1105 307 1113 313 ·
1265 378 1274 391 1
1478 279 1540 346 105

180 441 296 520 reliquo
318 439 411 502 etiam
434 440 556 503 dimidio
579 440 740 502 excurrat?
783 438 940 521 EStyria
962 441 1131 520 quondam,
1155 450 1189 502 ut
1212 440 1289 515 dixi,
1316 443 1354 511 sd
1377 443 1538 520 Braheum‚

181 531 212 591 id
235 536 285 589 cst
307 529 346 589 ad
370 548 459 608 opus
481 528 702 590 Tabularum
725 528 1040 608 Rudolphinnrum
1063 530 1287 603 maturandum,-
1310 531 1465 609 profectus
1489 544 1538 596 eet

181 617 300 679 libellos
323 617 392 690 iste,
417 636 463 678 me
488 618 599 678 latore:
624 617 694 697 quid
716 617 864 690 insolens,
899 616 968 696 quid
997 618 1072 678 adeo
1097 617 1226 679 alienum
1254 639 1273 677 a
1295 619 1424 697 pristino
1447 619 1538 682 insti-

183 713 249 767 tuto
271 712 384 772 vestro,
408 705 564 776 Proceres‚
589 705 657 784 quid
683 704 808 784 denique
833 723 897 764 oon·
914 713 1033 783 gratum
1056 705 1246 766 Ferdinando
1269 705 1448 782 Imperatori
1473 708 1539 771 An·
1648 774 1652 783 ,

182 800 290 871 gusto,
322 791 473 872 Rudolphi
496 800 568 871 post
590 792 755 853 Matthiam
778 792 960 865 successori,
995 794 1145 866 feceritis,
1182 793 1207 854 si
1231 802 1434 856 revertentem
1462 816 1539 858 nunc

182 880 330 955 libellum,
349 890 483 942 veterem
504 880 642 942 clientem
661 888 804 953 vestrum,
829 880 867 940 de
891 881 980 941 rebus
1003 880 1120 942 interea
1144 881 1239 960 gestis
1268 883 1413 958 audiatis,
1438 884 1464 946 si
1487 892 1537 960 te,-

183 968 316 1030 bnlarum
340 987 415 1047 opus
439 968 620 1031 laboriosum
643 977 675 1029 et
697 968 875 1039 sollicitum,
907 967 933 1028 si
957 968 1081 1029 delicias
1107 959 1226 1031 humani
1249 971 1383 1049 generis,
1419 973 1451 1033 si.
1473 972 1539 1034 Ru-

182 1056 285 1135 dolphi
303 1056 498 1135 Imperatoris
521 1076 627 1117 nomen
650 1057 846 1136 honoresque,
871 1055 989 1140 modica
1004 1056 1187 1119 liberalitate
1205 1061 1425 1137 promovendos
1440 1061 1538 1126 susci-

182 1144 291 1223 piatis3
315 1145 341 1204 si
365 1145 443 1205 hauc
457 1145 694 1206 vetustissimam
712 1144 992 1205 mathematicarum
1008 1145 1233 1223 disciplinarum
1248 1146 1420 1209 clientelam
1436 1148 1541 1211 domus

182 1232 360 1305 Austriaca,
389 1252 426 1293 ne
455 1233 511 1293 hoc
538 1234 657 1314 quidem
686 1232 866 1312 gravissimo
894 1240 976 1292 motu
1004 1249 1164 1311 concussa,
1208 1234 1413 1296 intercedente
1437 1244 1542 1298 vestre

183 1322 408 1381 succenturiata
430 1321 636 1400 providentia,
662 1320 796 1382 dimittet
819 1320 971 1381 exterisve
994 1322 1104 1381 cedat?

270 1408 329 1469 Hic
351 1409 443 1486 igitur
465 1409 665 1470 dedicationis
688 1409 776 1487 hujus
802 1408 951 1486 repetitae
969 1420 1084 1486 ‘scopus
1108 1416 1193 1483 esto,
1224 1428 1311 1489 quem
1334 1410 1361 1471 si
1385 1420 1539 1486 svestra,

182 1497 338 1570 Proceres,
362 1497 587 1576 magnificentia
610 1498 694 1558 fuero
717 1503 928 1575 consequutus,
953 1495 982 1557 id
1006 1514 1093 1559 omen
1118 1497 1189 1558 mihi
1203 1498 1363 1559 rueximum
1383 1499 1449 1573 erit,
1468 1501 1541 1572 fore,

182 1594 217 1648 ut
238 1586 411 1665 priusquam
433 1603 489 1663 ego
508 1584 716 1664 Redolpliinas
743 1585 774 1645 in
803 1585 898 1645 lucem
928 1583 1080 1661 proferam
1107 1585 1272 1665 colophone
1300 1587 1356 1647 hoc
1380 1592 1539 1649 restaura-

183 1673 258 1735 tioni
282 1673 501 1734 astronomicae
524 1673 683 1751 imposito:
712 1679 901 1734 restauratus
924 1671 979 1732 sub
1002 1672 1201 1734 Ferdinando·
1216 1675 1256 1734 ΙΙ.
1280 1681 1353 1753 post
1380 1693 1474 1736 annos
1498 1677 1542 1738 'ab

182 1781 307 1823 excessu
331 1761 512 1823 Fordioaudi
537 1763 561 1825 l.
584 1762 683 1822 minus
706 1760 880 1837 sexaginta,
905 1758 1126 1838 provinciarum
1145 1761 1373 1824 Austriaccrum
1402 1764 1542 1843 antiquus

183 1851 233 1911 ille
258 1850 420 1927 quinarius,
445 1850 592 1928 repressis
616 1849 704 1911 bellis
718 1848 873 1919 'uirilibus
899 1856 931 1908 et
949 1865 1024 1925 pace
1044 1866 1143 1911 rerum
1162 1850 1276 1928 optime
1289 1851 1423 1924 reducta,
1445 1852 1541 1915 denuo
1654 1852 1656 1855 ’

181 1939 339 2018 pristinum
367 1938 397 2000 in
425 1939 554 1999 nitorem
577 1939 765 2010 efflorescere
788 1936 865 2015 quod
889 1953 992 2009 omen,
1017 1935 1178 2014 angoribus
1202 1939 1240 1999 ob
1265 1939 1346 1999 mele
1367 1941 1543 2017 praeseutia

182 2046 239 2091 non
263 2028 371 2089 leviter
393 2034 578 2106 quassatum,
603 2027 685 2087 Deus
708 2026 783 2104 Opt.
808 2025 889 2085 Max.
915 2023 1108 2085 miseratione
1133 2025 1297 2096 ecclesiae,
1322 2026 1375 2087 lilii
1398 2028 1445 2088 sni
1468 2048 1541 2091 san·

183 2115 270 2193 gains
298 2115 465 2187 redemtae,
502 2114 649 2193 propitius
676 2114 783 2181 mmet,
807 2112 882 2173 iram
912 2130 998 2172 suem
1033 2114 1155 2174 tandem
1183 2133 1202 2174 s
1230 2115 1316 2177 nobis
1344 2133 1485 2177 aversam
1511 2117 1541 2178 in

183 2210 289 2282 gentes
316 2203 476 2264 ecclesiam
498 2211 655 2264 vastantes
684 2208 858 2272 convertat,
891 2198 1046 2278 imperium
1073 2201 1256 2264 Ferdioandi
1284 2204 1322 2264 ll.
1346 2204 1422 2283 Imp.
1448 2205 1540 2284 Aug,

183 2292 342 2353 exstinctis
371 2290 484 2352 irarum
512 2290 670 2352 incentivis
699 2289 825 2350 salutari
858 2287 1037 2348 clementiae
1066 2307 1141 2350 sura
1174 2290 1345 2371 mitigatum
1368 2300 1541 2372 prosperet3

183 2398 242 2457 qus
264 2379 381 2441 ratione
400 2389 431 2439 et
455 2378 574 2459 styria,
600 2381 736 2441 fortunae
762 2395 846 2449 meae
869 2375 968 2453 prims
986 2376 1179 2449 incunabula,
1209 2397 1333 2458 cumque
1356 2380 1410 2442 illa
1432 2390 1464 2442 et
1487 2399 1541 2443 vos

183 2467 424 2528 reverendissimi
449 2466 730 2547 generosissimique
753 2464 909 2534 proceres,
933 2464 988 2525 sub
1013 2464 1069 2525 alis
1093 2465 1212 2544 aquilae
1237 2467 1293 2529 tuti
1319 2488 1338 2529 a
1360 2470 1477 2532 vulture
1501 2470 1540 2532 li·

182 2556 325 2628 mitanea,
349 2574 505 2634 rerumque
529 2556 659 2617 omnium
683 2554 770 2633 copia
793 2550 968 2631 locupletes,
992 2551 1021 2613 in
1046 2568 1140 2614 annos
1164 2553 1335 2618 innumeros
1354 2557 1540 2635 perduretis:

184 2644 290 2721 quibus
313 2642 418 2703 debite
440 2661 506 2704 cnm
530 2644 724 2705 veneratione
747 2660 793 2702 me
817 2640 1004 2701 commendo.

273 2731 396 2792 Valete.
443 2730 561 2792 Dabam
583 2729 779 2793 Frankoiurti
802 2726 855 2790 20.
881 2723 967 2800 (30.)
989 2727 1072 2789 Juuii
1095 2722 1188 2789 1621.

488 2817 566 2881 Rev.
591 2830 623 2881 et
646 2818 724 2881 Gen.
748 2816 832 2895 Meg.
859 2816 899 2877 V.

929 2900 1134 2963 deditissimus
1159 2902 1253 2965 cliens

725 2992 874 3059 ‚Joonnes
895 2986 1068 3070 Keplerns,
1092 2990 1164 3052 olim
1187 2988 1309 3072 Styriee
1331 3009 1496 3075 procerum,

711 3090 782 3159 post
804 3078 901 3158 lmpp.
919 3075 1026 3140 Oeess.
1047 3077 1201 3157 Rudolphi
1224 3088 1256 3140 ct
1269 3070 1430 3153 Matthiae,
1456 3081 1475 3142 l.
1501 3100 1541 3147 m.

709 3168 793 3229 ordd.
815 3187 844 3246 q.
860 3165 1004 3229 Austriec
1026 3163 1281 3244 Seps-Auisauas
1295 3168 1541 3233 Mathematicus.
