3814 5818
697 350 998 418 anm-aetas
1463 350 1528 417 ror

167 518 236 565 atu
256 512 291 562 rit
307 511 350 561 fle
367 516 490 575 tempore,
515 512 587 573 cuju
603 511 745 561 mmmisee
764 518 886 574 oporteat
924 509 993 561 Deus
1015 512 1041 560 ln
1064 511 1172 561 luterum
1196 512 1253 561 lites
1276 516 1387 569 avertat,
1416 524 1529 576 quarum,

168 583 225 633 Deo
243 584 342 648 pata.
360 581 431 632 nulla
447 596 474 633 ae
492 581 573 633 adbuc
591 582 685 632 indicia
703 582 824 640 offerunt,
844 589 871 631 et
888 597 935 648 ego
953 596 1011 632 mea
1027 583 1160 634 solitudine
1178 583 1266 633 studeo
1285 583 1424 641 declinare.
1443 598 1523 648 quan·

168 662 224 704 tum
242 668 349 716 possam,

241 722 292 773 Sed
309 737 359 788 qua
376 730 404 772 tn
421 722 503 773 doute
524 737 569 772 me
594 723 630 772 de
655 724 733 772 meis
761 722 884 772 amoribus
903 724 1039 778 examinas.
1059 737 1115 771 eum
1133 738 1165 772 ue
1183 723 1256 774 serbo
1275 723 1374 787 quidem
1392 722 1529 775 tuorum

167 796 322 846 manem
338 788 440 844 Masi
476 793 513 843 'le
531 795 598 844 euim
615 809 665 843 non
684 794 747 843 adeo
767 793 864 843 abillis
883 794 992 844 ebenum
1005 808 1069 850 esse,
1088 795 1252 857 probareris
1272 809 1328 844 eum
1347 800 1374 844 et
1391 801 1527 860 antequam

168 865 334 918 ducendam
353 864 498 921 (irum.
521 864 651 929 disperstm
668 865 703 914 ibi
726 878 823 915 amores
840 864 967 920 habuerit,
993 872 1019 914 et
1036 866 1118 928 prima
1135 872 1210 916 nocte
1229 865 1260 915 ab
1278 866 1327 915 lille
1344 866 1464 917 inritatur
1482 869 1529 917 sir.

169 937 221 991 Sed
239 951 324 987 vereor
342 936 483 991 admodum,
502 951 535 986 ne
554 934 663 998 Cybelen
682 935 790 1000 adquam
807 950 851 999 pro
869 935 968 986 Venere
987 936 1066 987 durae
1085 941 1112 985 et
1129 936 1189 986 mibi
1206 950 1278 987 socer
1294 937 1341 987 lias
1343 971 1463 986 .....

241 1006 326 1057 Datae
343 1006 451 1056 Hirsavii
471 1003 512 1055 12.
533 1003 602 1068 (22.)
622 1004 675 1057 cu·
692 1005 753 1057 Julii
775 1003 851 1055 rtet.

309 1116 313 1125 .
1024 1076 1073 1126 Tul
1090 1077 1274 1126 amantissimus
1292 1078 1370 1129 irater

949 1145 985 1196 Η,
1005 1147 1058 1197 Gla.
1078 1146 1244 1212 Orthclpls‚
1270 1146 1427 1213 Praeceptor.

240 1291 320 1340 Auum
337 1290 447 1352 proxime
465 1285 791 1353 aquenuomjoecnpatm
810 1288 986 1339 comoribendo
1004 1294 1031 1339 et
1048 1289 1143 1339 edendo
1162 1289 1309 1351 homno,
1328 1291 1445 1341 detentus
1463 1294 1529 1342 ouda

167 1361 332 1425 nuptialibus,
359 1375 398 1409 res
417 1360 578 1424 umologieas
596 1358 736 1423 Keplerus,
762 1373 912 1424 quamquam
931 1362 1017 1409 annua
1035 1360 1109 1433 edere
1127 1362 1248 1426 pergebat
1267 1360 1417 1412 Calendaria
1436 1368 1464 1413 et
1481 1376 1526 1413 na·

166 1433 279 1483 ffitater
302 1431 380 1481 erexit
402 1432 559 1493 petentibus,
586 1444 642 1479 raro
665 1445 709 1493 per
726 1430 812 1479 literar
837 1432 889 1495 egit
909 1445 966 1479 eum
984 1432 1077 1480 amicta.
1115 1431 1187 1482 Haec
1206 1437 1303 1488 autem,
1327 1447 1392 1498 qnae
1413 1432 1525 1494 diximus,

165 1503 282 1568 nqeue,
306 1514 404 1565 semper
432 1514 490 1550 eum
520 1501 554 1550 ad
575 1501 631 1550 illae
654 1501 818 1557 reducunt,
844 1501 1002 1566 animumque
1025 1505 1078 1565 ejus
1103 1503 1264 1552 intenderunt
1290 1503 1324 1553 ad
1350 1510 1528 1567 tempestatum

166 1574 319 1624 montione·
344 1573 498 1635 numenque
524 1572 635 1621 Menae
660 1572 758 1624 variar.
786 1577 814 1621 et
839 1572 871 1621 ed
889 1573 1068 1635 comparandos
1088 1588 1144 1624 eum
1161 1574 1209 1623 illis
1227 1574 1384 1638 planetarum
1403 1581 1528 1638 apertus.

167 1651 198 1695 ut
215 1643 321 1707 deumne
340 1643 473 1692 emendare
492 1649 625 1693 tenuetur
642 1642 802 1707 astrologiam
821 1657 926 1708 eamque
944 1645 1023 1693 menti
1047 1660 1109 1695 auae
1135 1652 1162 1695 et
1179 1646 1270 1695 ratium
1288 1646 1370 1711 magia
1393 1653 1525 1696 consenta-

167 1729 250 1770 neam.
269 1728 316 1763 uec
335 1729 384 1762 non
403 1714 509 1778 uegcffia
527 1711 577 1763 illis
595 1729 645 1762 nen
665 1713 787 1762 evitandis
806 1715 989 1763 concinniorem
1006 1716 1119 1766 reddere.

238 1784 311 1834 Haeo
330 1791 447 1847 spectum
465 1783 663 1848 Tubingeusibna
682 1784 768 1833 amicis
786 1797 861 1834 sensa
878 1799 926 1835 sna
944 1787 1057 1848 aperiens
1072 1788 1193 1849 judicium
1212 1800 1295 1836 eorum
1307 1786 1355 1835 sibi
1374 1787 1477 1850 expetiit
1494 1788 1521 1836 in

168 1855 207 1907 bie
231 1870 327 1921 quoque
355 1855 458 1911 mou.
480 1855 547 1904 aaut
567 1856 594 1903 iu
619 1855 674 1905 aliie
701 1863 875 1912 eoneuermat.
903 1871 959 1906 cum
976 1856 1149 1908 Hatenreil'ero
1178 1856 1245 1919 (ride
1263 1872 1338 1921 supra
1360 1873 1385 1921 p.
1404 1854 1451 1919 37)
1476 1864 1530 1908 turn

166 1926 311 1978 milino-
347 1926 379 1976 Iu
395 1926 474 1976 literis
491 1926 591 1990 quidem
608 1927 642 1976 ad
658 1926 726 1977 laune
744 1924 782 1988 (d.
802 1924 844 1975 tt.
863 1926 940 1977 Mart
960 1924 1007 1990 98)
1027 1929 1093 1979 datis
1110 1928 1174 2005 haee
1192 1929 1312 1995 legimur:

256 2016 357 2095 Perge
379 2015 419 2077 ad
442 2015 650 2094 astrologiam.
696 2016 739 2078 Et
761 2016 833 2098 quia
854 2017 1002 2096 prolixum
1029 2018 1118 2080 nimis
1141 2025 1239 2091 esset,
1272 2018 1406 2080 rationes
1429 2018 1529 2098 expli-

167 2124 238 2169 care
261 2102 320 2166 mei
342 2102 489 2177 instituti,
520 2123 596 2185 quae
620 2105 740 2166 omuino
764 2105 954 2167 necessariae
978 2107 1112 2181 inerunt,
1142 2115 1265 2186 propter
1286 2114 1407 2167 vestros
1430 2106 1528 2168 homi-

167 2214 236 2268 ues,
269 2193 354 2254 illam
376 2192 546 2273 opinionem
566 2200 652 2255 tuam
674 2194 810 2272 exemplo
834 2195 987 2270 refellam,
1016 2195 1103 2276 quasi
1135 2203 1188 2257 aut
1210 2202 1308 2258 totam
1332 2196 1530 2276 astrologiam

167 2279 362 2356 traduxerim,
382 2287 442 2342 aut
463 2279 528 2342 sine
551 2280 696 2356 domibus,
721 2282 868 2357 terminis,
893 2283 1036 2358 faciebus,
1062 2284 1291 2364 triplicitatibus
1322 2286 1413 2362 (quas
1436 2284 1530 2345 etiarn

167 2372 198 2434 io
220 2388 289 2432 meo
312 2369 414 2433 libello
436 2369 467 2430 iu
491 2369 612 2431 dubium
635 2371 775 2445 vocavi),
803 2372 971 2451 praedictio
1001 2374 1085 2434 nulla
1111 2373 1230 2435 institui
1252 2371 1360 2452 possit.
1408 2372 1531 2452 Loquor

168 2461 207 2523 de
229 2459 277 2519 his
300 2457 544 2536 triplicitatibus‚
575 2477 651 2538 quae
675 2459 770 2538 signis
798 2460 843 2521 ita
870 2470 1063 2524 mensuratae
1091 2470 1175 2536 sunt,
1207 2470 1241 2522 ut
1270 2458 1297 2521 si
1319 2460 1404 2523 Mars
1433 2461 1476 2522 sit
1497 2460 1528 2523 iu

167 2543 298 2612 29⁰59¹
316 2545 362 2623 Υ,
385 2545 429 2608 sit
449 2547 479 2608 iu
502 2566 559 2608 sua
582 2547 778 2627 triplicitate3
807 2556 840 2609 at
862 2550 889 2610 si
916 2549 946 2609 iu
969 2545 1011 2611 0⁰
1033 2550 1061 2612 l‘
1076 2552 1113 2626 ὅ,
1142 2550 1184 2611 sit
1214 2549 1245 2610 iu
1269 2548 1373 2610 Lunae
1396 2548 1528 2629 triplici·

167 2644 248 2708 tate,
276 2644 309 2696 et
331 2633 409 2696 alias
426 2632 507 2696 vires
530 2635 652 2697 habeat.
698 2635 767 2699 Non
791 2638 896 2716 loquor
919 2637 956 2699 de
980 2637 1279 2717 triangulaticnibus‚
1311 2655 1379 2698 oum
1402 2636 1529 2717 singulis

168 2723 321 2788 utatibus
342 2742 397 2804 per
419 2722 610 2803 planetarum
633 2725 818 2803 superiorum
833 2725 1059 2805 conjunctiones
1077 2736 1141 2789 tres
1156 2725 1232 2787 coeli
1246 2723 1385 2802 regiones
1400 2725 1527 2804 signan-

167 2820 235 2887 tur;
273 2830 331 2873 uon
355 2812 391 2873 de
415 2811 568 2886 terminis,
594 2811 623 2872 iu
649 2812 755 2892 quibus
778 2819 849 2874 sunt
871 2813 950 2874 fixae
973 2814 1010 2876 de
1034 2822 1144 2877 natura
1166 2814 1370 2893 planetarum
1406 2831 1466 2874 uon
1490 2813 1527 2874 de

168 2900 319 2973 domibus,
343 2907 491 2981 quatenus
514 2919 574 2961 uua
597 2901 657 2962 alia
680 2908 730 2961 est
751 2903 782 2963 iu
805 2901 930 2963 aodiaeo
953 2902 1058 2976 altior,
1093 2909 1146 2964 aut
1170 2908 1318 2982 quatenus
1342 2899 1397 2962 Sol
1419 2900 1451 2962 iu
1474 2900 1528 2962 illa

167 2974 303 3052 eiistens
331 2988 408 3049 alias
436 2994 637 3068 tempestates
665 2989 726 3050 siet
753 2989 870 3051 ratione
899 2990 979 3051 anui.
1027 2989 1089 3052 Cur
1117 2993 1195 3051 enim
1230 2986 1250 3051 5
1278 2989 1420 3068 planetae
1452 2990 1528 3050 tinea

167 3079 338 3157 partiantur
365 3075 535 3157 signorum,
569 3079 693 3139 excluso
716 3075 789 3139 Sole
820 3085 852 3139 et
875 3079 981 3141 Luna?
1025 3080 1106 3142 Nam
1134 3079 1191 3141 hae
1224 3095 1322 3155 nugae
1345 3077 1528 3137 manifestae

168 3173 258 3227 sunt:
297 3162 445 3225 Setumns
468 3171 501 3226 et
523 3163 578 3227 Sol
601 3166 745 3228 contrarii
769 3167 917 3246 qualitate
941 3168 1064 3237 caloris,
1095 3165 1265 3230 soumarias
1288 3165 1381 3245 igitur
1405 3165 1526 3227 exalta-

169 3253 267 3314 tiones
290 3252 320 3313 iu
343 3250 380 3327 Υ
402 3260 434 3313 et
451 3264 514 3326 m
537 3251 657 3332 Jupiter
680 3263 712 3316 et
725 3256 810 3318 Mars
833 3256 863 3317 in
888 3256 1010 3318 humore
1033 3255 1176 3319 contrarii
1201 3253 1430 3335 quodammodo,
1454 3271 1527 3333 ergo

169 3340 218 3402 ille
242 3340 271 3401 iu
297 3354 344 3412 ee,
373 3341 422 3402 hie
445 3342 473 3402 iu
497 3346 532 3418 ᾗ
555 3343 720 3405 exaltatur.
768 3343 820 3406 Sic
843 3345 950 3406 Venus
974 3353 1006 3407 et
1028 3345 1195 3407 Mercurius
1229 3343 1367 3405 diversae
1390 3350 1528 3415 naturae,

168 3447 240 3509 ergo
263 3429 318 3491 illa
339 3427 369 3489 io
391 3435 437 3504 Χ,
469 3429 516 3490 hio
540 3430 570 3491 iu
594 3431 820 3516 tpexaltatur3
853 3433 940 3495 Luna
963 3452 1034 3496 vero
1057 3435 1088 3495 iu
1113 3434 1140 3508 ὅ
1164 3432 1330 3505 exaltatur,
1359 3430 1430 3511 quia
1452 3448 1527 3492 con-

169 3517 263 3578 traria
276 3516 385 3591 Marti,
410 3517 495 3597 cujus
519 3519 624 3579 domus
648 3529 698 3581 est
718 3520 747 3580 in
766 3531 811 3597 πῑ.
859 3520 901 3581 ut
923 3524 990 3600 ouis
1005 3520 1070 3583 Deo
1094 3521 1224 3585 creatori
1247 3521 1355 3583 tribuit
1372 3519 1455 3581 illam
1478 3519 1528 3580 iu·
1560 3518 1565 3543 ¹

168 3605 343 3668 concinnam
367 3605 543 3667 divisionem
570 3604 609 3673 12
633 3608 663 3668 iu
687 3607 730 3669 7?
776 3606 858 3668 Sane
881 3608 1001 3671 videtur
1028 3609 1242 3689 antiquissima
1265 3627 1348 3682 esse,
1378 3626 1445 3668 eum
1470 3607 1527 3668 ad·
1557 3624 1564 3633 ·

168 3693 235 3767 huc,
260 3700 294 3754 ut
316 3701 366 3755 est
388 3694 467 3774 apud
490 3694 698 3770 Aristotelem,
724 3693 777 3756 Sol
801 3703 959 3775 putaretur
981 3698 1060 3758 inira
1085 3698 1151 3773 Qu.
1198 3695 1384 3757 musenim
1408 3702 1530 3774 constat

168 3782 246 3843 ratio
269 3781 392 3843 ordinis.
436 3779 497 3843 Sed
522 3790 555 3843 et
578 3782 688 3844 domini
708 3782 933 3862 triangulorum,
959 3792 993 3846 ut
1008 3785 1098 3858 nosti,
1123 3783 1255 3844 indidem
1273 3789 1368 3849 sunt„
1394 3781 1529 3844 Valeant

168 3868 225 3930 hae
248 3887 355 3949 nugae,
382 3869 435 3930 sed
461 3869 551 3931 alium
574 3871 603 3932 in
618 3871 738 3932 modum
760 3871 885 3933 valeant
899 3872 1004 3946 realia,
1030 3872 1086 3933 hoe
1101 3881 1158 3944 est,
1184 3869 1276 3950 probe
1292 3869 1527 3931 considerentur.

168 3958 226 4019 Illa
249 3957 327 4019 euim
349 3964 417 4019 tota
439 3958 518 4019 ratio
542 3960 669 4021 conficta
692 3968 741 4020 est
772 3959 811 4020 ad
835 3960 1019 4021 reddendam
1043 3970 1202 4020 eventuum
1225 3957 1421 4030 varietatem,
1455 3975 1529 4036 per-

168 4045 238 4106 inde
266 4065 303 4106 ae
335 4045 362 4106 si
392 4054 446 4106 aut
477 4063 535 4107 non
566 4057 651 4108 esset
680 4047 796 4110 infinita
828 4048 961 4109 varietas
993 4048 1024 4109 in
1052 4047 1251 4126 permixtione
1275 4054 1452 4124 aspectuum
1476 4056 1530 4107 aut

166 4133 264 4194 omnis
287 4141 447 4195 eventuum
470 4135 684 4216 qualiscunque
707 4136 842 4197 varietas
866 4155 905 4197 er
928 4136 1012 4198 coelo
1036 4137 1085 4209 sit,
1111 4136 1142 4198 id
1158 4137 1236 4216 quod
1255 4143 1337 4198 recte
1353 4153 1420 4196 euru
1438 4134 1528 4196 theo-

167 4221 245 4300 logis
268 4222 419 4301 impugno.
466 4220 589 4301 Optime
618 4234 813 4303 praeceptor,
847 4240 885 4285 an
909 4243 966 4286 nou
998 4232 1081 4286 reete
1104 4244 1179 4303 ago,
1211 4225 1238 4286 si
1261 4243 1385 4304 operam
1408 4224 1462 4298 dc,
1495 4230 1531 4285 ut

168 4310 268 4372 doctis
291 4318 323 4370 et
345 4309 533 4390 philosophis
557 4311 649 4372 etiam
677 4313 882 4391 operationem
905 4313 982 4379 coeli
1005 4313 1205 4392 persuadeam
1224 4310 1422 4374 distinctam?
1458 4312 1529 4391 Ago

166 4396 271 4476 itaque
295 4397 496 4460 utJesuitae:
521 4399 571 4478 qui
594 4399 691 4460 multa
705 4401 875 4472 emendant,
899 4410 933 4462 ut
950 4401 1085 4463 homiues
1104 4400 1272 4462 catholicos
1297 4401 1421 4464 faciant.
1465 4400 1529 4461 lmo

167 4505 226 4547 non
250 4486 295 4547 ita
318 4491 398 4565 ago,'
423 4487 566 4566 namqui
597 4505 700 4548 omues
729 4505 825 4566 nugas
855 4489 1033 4564 defendunt,
1067 4497 1138 4549 sunt
1159 4488 1287 4550 Jesuitis
1310 4488 1439 4556 similes,
1472 4506 1529 4567 ego

59 4577 64 4583 ’
167 4592 235 4635 sum
259 4573 452 4635 Lutherauus
476 4574 664 4654 astrologus,
694 4575 742 4653 qni
773 4575 860 4654 ungis
884 4577 1011 4656 abjectis
1040 4575 1155 4638 retineo
1178 4576 1325 4638 nucleum.
1372 4574 1436 4637 Sed
1458 4594 1529 4637 ecce

167 4679 226 4723 rou
251 4669 370 4723 tantum
393 4661 532 4724 volebam
556 4661 666 4724 dicere.
713 4662 764 4723 Ad
788 4664 957 4742 exemplum
980 4663 1083 4744 itaque
1107 4664 1205 4725 venio.
1248 4664 1348 4726 Natus
1371 4661 1427 4723 tibi
1450 4662 1528 4724 filius

166 4756 217 4809 est
240 4749 400 4826 Augustus
427 4746 477 4811 1³.
492 4750 562 4811 Jan.
592 4749 641 4812 St
665 4748 705 4809 V.
730 4748 794 4809 hor.
819 4747 851 4811 5.
875 4747 930 4819 24¹
958 4758 1029 4813 aute
1053 4770 1092 4812 m.
1146 4751 1245 4814 Natus
1274 4750 1346 4815 mihi
1374 4756 1424 4811 eet
1450 4749 1530 4810 filins
1634 4830 1639 4839 ⁸
