<?xml version="1.0" encoding="UTF-8"?>
<!DOCTYPE html PUBLIC "-//W3C//DTD XHTML 1.0 Transitional//EN"
    "http://www.w3.org/TR/xhtml1/DTD/xhtml1-transitional.dtd">
<html xmlns="http://www.w3.org/1999/xhtml" xml:lang="en" lang="en">
 <head>
  <title>
</title>
<meta http-equiv="Content-Type" content="text/html;charset=utf-8" />
  <meta name='ocr-system' content='tesseract 3.04.00' />
  <meta name='ocr-capabilities' content='ocr_page ocr_carea ocr_par ocr_line ocrx_word'/>
</head>
<body>
  <div class='ocr_page' id='page_1' title='image "./joanniskepleria27frisgoog_0341.png"; bbox 0 0 3814 5818; ppageno 0'>
   <div class='ocr_carea' id='block_1_1' title="bbox 382 351 1312 434">
    <p class='ocr_par' dir='ltr' id='par_1_1' title="bbox 382 351 1312 434">
     <span class='ocr_line' id='line_1_1' title="bbox 382 351 1312 434; baseline -0.01 -25"><span class='ocrx_word' id='word_1_1' title='bbox 382 364 449 434; x_wconf 72' lang='lat'><strong>296</strong></span> <span class='ocrx_word' id='word_1_2' title='bbox 799 357 902 408; x_wconf 84' lang='lat' dir='ltr'><strong>Literae</strong></span> <span class='ocrx_word' id='word_1_3' title='bbox 919 353 1023 419; x_wconf 83' lang='lat' dir='ltr'><strong>Kepleri</strong></span> <span class='ocrx_word' id='word_1_4' title='bbox 1041 351 1193 416; x_wconf 72' lang='lat' dir='ltr'><strong>utumque</strong></span> <span class='ocrx_word' id='word_1_5' title='bbox 1209 356 1312 401; x_wconf 74' lang='lat' dir='ltr'><strong>mamae</strong></span> 
     </span>
    </p>
   </div>
   <div class='ocr_carea' id='block_1_2' title="bbox 318 504 1743 2786">
    <p class='ocr_par' dir='ltr' id='par_1_2' title="bbox 318 504 1743 2786">
     <span class='ocr_line' id='line_1_2' title="bbox 379 504 1740 611; baseline -0.021 -20"><span class='ocrx_word' id='word_1_6' title='bbox 379 531 530 611; x_wconf 57' lang='lat' dir='ltr'><strong>jacturam</strong></span> <span class='ocrx_word' id='word_1_7' title='bbox 552 530 743 584; x_wconf 83' lang='lat' dir='ltr'><strong>tamencum</strong></span> <span class='ocrx_word' id='word_1_8' title='bbox 764 533 861 596; x_wconf 90' lang='lat' dir='ltr'><strong>neque</strong></span> <span class='ocrx_word' id='word_1_9' title='bbox 885 515 967 578; x_wconf 89' lang='lat' dir='ltr'><strong>aliud</strong></span> <span class='ocrx_word' id='word_1_10' title='bbox 990 519 1172 594; x_wconf 72' lang='lat' dir='ltr'><strong>suppeteret</strong></span> <span class='ocrx_word' id='word_1_11' title='bbox 1194 517 1403 592; x_wconf 79' lang='lat' dir='ltr'><strong>argumentum</strong></span> <span class='ocrx_word' id='word_1_12' title='bbox 1427 504 1642 586; x_wconf 84' lang='lat' dir='ltr'><strong>significandae</strong></span> <span class='ocrx_word' id='word_1_13' title='bbox 1666 523 1740 585; x_wconf 87' lang='lat' dir='ltr'><strong>gra·</strong></span> 
     </span>
     <span class='ocr_line' id='line_1_3' title="bbox 382 593 1740 685; baseline -0.018 -6"><span class='ocrx_word' id='word_1_14' title='bbox 382 612 521 680; x_wconf 81' lang='lat' dir='ltr'><strong>titudinis</strong></span> <span class='ocrx_word' id='word_1_15' title='bbox 551 618 584 671; x_wconf 91' lang='lat' dir='ltr'><strong>et</strong></span> <span class='ocrx_word' id='word_1_16' title='bbox 610 609 680 685; x_wconf 84' lang='lat' dir='ltr'><strong>ipsa</strong></span> <span class='ocrx_word' id='word_1_17' title='bbox 706 604 917 667; x_wconf 83' lang='lat' dir='ltr'><strong>beneficiorum</strong></span> <span class='ocrx_word' id='word_1_18' title='bbox 939 603 1019 666; x_wconf 89' lang='lat' dir='ltr'><strong>Rev.</strong></span> <span class='ocrx_word' id='word_1_19' title='bbox 1044 602 1127 664; x_wconf 87' lang='lat' dir='ltr'><strong>Tuae</strong></span> <span class='ocrx_word' id='word_1_20' title='bbox 1156 600 1301 663; x_wconf 86' lang='lat' dir='ltr'><strong>memoria</strong></span> <span class='ocrx_word' id='word_1_21' title='bbox 1324 618 1370 660; x_wconf 91' lang='lat' dir='ltr'><strong>me</strong></span> <span class='ocrx_word' id='word_1_22' title='bbox 1395 597 1591 665; x_wconf 87' lang='lat' dir='ltr'><strong>admoneret,</strong></span> <span class='ocrx_word' id='word_1_23' title='bbox 1622 599 1657 654; x_wconf 90' lang='lat' dir='ltr'><strong>nt</strong></span> <span class='ocrx_word' id='word_1_24' title='bbox 1680 593 1740 655; x_wconf 91' lang='lat' dir='ltr'><strong>ali-</strong></span> 
     </span>
     <span class='ocr_line' id='line_1_4' title="bbox 384 681 1742 785; baseline -0.017 -20"><span class='ocrx_word' id='word_1_25' title='bbox 384 701 505 785; x_wconf 88' lang='lat' dir='ltr'><strong>quando</strong></span> <span class='ocrx_word' id='word_1_26' title='bbox 528 696 682 778; x_wconf 76' lang='lat' dir='ltr'><strong>specimen</strong></span> <span class='ocrx_word' id='word_1_27' title='bbox 708 693 829 773; x_wconf 77' lang='lat' dir='ltr'><strong>aliquod</strong></span> <span class='ocrx_word' id='word_1_28' title='bbox 843 692 965 753; x_wconf 89' lang='lat' dir='ltr'><strong>ederem</strong></span> <span class='ocrx_word' id='word_1_29' title='bbox 983 709 1085 752; x_wconf 88' lang='lat' dir='ltr'><strong>eorum</strong></span> <span class='ocrx_word' id='word_1_30' title='bbox 1099 690 1276 762; x_wconf 89' lang='lat' dir='ltr'><strong>studiorum,</strong></span> <span class='ocrx_word' id='word_1_31' title='bbox 1293 688 1416 766; x_wconf 89' lang='lat' dir='ltr'><strong>ejusque</strong></span> <span class='ocrx_word' id='word_1_32' title='bbox 1438 682 1581 756; x_wconf 86' lang='lat' dir='ltr'><strong>muneris,</strong></span> <span class='ocrx_word' id='word_1_33' title='bbox 1606 681 1644 741; x_wconf 92' lang='lat' dir='ltr'><strong>ad</strong></span> <span class='ocrx_word' id='word_1_34' title='bbox 1665 701 1742 761; x_wconf 89' lang='lat' dir='ltr'><strong>qnae</strong></span> 
     </span>
     <span class='ocr_line' id='line_1_5' title="bbox 381 768 1741 872; baseline -0.016 -20"><span class='ocrx_word' id='word_1_35' title='bbox 381 809 437 872; x_wconf 88' lang='lat' dir='ltr'><strong>per</strong></span> <span class='ocrx_word' id='word_1_36' title='bbox 458 788 513 851; x_wconf 90' lang='lat' dir='ltr'><strong>ills</strong></span> <span class='ocrx_word' id='word_1_37' title='bbox 531 787 597 865; x_wconf 85' lang='lat' dir='ltr'><strong>jam</strong></span> <span class='ocrx_word' id='word_1_38' title='bbox 621 784 705 845; x_wconf 87' lang='lat' dir='ltr'><strong>dicta</strong></span> <span class='ocrx_word' id='word_1_39' title='bbox 719 781 795 844; x_wconf 86' lang='lat' dir='ltr'><strong>Rev.</strong></span> <span class='ocrx_word' id='word_1_40' title='bbox 812 779 895 842; x_wconf 89' lang='lat' dir='ltr'><strong>Tuae</strong></span> <span class='ocrx_word' id='word_1_41' title='bbox 918 779 1065 842; x_wconf 85' lang='lat' dir='ltr'><strong>beneficia</strong></span> <span class='ocrx_word' id='word_1_42' title='bbox 1086 784 1242 856; x_wconf 88' lang='lat' dir='ltr'><strong>promotus</strong></span> <span class='ocrx_word' id='word_1_43' title='bbox 1267 794 1342 849; x_wconf 89' lang='lat' dir='ltr'><strong>sum,</strong></span> <span class='ocrx_word' id='word_1_44' title='bbox 1370 792 1429 835; x_wconf 92' lang='lat' dir='ltr'><strong>non</strong></span> <span class='ocrx_word' id='word_1_45' title='bbox 1444 769 1515 834; x_wconf 82' lang='lat' dir='ltr'><strong>duxi</strong></span> <span class='ocrx_word' id='word_1_46' title='bbox 1538 768 1628 831; x_wconf 88' lang='lat' dir='ltr'><strong>aliter</strong></span> <span class='ocrx_word' id='word_1_47' title='bbox 1643 786 1741 849; x_wconf 81' lang='lat' dir='ltr'><strong>agen-</strong></span> 
     </span>
     <span class='ocr_line' id='line_1_6' title="bbox 385 856 1741 952; baseline -0.018 -11"><span class='ocrx_word' id='word_1_48' title='bbox 385 880 455 941; x_wconf 89' lang='lat' dir='ltr'><strong>dum</strong></span> <span class='ocrx_word' id='word_1_49' title='bbox 478 893 564 948; x_wconf 88' lang='lat' dir='ltr'><strong>esse,</strong></span> <span class='ocrx_word' id='word_1_50' title='bbox 599 889 691 952; x_wconf 86' lang='lat' dir='ltr'><strong>quam</strong></span> <span class='ocrx_word' id='word_1_51' title='bbox 712 868 752 931; x_wconf 85' lang='lat' dir='ltr'><strong>R.</strong></span> <span class='ocrx_word' id='word_1_52' title='bbox 777 868 814 929; x_wconf 87' lang='grc' dir='ltr'><strong>Τ.</strong></span> <span class='ocrx_word' id='word_1_53' title='bbox 838 867 895 930; x_wconf 91' lang='lat' dir='ltr'><strong>boc</strong></span> <span class='ocrx_word' id='word_1_54' title='bbox 919 867 1073 945; x_wconf 85' lang='lat' dir='ltr'><strong>exemplar</strong></span> <span class='ocrx_word' id='word_1_55' title='bbox 1095 864 1153 926; x_wconf 92' lang='lat' dir='ltr'><strong>mei</strong></span> <span class='ocrx_word' id='word_1_56' title='bbox 1177 864 1381 943; x_wconf 89' lang='lat' dir='ltr'><strong>Prognostici,</strong></span> <span class='ocrx_word' id='word_1_57' title='bbox 1411 860 1489 939; x_wconf 91' lang='lat' dir='ltr'><strong>qued</strong></span> <span class='ocrx_word' id='word_1_58' title='bbox 1513 876 1552 918; x_wconf 86' lang='lat' dir='ltr'><strong>ex</strong></span> <span class='ocrx_word' id='word_1_59' title='bbox 1574 856 1665 918; x_wconf 85' lang='lat' dir='ltr'><strong>offleii</strong></span> <span class='ocrx_word' id='word_1_60' title='bbox 1688 877 1741 918; x_wconf 90' lang='lat' dir='ltr'><strong>ra-</strong></span> 
     </span>
     <span class='ocr_line' id='line_1_7' title="bbox 384 944 1739 1036; baseline -0.015 -8"><span class='ocrx_word' id='word_1_61' title='bbox 384 967 468 1030; x_wconf 87' lang='lat' dir='ltr'><strong>tione</strong></span> <span class='ocrx_word' id='word_1_62' title='bbox 491 963 528 1024; x_wconf 91' lang='lat' dir='ltr'><strong>de</strong></span> <span class='ocrx_word' id='word_1_63' title='bbox 554 962 654 1023; x_wconf 86' lang='lat' dir='ltr'><strong>futuro</strong></span> <span class='ocrx_word' id='word_1_64' title='bbox 678 976 756 1018; x_wconf 91' lang='lat' dir='ltr'><strong>anno</strong></span> <span class='ocrx_word' id='word_1_65' title='bbox 772 955 985 1036; x_wconf 87' lang='lat' dir='ltr'><strong>publicandum</strong></span> <span class='ocrx_word' id='word_1_66' title='bbox 1000 954 1065 1028; x_wconf 80' lang='lat' dir='ltr'><strong>tuit,</strong></span> <span class='ocrx_word' id='word_1_67' title='bbox 1090 952 1190 1033; x_wconf 82' lang='lat' dir='ltr'><strong>exigui</strong></span> <span class='ocrx_word' id='word_1_68' title='bbox 1217 949 1383 1013; x_wconf 88' lang='lat' dir='ltr'><strong>munusculi</strong></span> <span class='ocrx_word' id='word_1_69' title='bbox 1403 949 1470 1009; x_wconf 86' lang='lat' dir='ltr'><strong>loco</strong></span> <span class='ocrx_word' id='word_1_70' title='bbox 1491 944 1739 1007; x_wconf 89' lang='lat' dir='ltr'><strong>transmitterem.</strong></span> 
     </span>
     <span class='ocr_line' id='line_1_8' title="bbox 382 1024 1740 1134; baseline -0.017 -17"><span class='ocrx_word' id='word_1_71' title='bbox 382 1051 532 1134; x_wconf 80' lang='lat' dir='ltr'><strong>Equidem</strong></span> <span class='ocrx_word' id='word_1_72' title='bbox 556 1064 689 1127; x_wconf 87' lang='lat' dir='ltr'><strong>agnosco</strong></span> <span class='ocrx_word' id='word_1_73' title='bbox 713 1054 872 1124; x_wconf 89' lang='lat' dir='ltr'><strong>paternam</strong></span> <span class='ocrx_word' id='word_1_74' title='bbox 894 1043 935 1106; x_wconf 90' lang='lat' dir='ltr'><strong>R.</strong></span> <span class='ocrx_word' id='word_1_75' title='bbox 960 1042 995 1103; x_wconf 84' lang='lat' dir='ltr'><strong>T.</strong></span> <span class='ocrx_word' id='word_1_76' title='bbox 1019 1042 1222 1114; x_wconf 89' lang='lat' dir='ltr'><strong>voluntatem,</strong></span> <span class='ocrx_word' id='word_1_77' title='bbox 1257 1058 1345 1118; x_wconf 86' lang='lat' dir='ltr'><strong>quarn</strong></span> <span class='ocrx_word' id='word_1_78' title='bbox 1373 1037 1403 1098; x_wconf 94' lang='lat' dir='ltr'><strong>in</strong></span> <span class='ocrx_word' id='word_1_79' title='bbox 1427 1024 1646 1098; x_wconf 84' lang='lat' dir='ltr'><strong>commodabda</strong></span> <span class='ocrx_word' id='word_1_80' title='bbox 1668 1032 1740 1095; x_wconf 83' lang='lat' dir='ltr'><strong>milri</strong></span> 
     </span>
     <span class='ocr_line' id='line_1_9' title="bbox 382 1122 1741 1223; baseline -0.016 -19"><span class='ocrx_word' id='word_1_81' title='bbox 382 1138 510 1223; x_wconf 89' lang='lat' dir='ltr'><strong>pecunia</strong></span> <span class='ocrx_word' id='word_1_82' title='bbox 532 1133 710 1205; x_wconf 73' lang='lat' dir='ltr'><strong>declaravit,</strong></span> <span class='ocrx_word' id='word_1_83' title='bbox 735 1151 789 1193; x_wconf 91' lang='lat' dir='ltr'><strong>nec</strong></span> <span class='ocrx_word' id='word_1_84' title='bbox 813 1131 924 1193; x_wconf 90' lang='lat' dir='ltr'><strong>oblitus</strong></span> <span class='ocrx_word' id='word_1_85' title='bbox 947 1139 1012 1192; x_wconf 87' lang='lat' dir='ltr'><strong>tam</strong></span> <span class='ocrx_word' id='word_1_86' title='bbox 1034 1130 1094 1191; x_wconf 88' lang='lat' dir='ltr'><strong>cito</strong></span> <span class='ocrx_word' id='word_1_87' title='bbox 1118 1148 1198 1203; x_wconf 91' lang='lat' dir='ltr'><strong>snm,</strong></span> <span class='ocrx_word' id='word_1_88' title='bbox 1223 1135 1354 1207; x_wconf 87' lang='lat' dir='ltr'><strong>quantae</strong></span> <span class='ocrx_word' id='word_1_89' title='bbox 1378 1122 1586 1186; x_wconf 79' lang='lat' dir='ltr'><strong>commoditati</strong></span> <span class='ocrx_word' id='word_1_90' title='bbox 1609 1128 1741 1201; x_wconf 89' lang='lat' dir='ltr'><strong>quanto-</strong></span> 
     </span>
     <span class='ocr_line' id='line_1_10' title="bbox 385 1209 1743 1310; baseline -0.015 -19"><span class='ocrx_word' id='word_1_91' title='bbox 385 1247 443 1310; x_wconf 91' lang='lat' dir='ltr'><strong>que</strong></span> <span class='ocrx_word' id='word_1_92' title='bbox 467 1226 641 1306; x_wconf 88' lang='lat' dir='ltr'><strong>adjumento</strong></span> <span class='ocrx_word' id='word_1_93' title='bbox 664 1220 737 1282; x_wconf 89' lang='lat' dir='ltr'><strong>mibi</strong></span> <span class='ocrx_word' id='word_1_94' title='bbox 752 1218 843 1281; x_wconf 84' lang='lat' dir='ltr'><strong>fuerit</strong></span> <span class='ocrx_word' id='word_1_95' title='bbox 865 1219 919 1282; x_wconf 90' lang='lat' dir='ltr'><strong>illa</strong></span> <span class='ocrx_word' id='word_1_96' title='bbox 931 1217 971 1280; x_wconf 91' lang='lat' dir='ltr'><strong>D.</strong></span> <span class='ocrx_word' id='word_1_97' title='bbox 987 1219 1025 1279; x_wconf 91' lang='lat' dir='ltr'><strong>D.</strong></span> <span class='ocrx_word' id='word_1_98' title='bbox 1040 1225 1271 1297; x_wconf 88' lang='lat' dir='ltr'><strong>praeceptorum</strong></span> <span class='ocrx_word' id='word_1_99' title='bbox 1292 1213 1492 1294; x_wconf 91' lang='lat' dir='ltr'><strong>promtitudo‚</strong></span> <span class='ocrx_word' id='word_1_100' title='bbox 1519 1210 1550 1271; x_wconf 93' lang='lat' dir='ltr'><strong>in</strong></span> <span class='ocrx_word' id='word_1_101' title='bbox 1574 1209 1698 1289; x_wconf 89' lang='lat' dir='ltr'><strong>quibus,</strong></span> <span class='ocrx_word' id='word_1_102' title='bbox 1723 1229 1743 1271; x_wconf 88' lang='lat' dir='ltr'><strong>a</strong></span> 
     </span>
     <span class='ocr_line' id='line_1_11' title="bbox 385 1298 1739 1386; baseline -0.016 -7"><span class='ocrx_word' id='word_1_103' title='bbox 385 1315 461 1379; x_wconf 91' lang='lat' dir='ltr'><strong>meis</strong></span> <span class='ocrx_word' id='word_1_104' title='bbox 484 1315 640 1384; x_wconf 87' lang='lat' dir='ltr'><strong>desertus,</strong></span> <span class='ocrx_word' id='word_1_105' title='bbox 663 1326 779 1370; x_wconf 91' lang='lat' dir='ltr'><strong>omnem</strong></span> <span class='ocrx_word' id='word_1_106' title='bbox 803 1324 888 1386; x_wconf 90' lang='lat' dir='ltr'><strong>spem</strong></span> <span class='ocrx_word' id='word_1_107' title='bbox 911 1306 1058 1385; x_wconf 86' lang='lat' dir='ltr'><strong>reliquam</strong></span> <span class='ocrx_word' id='word_1_108' title='bbox 1080 1323 1250 1384; x_wconf 89' lang='lat' dir='ltr'><strong>posueram.</strong></span> <span class='ocrx_word' id='word_1_109' title='bbox 1298 1302 1503 1363; x_wconf 87' lang='lat' dir='ltr'><strong>Vehementer</strong></span> <span class='ocrx_word' id='word_1_110' title='bbox 1530 1299 1622 1359; x_wconf 89' lang='lat' dir='ltr'><strong>etiam</strong></span> <span class='ocrx_word' id='word_1_111' title='bbox 1642 1298 1739 1371; x_wconf 86' lang='lat' dir='ltr'><strong>doleo,</strong></span> 
     </span>
     <span class='ocr_line' id='line_1_12' title="bbox 386 1386 1740 1475; baseline -0.016 -8"><span class='ocrx_word' id='word_1_112' title='bbox 386 1422 446 1467; x_wconf 87' lang='lat' dir='ltr'><strong>non</strong></span> <span class='ocrx_word' id='word_1_113' title='bbox 471 1401 593 1463; x_wconf 88' lang='lat' dir='ltr'><strong>licuisse</strong></span> <span class='ocrx_word' id='word_1_114' title='bbox 617 1397 688 1458; x_wconf 90' lang='lat' dir='ltr'><strong>mibi</strong></span> <span class='ocrx_word' id='word_1_115' title='bbox 712 1395 817 1458; x_wconf 89' lang='lat' dir='ltr'><strong>statim</strong></span> <span class='ocrx_word' id='word_1_116' title='bbox 840 1395 943 1475; x_wconf 88' lang='lat' dir='ltr'><strong>aliqua</strong></span> <span class='ocrx_word' id='word_1_117' title='bbox 965 1412 1003 1455; x_wconf 77' lang='lat' dir='ltr'><strong>ex</strong></span> <span class='ocrx_word' id='word_1_118' title='bbox 1025 1402 1113 1472; x_wconf 83' lang='lat' dir='ltr'><strong>parte</strong></span> <span class='ocrx_word' id='word_1_119' title='bbox 1137 1391 1320 1471; x_wconf 88' lang='lat' dir='ltr'><strong>respondere</strong></span> <span class='ocrx_word' id='word_1_120' title='bbox 1342 1389 1388 1451; x_wconf 92' lang='lat' dir='ltr'><strong>illi</strong></span> <span class='ocrx_word' id='word_1_121' title='bbox 1407 1386 1566 1460; x_wconf 85' lang='lat' dir='ltr'><strong>voluntati,</strong></span> <span class='ocrx_word' id='word_1_122' title='bbox 1591 1386 1661 1447; x_wconf 90' lang='lat' dir='ltr'><strong>dum</strong></span> <span class='ocrx_word' id='word_1_123' title='bbox 1684 1405 1740 1446; x_wconf 86' lang='lat' dir='ltr'><strong>ne-</strong></span> 
     </span>
     <span class='ocr_line' id='line_1_13' title="bbox 385 1476 1742 1573; baseline -0.013 -20"><span class='ocrx_word' id='word_1_124' title='bbox 385 1510 443 1573; x_wconf 93' lang='lat' dir='ltr'><strong>que</strong></span> <span class='ocrx_word' id='word_1_125' title='bbox 466 1489 574 1552; x_wconf 87' lang='lat' dir='ltr'><strong>literas</strong></span> <span class='ocrx_word' id='word_1_126' title='bbox 597 1484 817 1548; x_wconf 83' lang='lat' dir='ltr'><strong>eucharisticae</strong></span> <span class='ocrx_word' id='word_1_127' title='bbox 841 1483 972 1545; x_wconf 88' lang='lat' dir='ltr'><strong>scribere</strong></span> <span class='ocrx_word' id='word_1_128' title='bbox 1002 1482 1086 1561; x_wconf 93' lang='lat' dir='ltr'><strong>potui</strong></span> <span class='ocrx_word' id='word_1_129' title='bbox 1108 1489 1232 1560; x_wconf 87' lang='lat' dir='ltr'><strong>propter</strong></span> <span class='ocrx_word' id='word_1_130' title='bbox 1254 1497 1353 1539; x_wconf 90' lang='lat' dir='ltr'><strong>meam</strong></span> <span class='ocrx_word' id='word_1_131' title='bbox 1377 1476 1612 1556; x_wconf 84' lang='lat' dir='ltr'><strong>aegritudinem,</strong></span> <span class='ocrx_word' id='word_1_132' title='bbox 1645 1492 1742 1554; x_wconf 89' lang='lat' dir='ltr'><strong>neque</strong></span> 
     </span>
     <span class='ocr_line' id='line_1_14' title="bbox 386 1564 1742 1658; baseline -0.015 -16"><span class='ocrx_word' id='word_1_133' title='bbox 386 1577 544 1658; x_wconf 87' lang='lat' dir='ltr'><strong>imperiale</strong></span> <span class='ocrx_word' id='word_1_134' title='bbox 567 1573 716 1636; x_wconf 87' lang='lat' dir='ltr'><strong>numisma</strong></span> <span class='ocrx_word' id='word_1_135' title='bbox 745 1570 877 1645; x_wconf 88' lang='lat' dir='ltr'><strong>mittere,</strong></span> <span class='ocrx_word' id='word_1_136' title='bbox 906 1578 1068 1649; x_wconf 90' lang='lat' dir='ltr'><strong>propterea</strong></span> <span class='ocrx_word' id='word_1_137' title='bbox 1091 1569 1170 1648; x_wconf 91' lang='lat' dir='ltr'><strong>quod</strong></span> <span class='ocrx_word' id='word_1_138' title='bbox 1192 1568 1241 1629; x_wconf 89' lang='lat' dir='ltr'><strong>hic</strong></span> <span class='ocrx_word' id='word_1_139' title='bbox 1263 1565 1445 1628; x_wconf 86' lang='lat' dir='ltr'><strong>Austriaeos</strong></span> <span class='ocrx_word' id='word_1_140' title='bbox 1467 1564 1603 1626; x_wconf 88' lang='lat' dir='ltr'><strong>thaleros</strong></span> <span class='ocrx_word' id='word_1_141' title='bbox 1631 1580 1742 1641; x_wconf 84' lang='lat' dir='ltr'><strong>magna</strong></span> 
     </span>
     <span class='ocr_line' id='line_1_15' title="bbox 384 1649 1742 1738; baseline -0.015 -7"><span class='ocrx_word' id='word_1_142' title='bbox 384 1686 453 1731; x_wconf 87' lang='lat' dir='ltr'><strong>oum</strong></span> <span class='ocrx_word' id='word_1_143' title='bbox 475 1661 690 1725; x_wconf 84' lang='lat' dir='ltr'><strong>aestimatione</strong></span> <span class='ocrx_word' id='word_1_144' title='bbox 714 1677 900 1738; x_wconf 85' lang='lat' dir='ltr'><strong>acceperam.</strong></span> <span class='ocrx_word' id='word_1_145' title='bbox 947 1655 1094 1728; x_wconf 86' lang='lat' dir='ltr'><strong>Quamvis</strong></span> <span class='ocrx_word' id='word_1_146' title='bbox 1109 1656 1304 1719; x_wconf 91' lang='lat' dir='ltr'><strong>consobrinus</strong></span> <span class='ocrx_word' id='word_1_147' title='bbox 1319 1672 1420 1726; x_wconf 89' lang='lat' dir='ltr'><strong>meus,</strong></span> <span class='ocrx_word' id='word_1_148' title='bbox 1444 1651 1494 1733; x_wconf 94' lang='lat' dir='ltr'><strong>qui</strong></span> <span class='ocrx_word' id='word_1_149' title='bbox 1508 1670 1556 1712; x_wconf 89' lang='lat' dir='ltr'><strong>me</strong></span> <span class='ocrx_word' id='word_1_150' title='bbox 1579 1649 1742 1711; x_wconf 85' lang='lat' dir='ltr'><strong>comitatus</strong></span> 
     </span>
     <span class='ocr_line' id='line_1_16' title="bbox 383 1738 1741 1831; baseline -0.014 -14"><span class='ocrx_word' id='word_1_151' title='bbox 383 1762 446 1828; x_wconf 89' lang='lat' dir='ltr'><strong>est,</strong></span> <span class='ocrx_word' id='word_1_152' title='bbox 471 1760 503 1816; x_wconf 90' lang='lat' dir='ltr'><strong>et</strong></span> <span class='ocrx_word' id='word_1_153' title='bbox 520 1749 638 1831; x_wconf 86' lang='lat' dir='ltr'><strong>gratias</strong></span> <span class='ocrx_word' id='word_1_154' title='bbox 661 1767 728 1809; x_wconf 89' lang='lat' dir='ltr'><strong>meo</strong></span> <span class='ocrx_word' id='word_1_155' title='bbox 752 1747 871 1807; x_wconf 88' lang='lat' dir='ltr'><strong>nomine</strong></span> <span class='ocrx_word' id='word_1_156' title='bbox 894 1764 995 1807; x_wconf 90' lang='lat' dir='ltr'><strong>coram</strong></span> <span class='ocrx_word' id='word_1_157' title='bbox 1020 1763 1110 1824; x_wconf 89' lang='lat' dir='ltr'><strong>agere</strong></span> <span class='ocrx_word' id='word_1_158' title='bbox 1124 1745 1277 1824; x_wconf 91' lang='lat' dir='ltr'><strong>potuisset</strong></span> <span class='ocrx_word' id='word_1_159' title='bbox 1297 1751 1327 1804; x_wconf 91' lang='lat' dir='ltr'><strong>et</strong></span> <span class='ocrx_word' id='word_1_160' title='bbox 1341 1742 1476 1805; x_wconf 87' lang='lat' dir='ltr'><strong>thaleros</strong></span> <span class='ocrx_word' id='word_1_161' title='bbox 1491 1738 1615 1801; x_wconf 91' lang='lat' dir='ltr'><strong>minimo</strong></span> <span class='ocrx_word' id='word_1_162' title='bbox 1639 1739 1741 1800; x_wconf 89' lang='lat' dir='ltr'><strong>valore</strong></span> 
     </span>
     <span class='ocr_line' id='line_1_17' title="bbox 385 1827 1741 1914; baseline -0.012 -10"><span class='ocrx_word' id='word_1_163' title='bbox 385 1841 567 1904; x_wconf 87' lang='lat' dir='ltr'><strong>aestimatos</strong></span> <span class='ocrx_word' id='word_1_164' title='bbox 589 1836 732 1907; x_wconf 87' lang='lat' dir='ltr'><strong>reddere,</strong></span> <span class='ocrx_word' id='word_1_165' title='bbox 764 1833 807 1906; x_wconf 87' lang='lat' dir='ltr'><strong>si,</strong></span> <span class='ocrx_word' id='word_1_166' title='bbox 840 1833 918 1914; x_wconf 93' lang='lat' dir='ltr'><strong>quod</strong></span> <span class='ocrx_word' id='word_1_167' title='bbox 943 1851 1000 1912; x_wconf 89' lang='lat' dir='ltr'><strong>ego</strong></span> <span class='ocrx_word' id='word_1_168' title='bbox 1023 1833 1216 1894; x_wconf 88' lang='lat' dir='ltr'><strong>vehementer</strong></span> <span class='ocrx_word' id='word_1_169' title='bbox 1247 1831 1285 1892; x_wconf 90' lang='lat' dir='ltr'><strong>ab</strong></span> <span class='ocrx_word' id='word_1_170' title='bbox 1318 1831 1383 1910; x_wconf 92' lang='lat' dir='ltr'><strong>ipso</strong></span> <span class='ocrx_word' id='word_1_171' title='bbox 1416 1828 1573 1899; x_wconf 89' lang='lat' dir='ltr'><strong>contendi,</strong></span> <span class='ocrx_word' id='word_1_172' title='bbox 1604 1827 1741 1906; x_wconf 90' lang='lat' dir='ltr'><strong>quodque</strong></span> 
     </span>
     <span class='ocr_line' id='line_1_18' title="bbox 385 1914 1741 2004; baseline -0.013 -12"><span class='ocrx_word' id='word_1_173' title='bbox 385 1928 458 1993; x_wconf 91' lang='lat' dir='ltr'><strong>mibi</strong></span> <span class='ocrx_word' id='word_1_174' title='bbox 492 1925 640 2004; x_wconf 86' lang='lat' dir='ltr'><strong>stipulata</strong></span> <span class='ocrx_word' id='word_1_175' title='bbox 668 1941 757 1984; x_wconf 91' lang='lat' dir='ltr'><strong>manu</strong></span> <span class='ocrx_word' id='word_1_176' title='bbox 789 1921 947 2002; x_wconf 85' lang='lat' dir='ltr'><strong>promisit,</strong></span> <span class='ocrx_word' id='word_1_177' title='bbox 980 1921 1123 2001; x_wconf 88' lang='lat' dir='ltr'><strong>perficere</strong></span> <span class='ocrx_word' id='word_1_178' title='bbox 1152 1920 1210 1999; x_wconf 93' lang='lat' dir='ltr'><strong>ipsi</strong></span> <span class='ocrx_word' id='word_1_179' title='bbox 1239 1918 1385 1980; x_wconf 90' lang='lat' dir='ltr'><strong>libuisset.</strong></span> <span class='ocrx_word' id='word_1_180' title='bbox 1433 1915 1536 1987; x_wconf 80' lang='lat' dir='ltr'><strong>Quare</strong></span> <span class='ocrx_word' id='word_1_181' title='bbox 1559 1914 1598 1977; x_wconf 89' lang='lat' dir='ltr'><strong>R.</strong></span> <span class='ocrx_word' id='word_1_182' title='bbox 1625 1914 1659 1975; x_wconf 91' lang='lat' dir='ltr'><strong>T.</strong></span> <span class='ocrx_word' id='word_1_183' title='bbox 1694 1933 1741 1976; x_wconf 92' lang='lat' dir='ltr'><strong>me</strong></span> 
     </span>
     <span class='ocr_line' id='line_1_19' title="bbox 385 2004 1740 2084; baseline -0.009 -6"><span class='ocrx_word' id='word_1_184' title='bbox 385 2021 563 2078; x_wconf 87' lang='lat' dir='ltr'><strong>excusatum</strong></span> <span class='ocrx_word' id='word_1_185' title='bbox 594 2010 720 2072; x_wconf 88' lang='lat' dir='ltr'><strong>habebit</strong></span> <span class='ocrx_word' id='word_1_186' title='bbox 749 2017 782 2070; x_wconf 88' lang='lat' dir='ltr'><strong>et</strong></span> <span class='ocrx_word' id='word_1_187' title='bbox 809 2010 866 2071; x_wconf 90' lang='lat' dir='ltr'><strong>hoc</strong></span> <span class='ocrx_word' id='word_1_188' title='bbox 889 2017 978 2070; x_wconf 91' lang='lat' dir='ltr'><strong>tenue</strong></span> <span class='ocrx_word' id='word_1_189' title='bbox 1012 2007 1218 2069; x_wconf 88' lang='lat' dir='ltr'><strong>munusculum</strong></span> <span class='ocrx_word' id='word_1_190' title='bbox 1241 2006 1271 2067; x_wconf 95' lang='lat' dir='ltr'><strong>in</strong></span> <span class='ocrx_word' id='word_1_191' title='bbox 1298 2005 1474 2084; x_wconf 86' lang='lat' dir='ltr'><strong>praesentia</strong></span> <span class='ocrx_word' id='word_1_192' title='bbox 1499 2004 1569 2067; x_wconf 91' lang='lat' dir='ltr'><strong>boui</strong></span> <span class='ocrx_word' id='word_1_193' title='bbox 1593 2004 1740 2066; x_wconf 79' lang='lat' dir='ltr'><strong>consulet.</strong></span> 
     </span>
     <span class='ocr_line' id='line_1_20' title="bbox 384 2091 1740 2178; baseline -0.01 -12"><span class='ocrx_word' id='word_1_194' title='bbox 384 2103 509 2168; x_wconf 88' lang='lat' dir='ltr'><strong>Utinam</strong></span> <span class='ocrx_word' id='word_1_195' title='bbox 531 2106 633 2161; x_wconf 87' lang='lat' dir='ltr'><strong>autem</strong></span> <span class='ocrx_word' id='word_1_196' title='bbox 654 2117 709 2178; x_wconf 90' lang='lat' dir='ltr'><strong>per</strong></span> <span class='ocrx_word' id='word_1_197' title='bbox 732 2097 860 2175; x_wconf 88' lang='lat' dir='ltr'><strong>aliquem</strong></span> <span class='ocrx_word' id='word_1_198' title='bbox 883 2114 1014 2157; x_wconf 89' lang='lat' dir='ltr'><strong>meorum</strong></span> <span class='ocrx_word' id='word_1_199' title='bbox 1039 2094 1229 2157; x_wconf 84' lang='lat' dir='ltr'><strong>familiarium</strong></span> <span class='ocrx_word' id='word_1_200' title='bbox 1252 2094 1363 2155; x_wconf 83' lang='lat' dir='ltr'><strong>certior</strong></span> <span class='ocrx_word' id='word_1_201' title='bbox 1385 2093 1448 2155; x_wconf 84' lang='lat' dir='ltr'><strong>fieri</strong></span> <span class='ocrx_word' id='word_1_202' title='bbox 1471 2109 1609 2173; x_wconf 88' lang='lat' dir='ltr'><strong>possem,</strong></span> <span class='ocrx_word' id='word_1_203' title='bbox 1651 2091 1740 2171; x_wconf 91' lang='lat' dir='ltr'><strong>quid-</strong></span> 
     </span>
     <span class='ocr_line' id='line_1_21' title="bbox 387 2179 1743 2264; baseline -0.007 -12"><span class='ocrx_word' id='word_1_204' title='bbox 387 2208 456 2253; x_wconf 86' lang='lat' dir='ltr'><strong>nam</strong></span> <span class='ocrx_word' id='word_1_205' title='bbox 479 2189 510 2250; x_wconf 90' lang='lat' dir='ltr'><strong>in</strong></span> <span class='ocrx_word' id='word_1_206' title='bbox 533 2187 586 2249; x_wconf 92' lang='lat' dir='ltr'><strong>illo</strong></span> <span class='ocrx_word' id='word_1_207' title='bbox 609 2184 809 2264; x_wconf 88' lang='lat' dir='ltr'><strong>Prognostico</strong></span> <span class='ocrx_word' id='word_1_208' title='bbox 833 2184 872 2247; x_wconf 90' lang='lat' dir='ltr'><strong>R.</strong></span> <span class='ocrx_word' id='word_1_209' title='bbox 897 2184 931 2246; x_wconf 84' lang='lat' dir='ltr'><strong>T.</strong></span> <span class='ocrx_word' id='word_1_210' title='bbox 957 2182 1109 2261; x_wconf 89' lang='lat' dir='ltr'><strong>improbet</strong></span> <span class='ocrx_word' id='word_1_211' title='bbox 1132 2183 1260 2263; x_wconf 89' lang='lat' dir='ltr'><strong>quidque</strong></span> <span class='ocrx_word' id='word_1_212' title='bbox 1284 2181 1357 2242; x_wconf 92' lang='lat' dir='ltr'><strong>mihi</strong></span> <span class='ocrx_word' id='word_1_213' title='bbox 1384 2182 1413 2242; x_wconf 93' lang='lat' dir='ltr'><strong>in</strong></span> <span class='ocrx_word' id='word_1_214' title='bbox 1437 2179 1631 2261; x_wconf 90' lang='lat' dir='ltr'><strong>sequentibus</strong></span> <span class='ocrx_word' id='word_1_215' title='bbox 1655 2179 1743 2242; x_wconf 87' lang='lat' dir='ltr'><strong>annis</strong></span> 
     </span>
     <span class='ocr_line' id='line_1_22' title="bbox 318 2268 1740 2352; baseline -0.007 -13"><span class='ocrx_word' id='word_1_216' title='bbox 318 2276 325 2283; x_wconf 83' lang='grc'><em>“</em></span> <span class='ocrx_word' id='word_1_217' title='bbox 386 2277 467 2352; x_wconf 83' lang='lat' dir='ltr'><strong>(Dee</strong></span> <span class='ocrx_word' id='word_1_218' title='bbox 490 2294 537 2337; x_wconf 89' lang='lat' dir='ltr'><strong>me</strong></span> <span class='ocrx_word' id='word_1_219' title='bbox 561 2273 775 2345; x_wconf 84' lang='lat' dir='ltr'><strong>conservante)</strong></span> <span class='ocrx_word' id='word_1_220' title='bbox 798 2272 965 2333; x_wconf 83' lang='lat' dir='ltr'><strong>cavendum</strong></span> <span class='ocrx_word' id='word_1_221' title='bbox 989 2270 1116 2349; x_wconf 87' lang='lat' dir='ltr'><strong>amplius</strong></span> <span class='ocrx_word' id='word_1_222' title='bbox 1139 2271 1188 2332; x_wconf 85' lang='lat' dir='ltr'><strong>sit</strong></span> <span class='ocrx_word' id='word_1_223' title='bbox 1236 2269 1298 2332; x_wconf 90' lang='lat' dir='ltr'><strong>Sed</strong></span> <span class='ocrx_word' id='word_1_224' title='bbox 1321 2270 1361 2332; x_wconf 88' lang='lat' dir='ltr'><strong>R.</strong></span> <span class='ocrx_word' id='word_1_225' title='bbox 1378 2269 1411 2330; x_wconf 90' lang='lat' dir='ltr'><strong>T.</strong></span> <span class='ocrx_word' id='word_1_226' title='bbox 1437 2268 1563 2331; x_wconf 87' lang='lat' dir='ltr'><strong>arbitrio</strong></span> <span class='ocrx_word' id='word_1_227' title='bbox 1586 2269 1740 2347; x_wconf 88' lang='lat' dir='ltr'><strong>permitto,</strong></span> 
     </span>
     <span class='ocr_line' id='line_1_23' title="bbox 386 2356 1742 2437; baseline -0.007 -10"><span class='ocrx_word' id='word_1_228' title='bbox 386 2364 434 2428; x_wconf 90' lang='lat' dir='ltr'><strong>cui</strong></span> <span class='ocrx_word' id='word_1_229' title='bbox 456 2382 525 2426; x_wconf 88' lang='lat' dir='ltr'><strong>mea</strong></span> <span class='ocrx_word' id='word_1_230' title='bbox 548 2361 666 2433; x_wconf 90' lang='lat' dir='ltr'><strong>studia,</strong></span> <span class='ocrx_word' id='word_1_231' title='bbox 699 2378 753 2422; x_wconf 91' lang='lat' dir='ltr'><strong>nos</strong></span> <span class='ocrx_word' id='word_1_232' title='bbox 787 2367 888 2422; x_wconf 89' lang='lat' dir='ltr'><strong>autern</strong></span> <span class='ocrx_word' id='word_1_233' title='bbox 916 2377 1021 2420; x_wconf 90' lang='lat' dir='ltr'><strong>omnes</strong></span> <span class='ocrx_word' id='word_1_234' title='bbox 1053 2366 1086 2419; x_wconf 90' lang='lat' dir='ltr'><strong>et</strong></span> <span class='ocrx_word' id='word_1_235' title='bbox 1108 2366 1297 2437; x_wconf 91' lang='lat' dir='ltr'><strong>utrorumque</strong></span> <span class='ocrx_word' id='word_1_236' title='bbox 1327 2358 1519 2420; x_wconf 89' lang='lat' dir='ltr'><strong>calamitates</strong></span> <span class='ocrx_word' id='word_1_237' title='bbox 1542 2356 1742 2435; x_wconf 83' lang='lat' dir='ltr'><strong>gravissimas</strong></span> 
     </span>
     <span class='ocr_line' id='line_1_24' title="bbox 384 2445 1324 2526; baseline -0.006 -12"><span class='ocrx_word' id='word_1_238' title='bbox 384 2452 451 2514; x_wconf 89' lang='lat' dir='ltr'><strong>Deo</strong></span> <span class='ocrx_word' id='word_1_239' title='bbox 473 2446 754 2513; x_wconf 88' lang='lat' dir='ltr'><strong>misericordissimo</strong></span> <span class='ocrx_word' id='word_1_240' title='bbox 777 2446 952 2508; x_wconf 85' lang='lat' dir='ltr'><strong>ardentibus</strong></span> <span class='ocrx_word' id='word_1_241' title='bbox 975 2445 1115 2526; x_wconf 88' lang='lat' dir='ltr'><strong>precibus</strong></span> <span class='ocrx_word' id='word_1_242' title='bbox 1138 2446 1324 2509; x_wconf 87' lang='lat' dir='ltr'><strong>commendo.</strong></span> 
     </span>
     <span class='ocr_line' id='line_1_25' title="bbox 474 2530 972 2609; baseline -0.01 -8"><span class='ocrx_word' id='word_1_243' title='bbox 474 2535 598 2601; x_wconf 86' lang='lat' dir='ltr'><strong>Graecii</strong></span> <span class='ocrx_word' id='word_1_244' title='bbox 614 2533 664 2601; x_wconf 82' lang='lat' dir='ltr'><strong>to.</strong></span> <span class='ocrx_word' id='word_1_245' title='bbox 682 2531 769 2609; x_wconf 82' lang='lat'><strong>(29.)</strong></span> <span class='ocrx_word' id='word_1_246' title='bbox 784 2532 854 2597; x_wconf 86' lang='lat' dir='ltr'><strong>Oct</strong></span> <span class='ocrx_word' id='word_1_247' title='bbox 879 2530 972 2598; x_wconf 78' lang='grc'><strong>1594.</strong></span> 
     </span>
     <span class='ocr_line' id='line_1_26' title="bbox 1221 2618 1529 2682; baseline -0.003 0"><span class='ocrx_word' id='word_1_248' title='bbox 1221 2618 1424 2682; x_wconf 84' lang='lat' dir='ltr'><strong>Reverentise</strong></span> <span class='ocrx_word' id='word_1_249' title='bbox 1447 2618 1529 2681; x_wconf 73' lang='lat' dir='ltr'><strong>&#39;luae</strong></span> 
     </span>
     <span class='ocr_line' id='line_1_27' title="bbox 1148 2705 1620 2786; baseline 0 -16"><span class='ocrx_word' id='word_1_250' title='bbox 1148 2706 1432 2771; x_wconf 86' lang='lat' dir='ltr'><strong>observantissimus</strong></span> <span class='ocrx_word' id='word_1_251' title='bbox 1456 2705 1620 2786; x_wconf 85' lang='lat' dir='ltr'><strong>discipulus</strong></span> 
     </span>
    </p>
   </div>
   <div class='ocr_carea' id='block_1_3' title="bbox 1247 2793 1522 2877">
    <p class='ocr_par' dir='ltr' id='par_1_3' title="bbox 1247 2793 1522 2877">
     <span class='ocr_line' id='line_1_28' title="bbox 1247 2793 1522 2877; baseline 0 -20"><span class='ocrx_word' id='word_1_252' title='bbox 1247 2795 1293 2857; x_wconf 90' lang='grc' dir='ltr'><strong>Μ.</strong></span> <span class='ocrx_word' id='word_1_253' title='bbox 1317 2795 1370 2859; x_wconf 87' lang='lat' dir='ltr'><strong>Jo.</strong></span> <span class='ocrx_word' id='word_1_254' title='bbox 1393 2793 1522 2877; x_wconf 81' lang='lat' dir='ltr'><strong>Kepler.</strong></span> 
     </span>
    </p>
   </div>
   <div class='ocr_carea' id='block_1_4' title="bbox 382 2946 1770 3507">
    <p class='ocr_par' dir='ltr' id='par_1_4' title="bbox 382 2946 1770 3507">
     <span class='ocr_line' id='line_1_29' title="bbox 391 2946 1770 3017; baseline -0.004 -8"><span class='ocrx_word' id='word_1_255' title='bbox 391 2960 398 2967; x_wconf 89' lang='lat'><em>&#39;</em></span> <span class='ocrx_word' id='word_1_256' title='bbox 455 2954 642 3009; x_wconf 76' lang='lat' dir='ltr'><strong>Solldtudinem</strong></span> <span class='ocrx_word' id='word_1_257' title='bbox 659 2951 763 3017; x_wconf 81' lang='lat' dir='ltr'><strong>Kepleri</strong></span> <span class='ocrx_word' id='word_1_258' title='bbox 781 2952 812 3003; x_wconf 88' lang='lat' dir='ltr'><strong>ob</strong></span> <span class='ocrx_word' id='word_1_259' title='bbox 829 2952 963 3016; x_wconf 84' lang='lat' dir='ltr'><strong>pecuniam</strong></span> <span class='ocrx_word' id='word_1_260' title='bbox 975 2952 1107 3017; x_wconf 71' lang='lat' dir='ltr'><strong>‘l&#39;ublugse</strong></span> <span class='ocrx_word' id='word_1_261' title='bbox 1126 2952 1159 3004; x_wconf 89' lang='lat' dir='ltr'><strong>ad</strong></span> <span class='ocrx_word' id='word_1_262' title='bbox 1176 2954 1224 3003; x_wconf 91' lang='lat' dir='ltr'><strong>iter</strong></span> <span class='ocrx_word' id='word_1_263' title='bbox 1242 2966 1314 3003; x_wconf 81' lang='lat' dir='ltr'><strong>mum</strong></span> <span class='ocrx_word' id='word_1_264' title='bbox 1331 2954 1357 3001; x_wconf 88' lang='lat' dir='ltr'><strong>in</strong></span> <span class='ocrx_word' id='word_1_265' title='bbox 1370 2950 1478 3015; x_wconf 73' lang='lat' dir='ltr'><strong>styriam</strong></span> <span class='ocrx_word' id='word_1_266' title='bbox 1496 2951 1672 3017; x_wconf 81' lang='lat' dir='ltr'><strong>perficiendum</strong></span> <span class='ocrx_word' id='word_1_267' title='bbox 1687 2968 1742 3004; x_wconf 84' lang='lat' dir='ltr'><strong>mu·</strong></span> <span class='ocrx_word' id='word_1_268' title='bbox 1754 2946 1770 2975; x_wconf 69' lang='grc'><em>“</em></span> 
     </span>
     <span class='ocr_line' id='line_1_30' title="bbox 382 3022 1741 3086; baseline -0.004 -7"><span class='ocrx_word' id='word_1_269' title='bbox 382 3035 426 3079; x_wconf 85' lang='lat' dir='ltr'><strong>tuo</strong></span> <span class='ocrx_word' id='word_1_270' title='bbox 444 3032 552 3078; x_wconf 87' lang='lat' dir='ltr'><strong>sumtam</strong></span> <span class='ocrx_word' id='word_1_271' title='bbox 570 3023 717 3075; x_wconf 80' lang='lat' dir='ltr'><strong>Msestliuus</strong></span> <span class='ocrx_word' id='word_1_272' title='bbox 735 3023 773 3073; x_wconf 87' lang='lat' dir='ltr'><strong>hia</strong></span> <span class='ocrx_word' id='word_1_273' title='bbox 792 3023 904 3075; x_wconf 86' lang='lat' dir='ltr'><strong>dirimere</strong></span> <span class='ocrx_word' id='word_1_274' title='bbox 922 3025 1020 3073; x_wconf 87' lang='lat' dir='ltr'><strong>studet:</strong></span> <span class='ocrx_word' id='word_1_275' title='bbox 1044 3023 1084 3073; x_wconf 87' lang='lat' dir='ltr'><strong>De</strong></span> <span class='ocrx_word' id='word_1_276' title='bbox 1103 3022 1135 3073; x_wconf 88' lang='lat' dir='ltr'><strong>D.</strong></span> <span class='ocrx_word' id='word_1_277' title='bbox 1155 3038 1241 3073; x_wconf 79' lang='lat' dir='ltr'><strong>socero</strong></span> <span class='ocrx_word' id='word_1_278' title='bbox 1268 3038 1324 3073; x_wconf 87' lang='lat' dir='ltr'><strong>meo</strong></span> <span class='ocrx_word' id='word_1_279' title='bbox 1343 3037 1406 3086; x_wconf 88' lang='lat' dir='ltr'><strong>quse</strong></span> <span class='ocrx_word' id='word_1_280' title='bbox 1426 3023 1499 3072; x_wconf 82' lang='lat' dir='ltr'><strong>auxie</strong></span> <span class='ocrx_word' id='word_1_281' title='bbox 1518 3023 1624 3074; x_wconf 81' lang='lat' dir='ltr'><strong>seribere</strong></span> <span class='ocrx_word' id='word_1_282' title='bbox 1642 3023 1741 3082; x_wconf 74' lang='lat' dir='ltr'><strong>videns,</strong></span> 
     </span>
     <span class='ocr_line' id='line_1_31' title="bbox 382 3092 1741 3164; baseline -0.004 -15"><span class='ocrx_word' id='word_1_283' title='bbox 382 3100 436 3164; x_wconf 85' lang='lat' dir='ltr'><strong>ipse</strong></span> <span class='ocrx_word' id='word_1_284' title='bbox 452 3111 494 3149; x_wconf 86' lang='lat' dir='ltr'><strong>me</strong></span> <span class='ocrx_word' id='word_1_285' title='bbox 510 3097 657 3160; x_wconf 74' lang='lat' dir='ltr'><strong>respondme</strong></span> <span class='ocrx_word' id='word_1_286' title='bbox 673 3092 752 3156; x_wconf 78' lang='lat' dir='ltr'><strong>jubet,</strong></span> <span class='ocrx_word' id='word_1_287' title='bbox 771 3099 800 3142; x_wconf 85' lang='lat' dir='ltr'><strong>ut</strong></span> <span class='ocrx_word' id='word_1_288' title='bbox 818 3095 901 3144; x_wconf 70' lang='lat' dir='ltr'><strong>ulmo</strong></span> <span class='ocrx_word' id='word_1_289' title='bbox 919 3094 1016 3158; x_wconf 88' lang='lat' dir='ltr'><strong>quietus</strong></span> <span class='ocrx_word' id='word_1_290' title='bbox 1033 3094 1080 3150; x_wconf 85' lang='lat' dir='ltr'><strong>ais;</strong></span> <span class='ocrx_word' id='word_1_291' title='bbox 1100 3100 1127 3144; x_wconf 92' lang='lat' dir='ltr'><strong>te</strong></span> <span class='ocrx_word' id='word_1_292' title='bbox 1145 3093 1256 3145; x_wconf 87' lang='lat' dir='ltr'><strong>enimin</strong></span> <span class='ocrx_word' id='word_1_293' title='bbox 1274 3093 1348 3156; x_wconf 83' lang='lat' dir='ltr'><strong>culpa</strong></span> <span class='ocrx_word' id='word_1_294' title='bbox 1365 3109 1416 3142; x_wconf 90' lang='lat' dir='ltr'><strong>uon</strong></span> <span class='ocrx_word' id='word_1_295' title='bbox 1428 3107 1483 3143; x_wconf 88' lang='lat' dir='ltr'><strong>esse</strong></span> <span class='ocrx_word' id='word_1_296' title='bbox 1504 3094 1602 3151; x_wconf 78' lang='lat' dir='ltr'><strong>assent,</strong></span> <span class='ocrx_word' id='word_1_297' title='bbox 1621 3094 1667 3142; x_wconf 88' lang='lat' dir='ltr'><strong>sed</strong></span> <span class='ocrx_word' id='word_1_298' title='bbox 1685 3108 1741 3143; x_wconf 86' lang='lat' dir='ltr'><strong>eum</strong></span> 
     </span>
     <span class='ocr_line' id='line_1_32' title="bbox 383 3163 1740 3233; baseline -0.003 -15"><span class='ocrx_word' id='word_1_299' title='bbox 383 3170 479 3233; x_wconf 88' lang='lat' dir='ltr'><strong>ipsum,</strong></span> <span class='ocrx_word' id='word_1_300' title='bbox 504 3167 546 3231; x_wconf 85' lang='lat' dir='ltr'><strong>qui</strong></span> <span class='ocrx_word' id='word_1_301' title='bbox 563 3165 696 3229; x_wconf 81' lang='lat' dir='ltr'><strong>pecuniam</strong></span> <span class='ocrx_word' id='word_1_302' title='bbox 713 3170 756 3213; x_wconf 90' lang='lat' dir='ltr'><strong>tuo</strong></span> <span class='ocrx_word' id='word_1_303' title='bbox 774 3165 873 3215; x_wconf 88' lang='lat' dir='ltr'><strong>nomine</strong></span> <span class='ocrx_word' id='word_1_304' title='bbox 891 3164 1022 3214; x_wconf 84' lang='lat' dir='ltr'><strong>restituere</strong></span> <span class='ocrx_word' id='word_1_305' title='bbox 1041 3164 1155 3214; x_wconf 84' lang='lat' dir='ltr'><strong>debebat</strong></span> <span class='ocrx_word' id='word_1_306' title='bbox 1192 3163 1306 3214; x_wconf 86' lang='lat' dir='ltr'><strong>Peounla</strong></span> <span class='ocrx_word' id='word_1_307' title='bbox 1329 3164 1396 3214; x_wconf 87' lang='lat' dir='ltr'><strong>enim</strong></span> <span class='ocrx_word' id='word_1_308' title='bbox 1420 3178 1437 3213; x_wconf 87' lang='lat' dir='ltr'><strong>a</strong></span> <span class='ocrx_word' id='word_1_309' title='bbox 1452 3170 1480 3213; x_wconf 88' lang='lat' dir='ltr'><strong>te</strong></span> <span class='ocrx_word' id='word_1_310' title='bbox 1505 3163 1583 3226; x_wconf 86' lang='lat' dir='ltr'><strong>probs</strong></span> <span class='ocrx_word' id='word_1_311' title='bbox 1599 3164 1677 3214; x_wconf 87' lang='lat' dir='ltr'><strong>missa</strong></span> <span class='ocrx_word' id='word_1_312' title='bbox 1693 3171 1740 3220; x_wconf 82' lang='lat' dir='ltr'><strong>est.</strong></span> 
     </span>
     <span class='ocr_line' id='line_1_33' title="bbox 384 3232 1741 3300; baseline -0.003 -11"><span class='ocrx_word' id='word_1_313' title='bbox 384 3244 413 3289; x_wconf 85' lang='lat' dir='ltr'><strong>at</strong></span> <span class='ocrx_word' id='word_1_314' title='bbox 430 3238 514 3288; x_wconf 85' lang='lat' dir='ltr'><strong>nescio</strong></span> <span class='ocrx_word' id='word_1_315' title='bbox 532 3236 585 3300; x_wconf 88' lang='lat' dir='ltr'><strong>quis</strong></span> <span class='ocrx_word' id='word_1_316' title='bbox 603 3234 653 3291; x_wconf 85' lang='lat' dir='ltr'><strong>ille,</strong></span> <span class='ocrx_word' id='word_1_317' title='bbox 673 3234 699 3282; x_wconf 90' lang='lat' dir='ltr'><strong>iu</strong></span> <span class='ocrx_word' id='word_1_318' title='bbox 718 3235 788 3295; x_wconf 76' lang='lat' dir='ltr'><strong>culus</strong></span> <span class='ocrx_word' id='word_1_319' title='bbox 805 3246 893 3282; x_wconf 88' lang='lat' dir='ltr'><strong>manus</strong></span> <span class='ocrx_word' id='word_1_320' title='bbox 912 3233 1020 3290; x_wconf 83' lang='lat' dir='ltr'><strong>devenit,</strong></span> <span class='ocrx_word' id='word_1_321' title='bbox 1040 3233 1081 3296; x_wconf 91' lang='lat' dir='ltr'><strong>qui</strong></span> <span class='ocrx_word' id='word_1_322' title='bbox 1101 3233 1246 3295; x_wconf 71' lang='lat' dir='ltr'><strong>„paulinas”</strong></span> <span class='ocrx_word' id='word_1_323' title='bbox 1266 3235 1317 3283; x_wconf 77' lang='lat' dir='ltr'><strong>aive</strong></span> <span class='ocrx_word' id='word_1_324' title='bbox 1333 3232 1513 3297; x_wconf 75' lang='lat' dir='ltr'><strong>Hitnohsktpff</strong></span> <span class='ocrx_word' id='word_1_325' title='bbox 1527 3233 1638 3298; x_wconf 67' lang='lat' dir='ltr'><strong>diesque</strong></span> <span class='ocrx_word' id='word_1_326' title='bbox 1656 3249 1741 3285; x_wconf 86' lang='lat' dir='ltr'><strong>mone·</strong></span> 
     </span>
     <span class='ocr_line' id='line_1_34' title="bbox 383 3298 1743 3369; baseline -0.001 -12"><span class='ocrx_word' id='word_1_327' title='bbox 383 3314 424 3357; x_wconf 80' lang='lat' dir='ltr'><strong>tas</strong></span> <span class='ocrx_word' id='word_1_328' title='bbox 443 3304 533 3367; x_wconf 88' lang='lat' dir='ltr'><strong>(uuam</strong></span> <span class='ocrx_word' id='word_1_329' title='bbox 550 3305 627 3353; x_wconf 87' lang='lat' dir='ltr'><strong>etiam</strong></span> <span class='ocrx_word' id='word_1_330' title='bbox 645 3303 781 3364; x_wconf 87' lang='lat' dir='ltr'><strong>improbam</strong></span> <span class='ocrx_word' id='word_1_331' title='bbox 798 3298 909 3366; x_wconf 79' lang='lat' dir='ltr'><strong>penitus)</strong></span> <span class='ocrx_word' id='word_1_332' title='bbox 927 3303 1002 3350; x_wconf 85' lang='lat' dir='ltr'><strong>misit</strong></span> <span class='ocrx_word' id='word_1_333' title='bbox 1038 3302 1132 3351; x_wconf 85' lang='lat' dir='ltr'><strong>Verum</strong></span> <span class='ocrx_word' id='word_1_334' title='bbox 1151 3304 1215 3366; x_wconf 89' lang='lat' dir='ltr'><strong>quod</strong></span> <span class='ocrx_word' id='word_1_335' title='bbox 1234 3303 1267 3353; x_wconf 89' lang='lat' dir='ltr'><strong>ad</strong></span> <span class='ocrx_word' id='word_1_336' title='bbox 1285 3310 1310 3352; x_wconf 91' lang='lat' dir='ltr'><strong>te</strong></span> <span class='ocrx_word' id='word_1_337' title='bbox 1330 3305 1429 3362; x_wconf 69' lang='lat' dir='ltr'><strong>uuest,</strong></span> <span class='ocrx_word' id='word_1_338' title='bbox 1448 3311 1473 3353; x_wconf 90' lang='lat' dir='ltr'><strong>te</strong></span> <span class='ocrx_word' id='word_1_339' title='bbox 1490 3305 1649 3354; x_wconf 85' lang='lat' dir='ltr'><strong>innocentem</strong></span> <span class='ocrx_word' id='word_1_340' title='bbox 1667 3318 1743 3369; x_wconf 83' lang='lat' dir='ltr'><strong>prse-</strong></span> 
     </span>
     <span class='ocr_line' id='line_1_35' title="bbox 384 3371 1741 3492; baseline -0.001 -65"><span class='ocrx_word' id='word_1_341' title='bbox 384 3377 454 3427; x_wconf 88' lang='lat' dir='ltr'><strong>dieat</strong></span> <span class='ocrx_word' id='word_1_342' title='bbox 470 3373 634 3492; x_wconf 48' lang='grc' dir='ltr'>ιὶδίᾳιιοωῖῐοὶἰ</span> <span class='ocrx_word' id='word_1_343' title='bbox 649 3377 795 3432; x_wconf 84' lang='lat' dir='ltr'><strong>mooenset,</strong></span> <span class='ocrx_word' id='word_1_344' title='bbox 826 3371 890 3421; x_wconf 84' lang='lat' dir='ltr'><strong>adeo</strong></span> <span class='ocrx_word' id='word_1_345' title='bbox 909 3376 937 3420; x_wconf 89' lang='lat' dir='ltr'><strong>ut</strong></span> <span class='ocrx_word' id='word_1_346' title='bbox 955 3385 1002 3421; x_wconf 88' lang='lat' dir='ltr'><strong>nee</strong></span> <span class='ocrx_word' id='word_1_347' title='bbox 1019 3372 1116 3435; x_wconf 84' lang='lat' dir='ltr'><strong>prolixa</strong></span> <span class='ocrx_word' id='word_1_348' title='bbox 1134 3374 1293 3424; x_wconf 78' lang='lat' dir='ltr'><strong>excusatime</strong></span> <span class='ocrx_word' id='word_1_349' title='bbox 1312 3374 1345 3423; x_wconf 88' lang='lat' dir='ltr'><strong>ad</strong></span> <span class='ocrx_word' id='word_1_350' title='bbox 1363 3376 1457 3437; x_wconf 84' lang='lat' dir='ltr'><strong>ipsum,</strong></span> <span class='ocrx_word' id='word_1_351' title='bbox 1483 3388 1529 3425; x_wconf 88' lang='lat' dir='ltr'><strong>nec</strong></span> <span class='ocrx_word' id='word_1_352' title='bbox 1547 3389 1605 3425; x_wconf 87' lang='lat' dir='ltr'><strong>mea</strong></span> <span class='ocrx_word' id='word_1_353' title='bbox 1622 3377 1741 3426; x_wconf 62' lang='lat' dir='ltr'><strong>marces·</strong></span> 
     </span>
     <span class='ocr_line' id='line_1_36' title="bbox 383 3447 535 3507; baseline -0.026 -11"><span class='ocrx_word' id='word_1_354' title='bbox 383 3447 455 3496; x_wconf 89' lang='lat' dir='ltr'><strong>slone</strong></span> <span class='ocrx_word' id='word_1_355' title='bbox 473 3457 535 3507; x_wconf 90' lang='lat' dir='ltr'><strong>opus</strong></span> 
     </span>
    </p>
   </div>
   <div class='ocr_carea' id='block_1_5' title="bbox 384 3528 1741 3734">
    <p class='ocr_par' dir='ltr' id='par_1_5' title="bbox 384 3528 1741 3734">
     <span class='ocr_line' id='line_1_37' title="bbox 455 3528 1741 3599; baseline 0.005 -20"><span class='ocrx_word' id='word_1_356' title='bbox 455 3530 590 3594; x_wconf 84' lang='lat' dir='ltr'><strong>Keplerum</strong></span> <span class='ocrx_word' id='word_1_357' title='bbox 615 3528 693 3592; x_wconf 81' lang='lat' dir='ltr'><strong>pruno</strong></span> <span class='ocrx_word' id='word_1_358' title='bbox 720 3533 830 3590; x_wconf 80' lang='lat' dir='ltr'><strong>tempere</strong></span> <span class='ocrx_word' id='word_1_359' title='bbox 857 3543 905 3592; x_wconf 88' lang='lat' dir='ltr'><strong>quo</strong></span> <span class='ocrx_word' id='word_1_360' title='bbox 924 3528 1031 3579; x_wconf 74' lang='lat' dir='ltr'><strong>(iraetlls</strong></span> <span class='ocrx_word' id='word_1_361' title='bbox 1050 3528 1173 3595; x_wconf 76' lang='lat' dir='ltr'><strong>degebat,</strong></span> <span class='ocrx_word' id='word_1_362' title='bbox 1198 3530 1261 3581; x_wconf 84' lang='lat' dir='ltr'><strong>torte</strong></span> <span class='ocrx_word' id='word_1_363' title='bbox 1284 3533 1338 3594; x_wconf 76' lang='lat' dir='ltr'><strong>jam</strong></span> <span class='ocrx_word' id='word_1_364' title='bbox 1362 3531 1492 3598; x_wconf 83' lang='lat' dir='ltr'><strong>Tublngae</strong></span> <span class='ocrx_word' id='word_1_365' title='bbox 1511 3532 1665 3599; x_wconf 83' lang='lat' dir='ltr'><strong>astrologicis</strong></span> <span class='ocrx_word' id='word_1_366' title='bbox 1682 3534 1741 3584; x_wconf 88' lang='lat' dir='ltr'><strong>lusi-</strong></span> 
     </span>
     <span class='ocr_line' id='line_1_38' title="bbox 385 3597 1741 3667; baseline -0.004 -16"><span class='ocrx_word' id='word_1_367' title='bbox 385 3603 431 3651; x_wconf 89' lang='lat' dir='ltr'><strong>bus</strong></span> <span class='ocrx_word' id='word_1_368' title='bbox 457 3607 554 3663; x_wconf 88' lang='lat' dir='ltr'><strong>tempus</strong></span> <span class='ocrx_word' id='word_1_369' title='bbox 572 3599 668 3655; x_wconf 78' lang='lat' dir='ltr'><strong>trivisse</strong></span> <span class='ocrx_word' id='word_1_370' title='bbox 695 3611 726 3647; x_wconf 81' lang='lat' dir='ltr'><strong>ex</strong></span> <span class='ocrx_word' id='word_1_371' title='bbox 749 3597 787 3648; x_wconf 87' lang='lat' dir='ltr'><strong>lris</strong></span> <span class='ocrx_word' id='word_1_372' title='bbox 812 3599 885 3649; x_wconf 84' lang='lat' dir='ltr'><strong>amici</strong></span> <span class='ocrx_word' id='word_1_373' title='bbox 910 3598 999 3648; x_wconf 80' lang='lat' dir='ltr'><strong>Christ.</strong></span> <span class='ocrx_word' id='word_1_374' title='bbox 1020 3597 1200 3666; x_wconf 81' lang='lat' dir='ltr'><strong>Ortbolplri,</strong></span> <span class='ocrx_word' id='word_1_375' title='bbox 1225 3607 1278 3651; x_wconf 88' lang='lat' dir='ltr'><strong>tum</strong></span> <span class='ocrx_word' id='word_1_376' title='bbox 1302 3604 1418 3667; x_wconf 83' lang='lat' dir='ltr'><strong>temporie</strong></span> <span class='ocrx_word' id='word_1_377' title='bbox 1443 3604 1611 3667; x_wconf 85' lang='lat' dir='ltr'><strong>praeceptoris</strong></span> <span class='ocrx_word' id='word_1_378' title='bbox 1635 3605 1661 3654; x_wconf 78' lang='lat' dir='ltr'><strong>ln</strong></span> <span class='ocrx_word' id='word_1_379' title='bbox 1688 3620 1741 3655; x_wconf 68' lang='lat' dir='ltr'><strong>mo.</strong></span> 
     </span>
     <span class='ocr_line' id='line_1_39' title="bbox 384 3666 1325 3734; baseline -0.009 -12"><span class='ocrx_word' id='word_1_380' title='bbox 384 3671 493 3722; x_wconf 75' lang='lat' dir='ltr'><strong>anterio</strong></span> <span class='ocrx_word' id='word_1_381' title='bbox 511 3668 674 3727; x_wconf 76' lang='lat' dir='ltr'><strong>Hlnavlensi,</strong></span> <span class='ocrx_word' id='word_1_382' title='bbox 693 3666 770 3718; x_wconf 85' lang='lat' dir='ltr'><strong>literis</strong></span> <span class='ocrx_word' id='word_1_383' title='bbox 785 3670 877 3732; x_wconf 81' lang='lat' dir='ltr'><strong>Jooosls</strong></span> <span class='ocrx_word' id='word_1_384' title='bbox 895 3675 982 3734; x_wconf 89' lang='lat' dir='ltr'><strong>patet:</strong></span> <span class='ocrx_word' id='word_1_385' title='bbox 1316 3689 1325 3701; x_wconf 88' lang='lat'><strong>·</strong></span> 
     </span>
    </p>
   </div>
   <div class='ocr_carea' id='block_1_6' title="bbox 377 3764 1744 4818">
    <p class='ocr_par' dir='ltr' id='par_1_6' title="bbox 377 3764 1744 4818">
     <span class='ocr_line' id='line_1_40' title="bbox 457 3764 1743 3834; baseline 0.005 -18"><span class='ocrx_word' id='word_1_386' title='bbox 457 3801 465 3816; x_wconf 95' lang='lat'><strong>.</strong></span> <span class='ocrx_word' id='word_1_387' title='bbox 485 3802 492 3816; x_wconf 94' lang='lat'><strong>.</strong></span> <span class='ocrx_word' id='word_1_388' title='bbox 513 3802 520 3815; x_wconf 96' lang='lat'><strong>.</strong></span> <span class='ocrx_word' id='word_1_389' title='bbox 537 3765 579 3817; x_wconf 86' lang='lat' dir='ltr'><strong>De</strong></span> <span class='ocrx_word' id='word_1_390' title='bbox 595 3764 659 3816; x_wconf 85' lang='lat' dir='ltr'><strong>hora</strong></span> <span class='ocrx_word' id='word_1_391' title='bbox 676 3764 818 3815; x_wconf 64' lang='lat' dir='ltr'><strong>antinous</strong></span> <span class='ocrx_word' id='word_1_392' title='bbox 834 3778 908 3817; x_wconf 87' lang='lat' dir='ltr'><strong>meae</strong></span> <span class='ocrx_word' id='word_1_393' title='bbox 925 3780 976 3816; x_wconf 85' lang='lat' dir='ltr'><strong>nen</strong></span> <span class='ocrx_word' id='word_1_394' title='bbox 996 3772 1047 3823; x_wconf 87' lang='lat' dir='ltr'><strong>eat,</strong></span> <span class='ocrx_word' id='word_1_395' title='bbox 1066 3766 1131 3830; x_wconf 89' lang='lat' dir='ltr'><strong>qued</strong></span> <span class='ocrx_word' id='word_1_396' title='bbox 1148 3767 1231 3817; x_wconf 86' lang='lat' dir='ltr'><strong>multis</strong></span> <span class='ocrx_word' id='word_1_397' title='bbox 1250 3769 1388 3833; x_wconf 72' lang='lat' dir='ltr'><strong>ambigam</strong></span> <span class='ocrx_word' id='word_1_398' title='bbox 1412 3770 1472 3820; x_wconf 85' lang='lat' dir='ltr'><strong>mihi</strong></span> <span class='ocrx_word' id='word_1_399' title='bbox 1489 3769 1591 3834; x_wconf 85' lang='lat' dir='ltr'><strong>perinde</strong></span> <span class='ocrx_word' id='word_1_400' title='bbox 1609 3777 1657 3821; x_wconf 81' lang='lat' dir='ltr'><strong>est</strong></span> <span class='ocrx_word' id='word_1_401' title='bbox 1693 3771 1743 3823; x_wconf 79' lang='lat' dir='ltr'><strong>Es·</strong></span> 
     </span>
     <span class='ocr_line' id='line_1_41' title="bbox 377 3825 1743 3909; baseline 0.003 -21"><span class='ocrx_word' id='word_1_402' title='bbox 377 3842 472 3909; x_wconf 67' lang='lat' dir='ltr'><strong>¹specto</strong></span> <span class='ocrx_word' id='word_1_403' title='bbox 489 3835 625 3887; x_wconf 82' lang='lat' dir='ltr'><strong>Dominum</strong></span> <span class='ocrx_word' id='word_1_404' title='bbox 643 3834 702 3885; x_wconf 88' lang='lat' dir='ltr'><strong>dum</strong></span> <span class='ocrx_word' id='word_1_405' title='bbox 719 3834 805 3885; x_wconf 85' lang='lat' dir='ltr'><strong>veniat</strong></span> <span class='ocrx_word' id='word_1_406' title='bbox 823 3842 851 3886; x_wconf 88' lang='lat' dir='ltr'><strong>et</strong></span> <span class='ocrx_word' id='word_1_407' title='bbox 867 3850 908 3887; x_wconf 88' lang='lat' dir='ltr'><strong>me</strong></span> <span class='ocrx_word' id='word_1_408' title='bbox 926 3844 1077 3900; x_wconf 83' lang='lat' dir='ltr'><strong>promoveat,</strong></span> <span class='ocrx_word' id='word_1_409' title='bbox 1097 3843 1230 3895; x_wconf 73' lang='lat' dir='ltr'><strong>remoram,</strong></span> <span class='ocrx_word' id='word_1_410' title='bbox 1251 3838 1283 3887; x_wconf 91' lang='lat' dir='ltr'><strong>ad</strong></span> <span class='ocrx_word' id='word_1_411' title='bbox 1301 3853 1328 3888; x_wconf 88' lang='lat' dir='ltr'><strong>se</strong></span> <span class='ocrx_word' id='word_1_412' title='bbox 1348 3846 1444 3889; x_wconf 76' lang='lat' dir='ltr'><strong>avocet.</strong></span> <span class='ocrx_word' id='word_1_413' title='bbox 1464 3875 1471 3889; x_wconf 99' lang='lat'><strong>.</strong></span> <span class='ocrx_word' id='word_1_414' title='bbox 1492 3874 1498 3888; x_wconf 94' lang='lat'><strong>.</strong></span> <span class='ocrx_word' id='word_1_415' title='bbox 1518 3875 1524 3889; x_wconf 94' lang='lat'><strong>.</strong></span> <span class='ocrx_word' id='word_1_416' title='bbox 1553 3825 1619 3900; x_wconf 76' lang='lat' dir='ltr'><strong>Quid</strong></span> <span class='ocrx_word' id='word_1_417' title='bbox 1635 3835 1693 3892; x_wconf 77' lang='lat' dir='ltr'><strong>‘vero</strong></span> <span class='ocrx_word' id='word_1_418' title='bbox 1711 3843 1743 3892; x_wconf 88' lang='lat' dir='ltr'><strong>de</strong></span> 
     </span>
     <span class='ocr_line' id='line_1_42' title="bbox 385 3905 1742 3974; baseline 0.004 -16"><span class='ocrx_word' id='word_1_419' title='bbox 385 3915 412 3959; x_wconf 91' lang='lat' dir='ltr'><strong>te</strong></span> <span class='ocrx_word' id='word_1_420' title='bbox 430 3908 545 3968; x_wconf 69' lang='lat' dir='ltr'><strong>sentam,</strong></span> <span class='ocrx_word' id='word_1_421' title='bbox 564 3920 637 3971; x_wconf 60' lang='lat' dir='ltr'><strong>meur</strong></span> <span class='ocrx_word' id='word_1_422' title='bbox 656 3918 686 3955; x_wconf 89' lang='lat' dir='ltr'><strong>eo</strong></span> <span class='ocrx_word' id='word_1_423' title='bbox 705 3905 854 3955; x_wconf 68' lang='lat' dir='ltr'><strong>maritatis</strong></span> <span class='ocrx_word' id='word_1_424' title='bbox 872 3907 1021 3970; x_wconf 80' lang='lat' dir='ltr'><strong>processisse</strong></span> <span class='ocrx_word' id='word_1_425' title='bbox 1039 3908 1124 3965; x_wconf 80' lang='lat' dir='ltr'><strong>video,</strong></span> <span class='ocrx_word' id='word_1_426' title='bbox 1142 3914 1172 3957; x_wconf 88' lang='lat' dir='ltr'><strong>ut</strong></span> <span class='ocrx_word' id='word_1_427' title='bbox 1189 3922 1219 3957; x_wconf 84' lang='lat' dir='ltr'><strong>ex</strong></span> <span class='ocrx_word' id='word_1_428' title='bbox 1237 3910 1310 3957; x_wconf 86' lang='lat' dir='ltr'><strong>astris</strong></span> <span class='ocrx_word' id='word_1_429' title='bbox 1325 3909 1439 3971; x_wconf 78' lang='lat' dir='ltr'><strong>judicare</strong></span> <span class='ocrx_word' id='word_1_430' title='bbox 1457 3911 1560 3967; x_wconf 70' lang='lat' dir='ltr'><strong>nitatur,</strong></span> <span class='ocrx_word' id='word_1_431' title='bbox 1578 3911 1637 3974; x_wconf 84' lang='lat' dir='ltr'><strong>qnid</strong></span> <span class='ocrx_word' id='word_1_432' title='bbox 1654 3911 1742 3963; x_wconf 83' lang='lat' dir='ltr'><strong>doctu·</strong></span> 
     </span>
     <span class='ocr_line' id='line_1_43' title="bbox 384 3975 1742 4047; baseline 0.004 -19"><span class='ocrx_word' id='word_1_433' title='bbox 384 3992 426 4028; x_wconf 88' lang='lat' dir='ltr'><strong>rus</strong></span> <span class='ocrx_word' id='word_1_434' title='bbox 443 3979 491 4027; x_wconf 82' lang='grc' dir='ltr'>ιίιιι</span> <span class='ocrx_word' id='word_1_435' title='bbox 507 3978 534 4027; x_wconf 85' lang='lat' dir='ltr'><strong>iu</strong></span> <span class='ocrx_word' id='word_1_436' title='bbox 552 3976 660 4028; x_wconf 77' lang='lat' dir='ltr'><strong>eoeleste</strong></span> <span class='ocrx_word' id='word_1_437' title='bbox 676 3982 704 4025; x_wconf 88' lang='lat' dir='ltr'><strong>et</strong></span> <span class='ocrx_word' id='word_1_438' title='bbox 720 3978 747 4025; x_wconf 89' lang='lat' dir='ltr'><strong>tn</strong></span> <span class='ocrx_word' id='word_1_439' title='bbox 765 3990 812 4040; x_wconf 88' lang='lat' dir='ltr'><strong>quo</strong></span> <span class='ocrx_word' id='word_1_440' title='bbox 831 3976 935 4026; x_wconf 69' lang='lat' dir='ltr'><strong>artemo</strong></span> <span class='ocrx_word' id='word_1_441' title='bbox 947 3983 1104 4040; x_wconf 64' lang='lat' dir='ltr'><strong>metaturus.</strong></span> <span class='ocrx_word' id='word_1_442' title='bbox 1142 3975 1214 4037; x_wconf 83' lang='lat' dir='ltr'><strong>Quae</strong></span> <span class='ocrx_word' id='word_1_443' title='bbox 1231 3977 1354 4029; x_wconf 75' lang='lat' dir='ltr'><strong>baetems</strong></span> <span class='ocrx_word' id='word_1_444' title='bbox 1374 3979 1434 4028; x_wconf 86' lang='lat' dir='ltr'><strong>mihi</strong></span> <span class='ocrx_word' id='word_1_445' title='bbox 1446 3980 1611 4043; x_wconf 82' lang='lat' dir='ltr'><strong>praedixeras,</strong></span> <span class='ocrx_word' id='word_1_446' title='bbox 1630 3985 1742 4047; x_wconf 89' lang='lat' dir='ltr'><strong>seoiple·</strong></span> 
     </span>
     <span class='ocr_line' id='line_1_44' title="bbox 383 4046 1744 4115; baseline 0.005 -17"><span class='ocrx_word' id='word_1_447' title='bbox 383 4048 443 4098; x_wconf 83' lang='lat' dir='ltr'><strong>ban</strong></span> <span class='ocrx_word' id='word_1_448' title='bbox 466 4053 587 4112; x_wconf 75' lang='lat' dir='ltr'><strong>tanqum</strong></span> <span class='ocrx_word' id='word_1_449' title='bbox 611 4047 721 4102; x_wconf 78' lang='lat' dir='ltr'><strong>monitu.</strong></span> <span class='ocrx_word' id='word_1_450' title='bbox 747 4052 776 4096; x_wconf 89' lang='lat' dir='ltr'><strong>ut</strong></span> <span class='ocrx_word' id='word_1_451' title='bbox 799 4046 844 4096; x_wconf 85' lang='lat' dir='ltr'><strong>ills</strong></span> <span class='ocrx_word' id='word_1_452' title='bbox 860 4060 982 4098; x_wconf 66' lang='lat' dir='ltr'><strong>armam.</strong></span> <span class='ocrx_word' id='word_1_453' title='bbox 1020 4047 1365 4110; x_wconf 67' lang='lat' dir='ltr'><strong>preeuntemprssdlxem</strong></span> <span class='ocrx_word' id='word_1_454' title='bbox 1388 4056 1415 4099; x_wconf 93' lang='lat' dir='ltr'><strong>et</strong></span> <span class='ocrx_word' id='word_1_455' title='bbox 1436 4050 1523 4115; x_wconf 77' lang='lat' dir='ltr'><strong>jugulo</strong></span> <span class='ocrx_word' id='word_1_456' title='bbox 1545 4052 1681 4115; x_wconf 84' lang='lat' dir='ltr'><strong>periculum</strong></span> <span class='ocrx_word' id='word_1_457' title='bbox 1712 4068 1744 4105; x_wconf 77' lang='lat' dir='ltr'><strong>ex</strong></span> 
     </span>
     <span class='ocr_line' id='line_1_45' title="bbox 386 4115 1743 4183; baseline 0.004 -15"><span class='ocrx_word' id='word_1_458' title='bbox 386 4118 492 4169; x_wconf 78' lang='lat' dir='ltr'><strong>nemus</strong></span> <span class='ocrx_word' id='word_1_459' title='bbox 508 4118 618 4183; x_wconf 82' lang='lat' dir='ltr'><strong>linguae.</strong></span> <span class='ocrx_word' id='word_1_460' title='bbox 655 4115 751 4166; x_wconf 84' lang='lat' dir='ltr'><strong>Malum</strong></span> <span class='ocrx_word' id='word_1_461' title='bbox 776 4123 805 4165; x_wconf 91' lang='lat' dir='ltr'><strong>ut</strong></span> <span class='ocrx_word' id='word_1_462' title='bbox 822 4129 937 4168; x_wconf 84' lang='lat' dir='ltr'><strong>caverem</strong></span> <span class='ocrx_word' id='word_1_463' title='bbox 962 4124 989 4167; x_wconf 87' lang='lat' dir='ltr'><strong>et</strong></span> <span class='ocrx_word' id='word_1_464' title='bbox 1006 4119 1124 4168; x_wconf 78' lang='lat' dir='ltr'><strong>vanitatis</strong></span> <span class='ocrx_word' id='word_1_465' title='bbox 1143 4118 1294 4183; x_wconf 58' lang='lat' dir='ltr'><strong>analogum</strong></span> <span class='ocrx_word' id='word_1_466' title='bbox 1317 4125 1348 4169; x_wconf 91' lang='lat' dir='ltr'><strong>ut</strong></span> <span class='ocrx_word' id='word_1_467' title='bbox 1366 4120 1551 4176; x_wconf 81' lang='lat' dir='ltr'><strong>convincerem.</strong></span> <span class='ocrx_word' id='word_1_468' title='bbox 1579 4121 1613 4173; x_wconf 84' lang='lat' dir='ltr'><strong>ad</strong></span> <span class='ocrx_word' id='word_1_469' title='bbox 1629 4124 1743 4175; x_wconf 75' lang='lat' dir='ltr'><strong>sudem</strong></span> 
     </span>
     <span class='ocr_line' id='line_1_46' title="bbox 384 4184 1744 4253; baseline 0.007 -16"><span class='ocrx_word' id='word_1_470' title='bbox 384 4202 462 4253; x_wconf 83' lang='lat' dir='ltr'><strong>usque</strong></span> <span class='ocrx_word' id='word_1_471' title='bbox 479 4189 549 4238; x_wconf 79' lang='lat' dir='ltr'><strong>taem</strong></span> <span class='ocrx_word' id='word_1_472' title='bbox 566 4187 719 4251; x_wconf 76' lang='lat' dir='ltr'><strong>saepissime.</strong></span> <span class='ocrx_word' id='word_1_473' title='bbox 756 4184 889 4245; x_wconf 77' lang='lat' dir='ltr'><strong>Monulstl,</strong></span> <span class='ocrx_word' id='word_1_474' title='bbox 919 4202 1034 4237; x_wconf 74' lang='lat' dir='ltr'><strong>eavemm</strong></span> <span class='ocrx_word' id='word_1_475' title='bbox 1058 4186 1181 4237; x_wconf 81' lang='lat' dir='ltr'><strong>veneticis</strong></span> <span class='ocrx_word' id='word_1_476' title='bbox 1206 4194 1232 4238; x_wconf 87' lang='lat' dir='ltr'><strong>st</strong></span> <span class='ocrx_word' id='word_1_477' title='bbox 1248 4189 1379 4240; x_wconf 80' lang='lat' dir='ltr'><strong>illecebras</strong></span> <span class='ocrx_word' id='word_1_478' title='bbox 1404 4190 1542 4253; x_wconf 75' lang='lat' dir='ltr'><strong>puellares:</strong></span> <span class='ocrx_word' id='word_1_479' title='bbox 1571 4193 1603 4243; x_wconf 82' lang='lat' dir='ltr'><strong>ab</strong></span> <span class='ocrx_word' id='word_1_480' title='bbox 1621 4192 1659 4243; x_wconf 83' lang='lat' dir='ltr'><strong>hle</strong></span> <span class='ocrx_word' id='word_1_481' title='bbox 1677 4195 1744 4246; x_wconf 75' lang='lat' dir='ltr'><strong>emm</strong></span> 
     </span>
     <span class='ocr_line' id='line_1_47' title="bbox 383 4255 1744 4329; baseline 0.006 -21"><span class='ocrx_word' id='word_1_482' title='bbox 383 4273 424 4308; x_wconf 86' lang='lat' dir='ltr'><strong>me</strong></span> <span class='ocrx_word' id='word_1_483' title='bbox 443 4257 561 4308; x_wconf 83' lang='lat' dir='ltr'><strong>damnum</strong></span> <span class='ocrx_word' id='word_1_484' title='bbox 580 4262 748 4321; x_wconf 81' lang='lat' dir='ltr'><strong>accepturum.</strong></span> <span class='ocrx_word' id='word_1_485' title='bbox 784 4256 901 4313; x_wconf 65' lang='lat' dir='ltr'><strong>abstinui</strong></span> <span class='ocrx_word' id='word_1_486' title='bbox 924 4258 957 4308; x_wconf 89' lang='lat' dir='ltr'><strong>ad</strong></span> <span class='ocrx_word' id='word_1_487' title='bbox 976 4259 1081 4309; x_wconf 72' lang='lat' dir='ltr'><strong>audem</strong></span> <span class='ocrx_word' id='word_1_488' title='bbox 1106 4255 1138 4307; x_wconf 90' lang='lat' dir='ltr'><strong>ab</strong></span> <span class='ocrx_word' id='word_1_489' title='bbox 1157 4259 1224 4307; x_wconf 86' lang='lat' dir='ltr'><strong>omni</strong></span> <span class='ocrx_word' id='word_1_490' title='bbox 1241 4260 1381 4317; x_wconf 84' lang='lat' dir='ltr'><strong>esculento,</strong></span> <span class='ocrx_word' id='word_1_491' title='bbox 1407 4261 1472 4324; x_wconf 86' lang='lat' dir='ltr'><strong>qnod</strong></span> <span class='ocrx_word' id='word_1_492' title='bbox 1495 4261 1559 4311; x_wconf 87' lang='lat' dir='ltr'><strong>milri</strong></span> <span class='ocrx_word' id='word_1_493' title='bbox 1585 4276 1602 4312; x_wconf 87' lang='lat' dir='ltr'><strong>a</strong></span> <span class='ocrx_word' id='word_1_494' title='bbox 1625 4271 1744 4329; x_wconf 85' lang='lat' dir='ltr'><strong>suspects</strong></span> 
     </span>
     <span class='ocr_line' id='line_1_48' title="bbox 383 4325 1743 4465; baseline 0.005 -17"><span class='ocrx_word' id='word_1_495' title='bbox 383 4325 1229 4460; x_wconf 51' lang='lat' dir='ltr'><strong>wmafflffldfflaiiiiid</strong></span> <span class='ocrx_word' id='word_1_496' title='bbox 1246 4330 1580 4465; x_wconf 63' lang='grc' dir='ltr'><strong>333333..33οιιῑιῐαῐῃῖ</strong></span> <span class='ocrx_word' id='word_1_497' title='bbox 1579 4333 1688 4455; x_wconf 49' lang='lat' dir='ltr'><strong>&#39;‘fii-i</strong></span> <span class='ocrx_word' id='word_1_498' title='bbox 1713 4340 1743 4385; x_wconf 78' lang='lat'><strong>¹¹¹</strong></span> 
     </span>
     <span class='ocr_line' id='line_1_49' title="bbox 385 4419 1742 4537; baseline 0.007 -20"><span class='ocrx_word' id='word_1_499' title='bbox 385 4473 412 4517; x_wconf 88' lang='lat' dir='ltr'><strong>et</strong></span> <span class='ocrx_word' id='word_1_500' title='bbox 437 4466 463 4517; x_wconf 89' lang='lat' dir='ltr'><strong>ld</strong></span> <span class='ocrx_word' id='word_1_501' title='bbox 480 4466 601 4524; x_wconf 69' lang='lat' dir='ltr'><strong>manda,</strong></span> <span class='ocrx_word' id='word_1_502' title='bbox 628 4472 657 4515; x_wconf 89' lang='lat' dir='ltr'><strong>ut</strong></span> <span class='ocrx_word' id='word_1_503' title='bbox 674 4480 771 4517; x_wconf 73' lang='lat' dir='ltr'><strong>msaem</strong></span> <span class='ocrx_word' id='word_1_504' title='bbox 795 4466 901 4530; x_wconf 80' lang='lat' dir='ltr'><strong>posthac</strong></span> <span class='ocrx_word' id='word_1_505' title='bbox 926 4468 973 4517; x_wconf 84' lang='lat' dir='ltr'><strong>tibi</strong></span> <span class='ocrx_word' id='word_1_506' title='bbox 991 4481 1098 4518; x_wconf 72' lang='lat' dir='ltr'><strong>errem</strong></span> <span class='ocrx_word' id='word_1_507' title='bbox 1125 4468 1293 4532; x_wconf 86' lang='lat' dir='ltr'><strong>opprobrare‘l</strong></span> <span class='ocrx_word' id='word_1_508' title='bbox 1321 4476 1350 4519; x_wconf 88' lang='lat' dir='ltr'><strong>nt</strong></span> <span class='ocrx_word' id='word_1_509' title='bbox 1368 4472 1451 4521; x_wconf 84' lang='lat' dir='ltr'><strong>dicam</strong></span> <span class='ocrx_word' id='word_1_510' title='bbox 1474 4479 1502 4523; x_wconf 87' lang='lat' dir='ltr'><strong>te</strong></span> <span class='ocrx_word' id='word_1_511' title='bbox 1520 4488 1570 4524; x_wconf 89' lang='lat' dir='ltr'><strong>nou</strong></span> <span class='ocrx_word' id='word_1_512' title='bbox 1593 4475 1671 4537; x_wconf 86' lang='lat' dir='ltr'><strong>primo</strong></span> <span class='ocrx_word' id='word_1_513' title='bbox 1688 4419 1742 4526; x_wconf 46' lang='grc' dir='ltr'><strong>ἕ</strong></span> 
     </span>
     <span class='ocr_line' id='line_1_50' title="bbox 383 4535 1742 4603; baseline 0.007 -16"><span class='ocrx_word' id='word_1_514' title='bbox 383 4542 468 4587; x_wconf 82' lang='lat' dir='ltr'><strong>moute</strong></span> <span class='ocrx_word' id='word_1_515' title='bbox 487 4536 613 4585; x_wconf 86' lang='lat' dir='ltr'><strong>delibatas</strong></span> <span class='ocrx_word' id='word_1_516' title='bbox 631 4535 789 4585; x_wconf 85' lang='lat' dir='ltr'><strong>astrolatrise</strong></span> <span class='ocrx_word' id='word_1_517' title='bbox 807 4536 943 4600; x_wconf 86' lang='lat' dir='ltr'><strong>perlectum</strong></span> <span class='ocrx_word' id='word_1_518' title='bbox 962 4536 1039 4588; x_wconf 83' lang='lat' dir='ltr'><strong>iulsse</strong></span> <span class='ocrx_word' id='word_1_519' title='bbox 1058 4544 1084 4589; x_wconf 89' lang='lat' dir='ltr'><strong>et</strong></span> <span class='ocrx_word' id='word_1_520' title='bbox 1102 4536 1135 4587; x_wconf 87' lang='lat' dir='ltr'><strong>ad</strong></span> <span class='ocrx_word' id='word_1_521' title='bbox 1152 4545 1304 4590; x_wconf 87' lang='lat' dir='ltr'><strong>momentum</strong></span> <span class='ocrx_word' id='word_1_522' title='bbox 1323 4539 1387 4590; x_wconf 84' lang='lat' dir='ltr'><strong>Solis</strong></span> <span class='ocrx_word' id='word_1_523' title='bbox 1405 4541 1436 4590; x_wconf 90' lang='lat' dir='ltr'><strong>de</strong></span> <span class='ocrx_word' id='word_1_524' title='bbox 1454 4557 1528 4592; x_wconf 83' lang='lat' dir='ltr'><strong>mane</strong></span> <span class='ocrx_word' id='word_1_525' title='bbox 1547 4544 1691 4603; x_wconf 85' lang='lat' dir='ltr'><strong>occidentis,</strong></span> <span class='ocrx_word' id='word_1_526' title='bbox 1709 4545 1742 4597; x_wconf 87' lang='lat' dir='ltr'><strong>de</strong></span> 
     </span>
     <span class='ocr_line' id='line_1_51' title="bbox 383 4605 1742 4677; baseline 0.008 -22"><span class='ocrx_word' id='word_1_527' title='bbox 383 4611 458 4657; x_wconf 70' lang='grc' dir='ltr'>ιιοαο</span> <span class='ocrx_word' id='word_1_528' title='bbox 476 4605 586 4660; x_wconf 68' lang='lat' dir='ltr'><strong>mesu.</strong></span> <span class='ocrx_word' id='word_1_529' title='bbox 604 4605 738 4667; x_wconf 82' lang='lat' dir='ltr'><strong>peruloiem</strong></span> <span class='ocrx_word' id='word_1_530' title='bbox 756 4620 839 4656; x_wconf 87' lang='lat' dir='ltr'><strong>meam</strong></span> <span class='ocrx_word' id='word_1_531' title='bbox 856 4607 915 4657; x_wconf 86' lang='lat' dir='ltr'><strong>milri</strong></span> <span class='ocrx_word' id='word_1_532' title='bbox 933 4606 1066 4673; x_wconf 82' lang='lat' dir='ltr'><strong>designare</strong></span> <span class='ocrx_word' id='word_1_533' title='bbox 1077 4608 1196 4671; x_wconf 83' lang='lat' dir='ltr'><strong>potuisse,</strong></span> <span class='ocrx_word' id='word_1_534' title='bbox 1214 4609 1259 4659; x_wconf 85' lang='lat' dir='ltr'><strong>sed</strong></span> <span class='ocrx_word' id='word_1_535' title='bbox 1276 4610 1316 4660; x_wconf 79' lang='lat' dir='ltr'><strong>rix</strong></span> <span class='ocrx_word' id='word_1_536' title='bbox 1328 4609 1386 4661; x_wconf 87' lang='lat' dir='ltr'><strong>dum</strong></span> <span class='ocrx_word' id='word_1_537' title='bbox 1399 4612 1498 4663; x_wconf 81' lang='lat' dir='ltr'><strong>Grseeti</strong></span> <span class='ocrx_word' id='word_1_538' title='bbox 1509 4613 1645 4677; x_wconf 73' lang='lat' dir='ltr'><strong>proficere?</strong></span> <span class='ocrx_word' id='word_1_539' title='bbox 1669 4612 1742 4676; x_wconf 74' lang='lat' dir='ltr'><strong>Quod</strong></span> 
     </span>
     <span class='ocr_line' id='line_1_52' title="bbox 384 4672 1741 4747; baseline 0.01 -23"><span class='ocrx_word' id='word_1_540' title='bbox 384 4675 405 4724; x_wconf 86' lang='lat' dir='ltr'><strong>si</strong></span> <span class='ocrx_word' id='word_1_541' title='bbox 422 4674 515 4731; x_wconf 78' lang='lat' dir='ltr'><strong>lesere,</strong></span> <span class='ocrx_word' id='word_1_542' title='bbox 534 4678 561 4722; x_wconf 88' lang='lat' dir='ltr'><strong>et</strong></span> <span class='ocrx_word' id='word_1_543' title='bbox 577 4672 705 4724; x_wconf 83' lang='lat' dir='ltr'><strong>honestius</strong></span> <span class='ocrx_word' id='word_1_544' title='bbox 724 4675 755 4724; x_wconf 91' lang='lat' dir='ltr'><strong>de</strong></span> <span class='ocrx_word' id='word_1_545' title='bbox 773 4679 939 4727; x_wconf 65' lang='lat' dir='ltr'><strong>ammanus</strong></span> <span class='ocrx_word' id='word_1_546' title='bbox 955 4691 1064 4736; x_wconf 78' lang='lat' dir='ltr'><strong>uusero,</strong></span> <span class='ocrx_word' id='word_1_547' title='bbox 1084 4692 1160 4742; x_wconf 88' lang='lat' dir='ltr'><strong>quam</strong></span> <span class='ocrx_word' id='word_1_548' title='bbox 1178 4679 1209 4728; x_wconf 88' lang='lat' dir='ltr'><strong>de</strong></span> <span class='ocrx_word' id='word_1_549' title='bbox 1222 4685 1375 4744; x_wconf 82' lang='lat' dir='ltr'><strong>quaestuosa</strong></span> <span class='ocrx_word' id='word_1_550' title='bbox 1386 4680 1581 4746; x_wconf 83' lang='lat' dir='ltr'><strong>Zygeinerorum</strong></span> <span class='ocrx_word' id='word_1_551' title='bbox 1592 4684 1741 4747; x_wconf 76' lang='lat' dir='ltr'><strong>judiciaria:</strong></span> 
     </span>
     <span class='ocr_line' id='line_1_53' title="bbox 384 4742 1592 4818; baseline 0.009 -24"><span class='ocrx_word' id='word_1_552' title='bbox 384 4744 443 4795; x_wconf 87' lang='lat' dir='ltr'><strong>dum</strong></span> <span class='ocrx_word' id='word_1_553' title='bbox 460 4742 551 4793; x_wconf 62' lang='lat' dir='ltr'><strong>malms</strong></span> <span class='ocrx_word' id='word_1_554' title='bbox 568 4743 709 4793; x_wconf 75' lang='lat' dir='ltr'><strong>amusan</strong></span> <span class='ocrx_word' id='word_1_555' title='bbox 727 4757 814 4802; x_wconf 72' lang='lat' dir='ltr'><strong>nuos,</strong></span> <span class='ocrx_word' id='word_1_556' title='bbox 831 4745 967 4812; x_wconf 80' lang='lat' dir='ltr'><strong>longaevus</strong></span> <span class='ocrx_word' id='word_1_557' title='bbox 985 4747 1047 4796; x_wconf 86' lang='lat' dir='ltr'><strong>erla:</strong></span> <span class='ocrx_word' id='word_1_558' title='bbox 1066 4762 1118 4797; x_wconf 86' lang='lat' dir='ltr'><strong>nou</strong></span> <span class='ocrx_word' id='word_1_559' title='bbox 1136 4748 1208 4798; x_wconf 87' lang='lat' dir='ltr'><strong>detur</strong></span> <span class='ocrx_word' id='word_1_560' title='bbox 1225 4763 1264 4798; x_wconf 88' lang='lat' dir='ltr'><strong>me</strong></span> <span class='ocrx_word' id='word_1_561' title='bbox 1282 4750 1366 4801; x_wconf 82' lang='lat' dir='ltr'><strong>sidera</strong></span> <span class='ocrx_word' id='word_1_562' title='bbox 1384 4765 1461 4802; x_wconf 84' lang='lat' dir='ltr'><strong>mauu</strong></span> <span class='ocrx_word' id='word_1_563' title='bbox 1478 4757 1592 4818; x_wconf 82' lang='lat' dir='ltr'><strong>tangere.</strong></span> 
     </span>
    </p>
   </div>
   <div class='ocr_carea' id='block_1_7' title="bbox 458 4810 1740 4893">
    <p class='ocr_par' dir='ltr' id='par_1_7' title="bbox 458 4810 1740 4893">
     <span class='ocr_line' id='line_1_54' title="bbox 458 4810 1740 4893; baseline 0.009 -28"><span class='ocrx_word' id='word_1_564' title='bbox 458 4810 531 4874; x_wconf 79' lang='lat' dir='ltr'><strong>Quot</strong></span> <span class='ocrx_word' id='word_1_565' title='bbox 548 4812 646 4879; x_wconf 83' lang='lat' dir='ltr'><strong>quaeris</strong></span> <span class='ocrx_word' id='word_1_566' title='bbox 664 4811 697 4863; x_wconf 86' lang='lat' dir='ltr'><strong>de</strong></span> <span class='ocrx_word' id='word_1_567' title='bbox 714 4814 788 4864; x_wconf 84' lang='lat' dir='ltr'><strong>suuis</strong></span> <span class='ocrx_word' id='word_1_568' title='bbox 804 4814 853 4865; x_wconf 88' lang='lat' dir='ltr'><strong>iliis</strong></span> <span class='ocrx_word' id='word_1_569' title='bbox 873 4813 951 4875; x_wconf 84' lang='lat' dir='ltr'><strong>1teo,</strong></span> <span class='ocrx_word' id='word_1_570' title='bbox 972 4813 1037 4866; x_wconf 67' lang='lat' dir='ltr'><strong>liii</strong></span> <span class='ocrx_word' id='word_1_571' title='bbox 1059 4816 1116 4874; x_wconf 63' lang='lat' dir='ltr'><strong>do..</strong></span> <span class='ocrx_word' id='word_1_572' title='bbox 1134 4820 1219 4869; x_wconf 68' lang='lat' dir='ltr'><strong>uuoio</strong></span> <span class='ocrx_word' id='word_1_573' title='bbox 1237 4819 1296 4883; x_wconf 92' lang='lat' dir='ltr'><strong>quld</strong></span> <span class='ocrx_word' id='word_1_574' title='bbox 1317 4819 1386 4883; x_wconf 77' lang='lat' dir='ltr'><strong>velis,</strong></span> <span class='ocrx_word' id='word_1_575' title='bbox 1405 4836 1454 4873; x_wconf 84' lang='lat' dir='ltr'><strong>neo</strong></span> <span class='ocrx_word' id='word_1_576' title='bbox 1472 4825 1600 4885; x_wconf 71' lang='lat' dir='ltr'><strong>moourrlt,</strong></span> <span class='ocrx_word' id='word_1_577' title='bbox 1619 4825 1678 4890; x_wconf 81' lang='lat' dir='ltr'><strong>quid</strong></span> <span class='ocrx_word' id='word_1_578' title='bbox 1694 4839 1740 4893; x_wconf 81' lang='lat' dir='ltr'><strong>ge·</strong></span> 
     </span>
    </p>
   </div>
   <div class='ocr_carea' id='block_1_8' title="bbox 0 0 1916 5818">
    <p class='ocr_par' dir='ltr' id='par_1_8' title="bbox 0 0 1916 5818">
     <span class='ocr_line' id='line_1_55' title="bbox 0 0 1916 5818; baseline 0 0"><span class='ocrx_word' id='word_1_579' title='bbox 0 0 1916 5818; x_wconf 95' lang='lat' dir='ltr'><strong> </strong></span> 
     </span>
    </p>
   </div>
  </div>
 </body>
</html>
