3786 5808
759 370 921 431 Dm
1469 370 1512 442 dl

154 530 187 592 in
209 527 347 613 Stysiam
369 550 464 614 usqne
487 533 554 613 eJus
584 534 786 599 familiaritas.
832 536 968 619 ‘lychoni
1000 535 1113 598 nullum
1142 535 1239 599 sdhuc
1271 534 1389 599 mittere
1417 536 1510 618 potui.

152 620 246 682 Illius
263 619 409 699 judicium
434 623 521 684 avide
545 633 681 704 expecto.

246 709 316 772 wie
330 710 381 772 ich
394 709 450 774 mit
462 712 530 774 dem
542 711 674 775 Buechei
688 713 865 777 aulshomme
881 715 937 795 hey
953 713 1035 776 einer
1048 712 1100 774 Er.
1116 712 1336 789 Laudtschaiit,
1360 714 1448 776 weiss
1462 713 1511 777 ich

152 798 236 860 noch
259 799 353 861 nicht.
396 802 484 863 Auch
511 802 566 864 hdr
595 802 644 864 ich
672 801 749 866 noch
771 821 829 864 von
847 804 946 865 ibeim
969 803 1134 882 Lendttug.
1175 802 1288 864 Videor
1311 801 1383 865 mihi
1405 805 1511 884 volup-

150 896 222 949 tate
246 889 461 967 speculationis
485 899 644 955 contentus
668 911 736 954 esse
759 893 877 967 debere,
902 892 1129 972 necquicquam
1147 890 1419 974 ulteriussperers.
1450 891 1513 955 Sed

151 976 223 1039 Deo
248 996 336 1040 curae
360 988 447 1041 erunt
470 979 578 1042 omnia.
624 981 754 1062 Tempus
778 989 828 1044 est
853 990 888 1043 ut
914 981 1017 1044 velers
1043 990 1074 1042 te
1098 980 1238 1060 iubeam,
1270 981 1319 1045 Pr.
1345 979 1413 1058 ct,
1446 1001 1513 1045 cum

151 1067 284 1148 conjuge
307 1074 340 1130 et
362 1068 503 1132 universe
525 1070 640 1132 familia
663 1078 753 1152 etque
776 1079 842 1133 toto
862 1070 989 1151 collegio
1003 1068 1230 1152 philosopbi003
1255 1070 1360 1153 quibus
1375 1070 1511 1137 omuibus

151 1157 287 1220 salntem
310 1157 435 1221 officios.
460 1159 537 1221 dico.
584 1160 662 1243 liele
686 1169 718 1223 et
740 1178 788 1221 me
810 1178 985 1240 promovere
1007 1178 1110 1240 perge.

618 1272 623 1279 ·
687 1249 727 1311 H.
752 1249 787 1312 Τ.
814 1246 901 1313 Grst.
927 1249 1002 1313 diso.

1165 1336 1213 1401 Μ.
1236 1337 1270 1401 J.
1295 1336 1423 1421 Kepler.

226 1492 301 1556 Quae
325 1493 448 1561 Keplerus
472 1495 543 1545 initio
561 1495 680 1561 epistolae
696 1498 795 1560 iocatus
814 1504 882 1555 erat,
911 1511 960 1547 non
986 1502 1114 1548 moestus
1138 1496 1333 1549 Maestllnus
1355 1498 1468 1549 rescribit
1484 1498 1510 1550 d.

150 1563 197 1617 30.
216 1565 331 1618 Octobris
347 1583 371 1616 s.
389 1574 436 1616 st:
455 1565 494 1615 De
512 1566 604 1616 honore
621 1569 707 1632 regiae
724 1568 881 1631 professionis
899 1583 916 1618 a
935 1568 1005 1619 Gallo
1024 1568 1131 1633 quodam
1148 1569 1192 1618 tihi
1205 1570 1304 1620 oblatm
1316 1568 1437 1620 hactenus
1450 1570 1510 1621 nihil

155 1645 223 1689 certe
241 1639 290 1687 ridi
308 1637 347 1688 rel
365 1638 455 1688 audiri.
483 1637 533 1688 Sed
551 1653 591 1697 en,
611 1639 669 1704 quid
686 1639 751 1690 istae
768 1646 829 1690 tuse
847 1642 1001 1690 inventiones
1018 1639 1098 1688 laudis
1115 1648 1264 1690 mereantur.
1293 1641 1408 1706 Regiam,
1427 1643 1509 1691 utin·

156 1709 256 1775 telliye,
283 1707 407 1760 Dameam
423 1709 599 1774 professionem
617 1711 674 1759 olim
691 1711 837 1774 promissam
860 1712 882 1761 is
909 1711 955 1761 tibi
980 1710 1058 1762 offert
1096 1709 1147 1761 Sed
1174 1712 1243 1762 ilium
1260 1714 1360 1762 mimum
1378 1713 1508 1770 ίοοὶοιιιιιι,

154 1782 292 1845 quicunque
311 1783 351 1835 sit,
387 1779 490 1831 Nostros
507 1780 634 1847 theologos
652 1781 761 1831 nonnihil
788 1781 891 1834 offendit
919 1777 1102 1847 (prodromos),¹
1129 1784 1262 1834 autoritate
1287 1790 1373 1834 tamen
1390 1783 1510 1848 Pnnerpu

150 1855 246 1909 nuni.
274 1854 314 1902 cui
330 1853 467 1917 principale
484 1852 585 1903 schema
603 1853 745 1904 dedicatum
764 1860 813 1911 est.
838 1855 900 1904 moti
924 1856 951 1904 in
975 1854 1056 1904 medio
1084 1853 1232 1920 relinquunt.
1271 1854 1303 1905 D.
1322 1854 1508 1906 Hafenreiferus
1578 1878 1584 1889 ¹

149 1924 230 1975 umal
249 1930 324 1988 atque
341 1926 431 1974 iterum
449 1924 544 1987 Uocoss
563 1924 679 1990 quidem,
697 1924 757 1974 licet
771 1927 835 1988 locis
853 1927 920 1976 seria
937 1926 1013 1976 οιίιιιι
1031 1927 1175 1976 intermixta
1192 1923 1334 1989 rideantur)
1351 1942 1392 1978 me
1409 1927 1508 1977 adortus

147 2004 176 2047 et
195 2010 295 2046 meeum
313 1996 491 2059 disputaturum
509 2010 537 2045 se
555 2010 610 2046 esse
621 2002 729 2046 mnam·
747 2004 794 2052 est.
813 2012 888 2062 quam
906 1997 948 2047 diu
966 1999 1057 2048 reritss
1075 1998 1211 2062 scripturae
1229 2012 1317 2049 sacrae
1336 2003 1402 2049 esset
1419 1999 1505 2061 persti-

145 2074 217 2118 tura
246 2066 316 2117 idem
332 2066 400 2117 haud
415 2068 452 2117 ita
469 2067 562 2130 pridem
580 2069 606 2117 in
623 2068 722 2133 publica
739 2071 881 2133 resperu'na
899 2070 1017 2119 concione
1035 2068 1114 2118 dixit:
1133 2065 1215 2119 Deum
1232 2084 1354 2120 summum
1372 2075 1508 2120 orestorem

144 2156 200 2189 nou
218 2138 376 2202 suspendisse
391 2137 474 2190 &lens
491 2140 518 2188 in
534 2139 615 2189 medio
633 2140 727 2191 mundi.
746 2145 775 2189 nt
791 2141 914 2191 laternam
928 2141 954 2190 iu
970 2140 1051 2191 medio
1067 2142 1132 2191 atrii.
1169 2140 1262 2191 Verum
1277 2142 1341 2204 iocis
1358 2140 1405 2191 illis
1421 2144 1509 2205 jocosa

142 2225 275 2275 opponere
301 2210 385 2267 soleo,
404 2210 463 2259 dum
477 2212 528 2274 ioci
546 2217 622 2268 suut;
641 2211 662 2260 si
679 2212 743 2261 serio
761 2226 800 2262 res
818 2212 919 2277 agenda
936 2217 1017 2270 esset,
1043 2211 1116 2262 aliter
1132 2226 1293 2277 responsurus
1311 2218 1338 2262 et
1355 2227 1401 2278 ego
1420 2226 1507 2263 οοοοιι.

141 2282 196 2333 Pro
216 2282 319 2347 egregia
335 2281 469 2345 phantssia
480 2289 513 2354 ‘et
530 2282 624 2331 erudito
642 2284 742 2333 invento
759 2283 825 2334 idem
842 2283 875 2333 fl.
895 2284 1026 2349 synoecit,
1044 2283 1090 2333 sed
1107 2298 1127 2333 s.
1146 2285 1283 2349 scripturae
1302 2285 1392 2348 stipsi
1409 2284 1508 2335 veritati

142 2354 296 2404 eontransri
315 2354 413 2402 omnino
432 2359 458 2403 et
473 2353 614 2416 simpliciter
631 2360 711 2419 putat.

221 2423 448 2474 Hsfenreffsri
463 2425 583 2488 judicium
599 2425 649 2475 hac
667 2425 698 2475 de
715 2440 743 2476 re
761 2425 964 2490 deprehendimus
981 2428 1008 2476 in
1026 2426 1131 2491 epistola
1148 2425 1182 2477 ad
1203 2426 1338 2492 Keplerusa
1357 2425 1433 2483 data,
1459 2439 1509 2491 qua

140 2496 275 2562 repondit
292 2495 413 2559 epistolae
429 2495 532 2560 Kepleri
551 2496 708 2561 deperditae:

219 2568 262 2617 Ad
279 2574 452 2633 ugnnestum
469 2568 595 2617 literarum
611 2574 711 2621 tuarum
728 2575 758 2619 ut
774 2568 865 2634 sliquld
882 2568 1053 2633 respondeam.
1072 2568 1179 2619 libenter
1189 2568 1239 2634 legi
1249 2569 1370 2632 judicium
1387 2575 1458 2619 trum
1476 2570 1507 2621 de

138 2641 223 2695 rebus
242 2638 410 2704 astrologicis,
436 2645 462 2688 et
478 2638 594 2689 libentius
612 2637 656 2701 (de
674 2654 721 2704 quo
738 2646 824 2691 tamen
843 2640 955 2690 dubitare
973 2655 1024 2690 nou
1041 2637 1182 2703 potueram)
1206 2641 1272 2706 qnod
1294 2642 1321 2690 in
1345 2639 1507 2692 familiaribus

140 2713 199 2760 tuis
218 2725 271 2760 rem
288 2711 379 2760 seriam
397 2716 422 2760 ts
441 2724 515 2776 agere
534 2716 619 2773 aperte
638 2710 778 2761 declarasti.
816 2709 901 2761 Scribo
920 2712 994 2770 euim,
1013 2711 1078 2775 quod
1096 2727 1192 2775 semper
1204 2713 1298 2776 scripsi,
1316 2712 1413 2761 nostros
1427 2718 1506 2763 astro·

138 2782 218 2847 logos
236 2781 270 2831 ad
287 2782 365 2831 nimia
383 2782 458 2845 s'sepe
476 2781 595 2845 specialis
612 2781 762 2832 descendere
787 2797 884 2846 semper
909 2781 969 2831 milri
993 2782 1069 2831 luisse
1087 2784 1172 2832 risum.
1210 2782 1306 2847 inqua
1322 2797 1363 2832 use
1381 2785 1508 2835 sententia

137 2860 219 2903 num
237 2853 310 2902 modo
327 2852 449 2917 prointum
464 2850 584 2916 intimum
601 2854 692 2902 metius
711 2853 847 2903 confimat
884 2852 1073 2917 Disputationes
1091 2852 1243 2919 meolegtess
1261 2853 1326 2919 qnod
1339 2854 1436 2908 attium
1456 2869 1507 2904 non

139 2925 235 2975 dubito
251 2926 312 2988 quin
328 2926 412 2974 omnia
429 2925 467 2973 ita
483 2926 517 2973 sis
536 2923 715 2987 explicaturus,
738 2931 766 2973 ut
784 2930 811 2975 et
827 2926 910 2989 rigere
928 2924 1103 2989 scriptmarum
1121 2926 1239 2990 anslogia
1256 2931 1283 2973 et
1299 2930 1346 2974 tus
1362 2924 1449 2975 florere
1466 2928 1504 2975 iu·

139 2995 279 3047 summitas
296 2997 381 3059 possit
417 2994 543 3058 Eiusmodi
561 3002 647 3044 autem
663 2996 688 3043 in
706 2996 779 3045 rebus
796 2996 922 3046 hominum
938 2996 1056 3060 probatur
1073 2996 1194 3059 promissa
1212 2996 1281 3050 tides.
1300 3001 1325 3045 et
1337 3000 1422 3045 nostra
1435 2998 1503 3047 acui·

139 3076 188 3118 tur
205 3066 366 3130 providentia
405 3066 476 3126 Quod
495 3066 600 3131 denique
618 3066 757 3131 subiungit,
777 3067 871 3131 aliquos
889 3074 945 3116 tuos
962 3066 1017 3116 illos
1036 3073 1140 3116 conaus
1157 3067 1182 3116 in
1201 3068 1269 3115 noris
1288 3066 1503 3116 demonstrationi·

138 3140 192 3189 hus
210 3139 310 3194 mussi,
329 3138 431 3203 cognovi
449 3144 475 3187 te
494 3138 594 3187 dubium
611 3152 680 3195 esse,
698 3136 757 3202 quid
773 3138 822 3188 hae
840 3140 866 3187 iu
883 3145 955 3202 parte
973 3137 1112 3203 mudum,
1137 3146 1219 3189 utrum
1237 3137 1333 3187 scilicet
1349 3138 1447 3187 silentio
1465 3154 1504 3189 res

138 3209 342 3276 praetereunda,
362 3223 396 3259 au
413 3223 469 3259 sero
487 3210 513 3258 iu
531 3208 556 3258 id
572 3209 729 3270 enitendum,
748 3216 778 3259 ut
794 3210 906 3259 omuibus
923 3216 1027 3272 pateat,
1047 3218 1105 3259 tuas
1122 3208 1178 3259 illas
1195 3209 1342 3273 hypotheses
1360 3223 1404 3273 per
1422 3210 1506 3261 omnia

143 3282 293 3346 Scripturas
311 3286 491 3331 consentaneas
511 3295 575 3337 ene,
593 3286 669 3344 atque
687 3295 719 3331 ea
737 3281 764 3331 iu
780 3288 860 3345 perte,
879 3288 908 3331 nt
926 3296 972 3347 ego
990 3282 1088 3344 φιίιίοιιι
1101 3282 1187 3345 seospi
1200 3281 1331 3345 epistolam
1339 3285 1418 3334 tuam
1437 3281 1505 3332 haud

143 3355 252 3405 οὴοοιιο
270 3353 405 3402 fraternum
422 3366 505 3401 meum
523 3352 651 3401 consilinm
669 3354 770 3417 expetis.
807 3353 846 3402 Ea
862 3354 888 3403 iu
912 3368 939 3402 re
961 3353 1019 3418 quid
1037 3354 1151 3408 sentiam.
1171 3353 1201 3402 el.
1220 3354 1256 3400 sir
1273 3358 1300 3402 et
1316 3351 1393 3401 irater
1411 3352 1503 3402 charis·

142 3428 217 3485 sisne,
238 3423 345 3476 candide
363 3430 390 3473 et
408 3428 492 3488 aperte
510 3424 556 3473 tibi
574 3424 693 3487 aporiam.
730 3423 799 3474 Inter
816 3424 965 3489 hypotheses
983 3426 1097 3474 nimirum
1114 3424 1169 3474 illas
1183 3430 1209 3473 et
1220 3439 1240 3472 s.
1255 3423 1408 3486 Scriptorum
1419 3422 1504 3488 aperte

144 3495 351 3562 distinguendum
368 3508 435 3552 esse,
454 3493 518 3560 quod
536 3509 575 3544 ure
594 3501 736 3545 constanter
753 3498 874 3553 sensisse,
894 3497 969 3546 etiam
987 3497 1018 3546 ab
1037 3496 1107 3546 initio
1129 3502 1316 3560 conspectarum
1333 3493 1505 3557 hypothesium
1594 3552 1599 3572 1

143 3568 232 3635 procul
251 3567 324 3616 dubio
342 3573 369 3616 et
386 3580 443 3616 cum
460 3565 586 3615 nobiscum
604 3580 671 3616 esses
690 3567 885 3618 animadvertere
903 3577 930 3617 et
947 3569 1083 3617 etiamnum
1093 3568 1169 3631 probe
1181 3568 1320 3617 meminisse
1333 3570 1418 3630 potes.¹
1436 3566 1504 3616 Hinc

144 3643 214 3691 eninr
232 3639 327 3689 factum
345 3643 391 3696 est,
408 3643 438 3687 ut
454 3652 505 3687 uon
523 3643 650 3696 ummeo,
669 3652 743 3703 quam
761 3637 794 3687 D.
814 3638 964 3703 collegarum
982 3640 1090 3694 nomine,
1108 3645 1184 3702 caput
1200 3644 1324 3689 mactatus
1342 3634 1413 3700 (puto
1432 3639 1502 3702 quin·

144 3720 200 3762 tnm
219 3724 321 3760 numero
339 3706 427 3771 fuine)
445 3709 510 3774 quod
525 3709 599 3758 istam
617 3710 815 3759 conciliationem
833 3711 989 3775 stu'ugehat,
1016 3710 1180 3760 omittendum
1198 3724 1252 3760 esse
1270 3710 1369 3768 monui,
1394 3724 1427 3758 ne
1444 3709 1502 3759 illae

143 3786 216 3848 ipsae
236 3782 415 3846 disputationes
432 3780 491 3841 inde
509 3781 596 3829 moriri
613 3782 716 3845 possint.
754 3779 826 3841 Quod
845 3782 921 3830 etiam
939 3782 1055 3831 omissum
1073 3787 1119 3839 est,
1139 3782 1185 3830 nisi
1203 3780 1268 3844 quod
1286 3780 1318 3830 ah
1335 3780 1405 3830 initio
1418 3782 1503 3830 stetim

146 3856 232 3920 aliqua
250 3853 295 3902 sed
313 3852 454 3901 brevissima
472 3854 525 3914 ejus
542 3853 578 3901 rei
595 3851 625 3901 fit
642 3854 743 3901 mentio.
781 3851 852 3911 Quod
870 3867 927 3901 sero
947 3853 999 3902 elia
1010 3852 1098 3903 deinde
1111 3858 1278 3911 accesserunt,
1297 3853 1442 3916 praesertim
1458 3866 1501 3901 au·

143 3934 198 3976 mm
216 3926 251 3975 D.
263 3923 391 3974 bitumini
407 3922 537 3987 prufatio,
556 3923 581 3972 id
599 3923 669 3973 nohis
681 3923 780 3988 quidem
797 3924 912 3987 imputari
929 3939 979 3973 ucn
997 3931 1092 3988 potest,
1111 3923 1173 3973 nibil
1191 3925 1257 3974 euim
1275 3936 1440 3986 eorumquae
1458 3937 1501 3972 ac·

147 4003 286 4051 manns.
304 4000 439 4059 aanuam
455 3995 520 4057 typis
537 3994 659 4045 suanm
676 4001 772 4053 essem,
797 3996 928 4060 quiequam
944 3995 1015 4044 nohis
1032 3997 1111 4045 rhum
1127 3995 1183 4044 init.
1220 3993 1270 4045 Sed
1288 3995 1360 4045 rebus
1378 3995 1414 4043 sic
1432 4003 1501 4045 stan·

144 4071 212 4120 tibus
230 4069 341 4119 ostem
359 4065 458 4116 consulo
477 4079 509 4116 ac
526 4079 630 4122 moneo,
657 4081 689 4116 ue
717 4066 810 4116 dictam
832 4066 901 4115 illam
919 4067 1116 4117 conciliationem
1133 4066 1232 4130 publice
1249 4080 1384 4130 proponere
1402 4073 1429 4116 et
1445 4080 1500 4130 pro·

144 4155 259 4208 pugnare
285 4139 396 4195 coneris,
423 4138 458 4187 sic
483 4136 548 4186 sulm
571 4136 642 4187 multi
659 4137 717 4187 boui
735 4154 784 4188 nou
802 4137 922 4187 immerito
941 4137 1032 4187 offendi
1050 4144 1077 4188 et
1093 4144 1172 4187 totum
1190 4139 1316 4202 negotium
1333 4136 1373 4188 sel
1390 4137 1501 4202 impediri

145 4213 184 4263 rel
202 4210 273 4278 gravi
291 4209 469 4273 dissensionum
486 4206 585 4258 rumulo
603 4208 718 4273 adspergi
735 4216 826 4274 posset
862 4207 930 4258 Nihil
949 4209 1014 4259 enim
1032 4209 1124 4265 dubito,
1144 4210 1165 4257 si
1186 4215 1271 4273 aperte
1288 4208 1333 4258 illa
1351 4210 1431 4272 opinio
1444 4223 1498 4273 pro·

145 4291 280 4348 poneretur
306 4289 333 4331 et
351 4286 563 4345 propugnaretur,
591 4294 648 4329 suos
672 4279 788 4330 habitura
806 4287 873 4331 asset
889 4287 916 4330 et
933 4281 1015 4330 forsan
1032 4296 1083 4330 non
1100 4281 1160 4330 levis
1179 4286 1320 4331 armaturae
1339 4279 1499 4330 adversarios.

145 4355 253 4406 Proinde
275 4354 297 4403 sl
315 4353 423 4403 fratem
440 4365 495 4401 meo
514 4350 629 4412 oonsilio,
655 4352 691 4401 uti
709 4352 810 4402 firmitm
826 4367 912 4417 spero,
930 4352 999 4402 locus
1017 4352 1105 4417 aliquis
1123 4358 1169 4409 est,
1187 4366 1257 4416 porro
1275 4353 1301 4401 in
1320 4352 1438 4414 eiusmodi
1456 4351 1500 4401 de·

145 4425 312 4479 monstrandis
328 4422 502 4489 hypodsesibus
520 4422 613 4472 nudum
630 4422 834 4473 mathematicum
852 4437 921 4489 ages,
939 4423 1001 4473 nihil
1019 4424 1146 4484 sollicitus,
1165 4431 1247 4474 utrum
1264 4423 1337 4474 rebus
1356 4423 1445 4473 enada
1463 4425 1500 4473 ita

145 4498 314 4563 respondeant
332 4509 365 4544 an
381 4509 461 4544 secus.
497 4491 704 4544 Mathematicum
721 4496 879 4546 enimlinem
897 4509 968 4545 suum
986 4502 1162 4560 consequutum
1181 4497 1291 4552 arbitror,
1309 4495 1329 4543 si
1347 4494 1412 4545 tales
1431 4493 1499 4543 eriri·

146 4566 206 4621 beat
221 4567 381 4633 hypotheses,
400 4567 485 4631 quibus
504 4576 666 4631 perrepere
684 4579 758 4629 quam
776 4567 930 4617 exmdsdme
948 4567 1129 4630 respondeant:
1153 4571 1179 4615 et
1196 4574 1221 4616 te
1239 4569 1319 4631 ipsum
1336 4572 1395 4630 puto
1415 4580 1498 4615 essm·

146 4657 199 4691 rum
217 4655 272 4692 esse
289 4638 340 4694 iili,
364 4637 405 4701 qui
422 4636 529 4701 prolerre
546 4643 629 4701 posset
646 4636 766 4687 meliores.
802 4637 857 4689 Nec
875 4645 959 4689 tamen
979 4638 1151 4702 consequitur,
1170 4641 1243 4689 unius
1262 4639 1379 4702 cujusque
1398 4637 1499 4686 adficis

146 4713 273 4767 nodutis
291 4707 465 4773 hypothesibus
481 4723 563 4758 rerum
581 4709 709 4758 veritatem
727 4710 854 4761 mnlmtim
873 4710 1028 4760 conformari.
1064 4707 1128 4759 Nolo
1141 4710 1273 4785 attingere,
1292 4720 1357 4773 quse
1374 4723 1405 4758 ax
1421 4709 1498 4758 sacris

146 4786 238 4836 invicta
254 4796 354 4848 possem
372 4779 520 4843 depromere.
556 4777 613 4829 Neu
632 4780 697 4829 euim
715 4779 920 4846 disputationibus
939 4781 983 4830 sed
1001 4782 1114 4831 nmernis
1130 4776 1231 4832 monitis
1249 4795 1309 4846 opus
1328 4794 1383 4831 esse
1403 4781 1495 4843 judico

149 4855 242 4917 Qnihrm
260 4855 282 4903 si
300 4859 345 4913 tu,
374 4853 409 4900 uti
428 4857 495 4901 certe
512 4849 623 4909 conlido,
648 4851 758 4915 parueris
776 4859 802 4902 et
821 4854 970 4903 ahsmactum
987 4851 1190 4903 mathematicum
1208 4852 1303 4918 egeris,
1326 4850 1385 4901 nihil
1404 4851 1497 4907 dubito,
1570 4872 1574 4884 ·

149 4930 203 4997 quin
222 4920 389 4992 eogimtiones
406 4927 466 4971 osae
483 4921 601 4989 plurimis,
618 4922 655 4972 uti
673 4929 740 4971 certe
757 4923 815 4973 mihi
833 4937 929 4991 quoqne
947 4930 1014 4982 suut,
1029 4922 1222 4988 jucundissimae
1240 4925 1290 4977 sint
1308 4922 1416 4979 tuusne.
1442 4920 1496 4974 ⁴triu
