3838 5824
782 387 866 451 0711
884 388 904 438 ¹·
1462 390 1527 469 tis

163 537 277 593 booest
298 540 334 593 ad
348 538 504 612 longiorem
526 556 622 598 ouum
645 546 834 603 deductionem
857 550 894 604 ab
907 549 1017 605 usitata
1031 550 1091 616 da,
1111 562 1251 624 spectent,
1274 564 1359 628 quem
1380 556 1417 616 at
1431 556 1532 619 natm

163 616 286 688 aliquam
300 620 556 677 conformationem:
579 625 644 694 quia
660 633 691 680 ut
704 627 732 680 in
747 628 956 684 Commentariis
970 631 1070 686 Martis
1085 633 1186 688 aheubi
1200 636 1275 691 dixi:
1301 639 1346 692 Uo
1355 643 1529 709 peruiout

163 713 309 752 suarum
329 699 407 768 ipse
430 702 637 761 divitiarum
660 706 733 760 fuit
752 708 907 778 ignarus.
1024 714 1031 719 ”
1578 760 1582 767 .

243 772 275 845 e)
297 778 446 835 Potissima
467 782 550 852 hujus
574 801 677 853 operae
700 787 795 850 moles,
825 790 896 860 quod
920 789 1106 844 astronomica
1128 788 1250 855 attinet(
1273 795 1301 849 in
1325 797 1529 857 Commentaiib

164 855 263 911 blattis
278 848 417 922 iambuit3
444 861 607 934 inphysicis
622 882 688 918 rere
703 882 753 920 seu
768 868 966 937 metaphysicis
987 871 1158 940 argumentis
1174 876 1352 945 senegundis
1367 878 1454 932 fusior
1467 888 1529 935 sum

163 936 348 1006 qupitomes
363 944 441 995 Astr.
456 941 528 995 liber
540 943 603 1006 lv„
629 945 674 1014 qui
692 945 764 1000 ilber
784 946 872 1016 ipsum
893 956 926 993 το
947 940 1032 1013 ἔργον
1054 951 1185 1014 continet,
1210 954 1283 1022 quod
1306 954 1444 1011 hoc-lech
1469 976 1529 1014 snm

162 1016 313 1086 pollicitus.
357 1019 427 1072 Vide
449 1024 547 1075 totum.
911 1030 925 1058 ⁸
1515 1042 1518 1051 ⁴
1612 1024 1621 1039 ⁸

243 1090 270 1163 i)
292 1098 367 1152 mem
381 1105 476 1154 nmen
488 1118 532 1155 me
545 1103 620 1156 ultro
635 1104 777 1159 admonuit
799 1111 907 1176 postea
933 1125 988 1163 non
1003 1125 1066 1162 esse
1080 1112 1265 1166 necessariam
1287 1112 1361 1167 hanc
1385 1114 1526 1172 collectio·

163 1192 233 1231 nem.
274 1178 346 1231 Nam
364 1194 425 1233 oum
439 1188 547 1236 cometa
559 1189 661 1236 motum
675 1201 731 1238 uon
744 1184 773 1238 iu
786 1188 887 1241 multos
901 1187 960 1243 dies
979 1189 1135 1253 condonet,
1157 1197 1261 1245 etcum
1275 1193 1428 1248 habeamus
1442 1197 1526 1251 liber·

163 1262 251 1310 tatem
264 1256 421 1312 intendendi
443 1261 635 1315 remittendire
658 1262 719 1331 ejus
734 1272 837 1320 metum
860 1267 887 1320 in
910 1268 1060 1337 hypothesi
1080 1276 1229 1339 suscepta.
1253 1271 1300 1325 uhi
1314 1273 1527 1331 ohservationea

163 1333 246 1407 (quae
269 1338 431 1409 plerumque
454 1356 565 1395 crassae
580 1338 658 1407 suut)
682 1344 708 1396 id
722 1345 864 1415 requirere
885 1347 1020 1412 ridentur,
1045 1348 1109 1402 hinc
1132 1352 1200 1402 adeo
1219 1352 1268 1414 te,
1293 1359 1326 1405 ιιι
1349 1352 1475 1409 diversae
1498 1356 1528 1411 iu

162 1415 378 1486 particularibus
392 1420 573 1490 hypotheses,
588 1424 699 1476 easdem
713 1431 838 1478 cornetae
852 1427 1061 1481 ohservationes
1082 1436 1304 1498 repraesentent.
1345 1432 1385 1486 Et
1398 1433 1525 1490 Braheus

162 1495 234 1550 libro
256 1498 291 1549 de
306 1497 425 1552 cometis
450 1500 498 1555 iol.
522 1500 589 1554 21⁰2.
606 1499 661 1563 (lle
684 1504 776 1557 mundi
797 1506 922 1559 aetherei
944 1507 1144 1561 recentioribus
1168 1509 1376 1577 phoenomenis.
1404 1513 1474 1567 Pars
1489 1514 1524 1569 ll.

163 1576 231 1645 Cap.
246 1571 299 1643 L)
312 1577 455 1633 Maestlini
468 1580 638 1651 hypothesin
652 1600 679 1633 c:
692 1583 803 1646 nminat,
826 1602 886 1639 cum
900 1589 1331 1660 suacomparatredarguitque.
1372 1590 1436 1661 lpse
1458 1610 1524 1647 vero

162 1656 211 1709 lai.
229 1651 287 1710 2⁰6
310 1652 362 1723 (ih.
376 1674 439 1729 cap.
455 1656 544 1724 Vlll.)
559 1661 730 1731 hypothesin
754 1664 840 1718 talem
861 1666 1001 1735 proponit,
1026 1667 1053 1720 in
1067 1682 1123 1737 qua
1144 1674 1233 1722 motus
1248 1675 1373 1723 cometae
1396 1672 1524 1741 proprius

163 1735 305 1790 &culatis
328 1737 407 1792 initio
430 1741 535 1805 tardas,
559 1754 624 1794 mcx
639 1741 772 1806 intensus,
793 1743 822 1797 in
835 1746 889 1798 hue
902 1760 1010 1799 rursum
1024 1748 1121 1800 tardus
1143 1747 1301 1801 exhibetur.
1344 1750 1441 1821 ltaque
1457 1754 1525 1805 ecda

162 1816 215 1869 hoc
228 1832 333 1887 genere
347 1819 513 1890 argumenti,
537 1820 577 1873 sie
591 1821 698 1891 quidem
723 1818 870 1887 informati,
897 1832 930 1878 ut
943 1842 980 1879 ex
994 1840 1029 1880 ee
1043 1828 1114 1896 qued
1133 1833 1286 1895 putruerunt
1299 1828 1420 1882 artilloes
1442 1844 1525 1899 prae»

163 1902 247 1960 stara,
272 1899 348 1952 uada
368 1899 534 1954 credulitate
557 1906 587 1953 et
609 1901 736 1971 generali
758 1902 811 1956 illa
832 1904 1002 1973 conjectura,
1027 1907 1099 1976 quod
1122 1922 1217 1960 rerum
1238 1920 1305 1961 rere
1327 1916 1467 1972 munet,
1490 1912 1525 1963 de

163 1976 284 2031 raritate
298 1978 519 2048 suppositionum
531 1981 596 2050 quid
610 1988 812 2050 praesumatur.
855 1988 894 2038 nt
906 1984 1027 2038 mussini
1046 1985 1106 2039 alia
1118 1986 1165 2039 ria
1179 1988 1294 2040 eandem
1312 2000 1404 2041 arcem
1416 2000 1526 2044 matum

161 2072 275 2126 woupo.
316 2058 346 2113 Si
367 2058 440 2112 enim
462 2067 553 2113 mouns
575 2059 694 2114 Telluris
717 2063 752 2115 ad
780 2063 833 2115 hoc
856 2064 933 2118 utilis
956 2069 1009 2128 est,
1033 2072 1066 2118 ut
1089 2072 1256 2119 cometarum
1273 2072 1366 2120 motus
1388 2068 1525 2122 raatlhnei

160 2150 313 2207 eorumque
324 2144 465 2208 perpetra
475 2141 521 2193 rel
535 2139 723 2210 aequabilitas
738 2143 783 2194 rel
798 2144 990 2214 augmentatio
1004 2151 1055 2199 aut
1068 2145 1209 2199 caumana
1227 2145 1370 2201 diminutio
1387 2152 1527 2216 perpetua

162 2216 339 2271 satisfaciant
360 2219 525 2283 observatis,
550 2227 616 2273 tunc
638 2236 715 2284 sane,
740 2229 874 2292 quantum
897 2230 942 2278 est
963 2224 1207 2297 remsimilitudinis
1230 2225 1258 2278 in
1282 2231 1357 2279 motu
1380 2227 1524 2281 metilineo

161 2297 303 2366 aequabili
326 2314 471 2367 corporum
484 2300 699 2363 vanescentium,
724 2306 832 2356 tantum
852 2301 914 2356 hdei
929 2304 1045 2358 accedet
1064 2306 1151 2373 motui
1162 2302 1290 2368 Telluris,
1310 2304 1476 2374 praesertim
1499 2306 1524 2360 si

162 2377 252 2431 flexus
266 2376 394 2431 itinerum
408 2380 603 2448 apparentium
626 2379 797 2450 irregulares
811 2382 955 2437 occasione
979 2389 1069 2438 motus
1083 2384 1203 2438 Telluris
1225 2382 1386 2454 prevenisse
1406 2391 1523 2450 ωιιιιοι,

163 2456 347 2527 alienumque,
372 2473 444 2527 quae
462 2459 490 2511 in
505 2459 620 2513 cometis
635 2468 782 2529 apparent,
806 2463 880 2516 ratio
894 2465 1035 2518 reddatur.
1077 2463 1162 2518 Verbi
1177 2479 1264 2517 causa
1277 2463 1325 2517 ille
1339 2464 1400 2532 ipse
1414 2470 1525 2519 cometa

164 2536 229 2592 auui
246 2537 321 2591 1577
345 2544 422 2591 ortus
437 2552 473 2591 ex
487 2539 592 2592 ultimis
615 2540 743 2609 partibus
766 2542 910 2612 sagittmii
932 2544 1080 2597 maximum
1100 2543 1141 2596 ibi
1163 2549 1266 2596 motum
1280 2544 1413 2607 diurnum,
1438 2550 1525 2613 caput

164 2616 202 2680 7⁴,
218 2619 334 2671 mudum
349 2612 403 2671 22⁸¹
417 2618 532 2689 lengun
545 2618 687 2680 exhihuit;
710 2621 782 2674 haee
795 2622 888 2675 omnia
900 2622 1014 2677 fluerunt
1027 2623 1162 2677 diminuta
1173 2636 1270 2676 uersus
1291 2624 1382 2686 tinem.
1409 2625 1479 2676 adeo
1491 2626 1526 2677 ut

162 2697 190 2751 ia
204 2696 286 2769 signo
299 2697 422 2766 piscium,
446 2700 518 2767 quod
532 2701 687 2769 quadrante
702 2700 788 2754 distat
810 2716 830 2755 a
842 2701 1001 2772 sagittario,
1026 2703 1175 2756 stationem
1197 2708 1361 2770 peracturus
1376 2702 1524 2765 rideretur,

162 2775 214 2831 nisi
235 2776 405 2832 emuhset
447 2778 598 2840 Quaeritur
620 2795 692 2848 quae
715 2796 809 2843 causa,
834 2798 883 2834 cur
905 2788 1029 2835 nemetae
1050 2780 1126 2835 circa
1145 2783 1310 2850 quadratum
1324 2780 1385 2849 ejus
1408 2781 1470 2843 loci,
1495 2782 1523 2835 in

162 2872 216 2927 quc
238 2856 351 2911 maximi
371 2866 564 2928 apparuerunt
585 2866 617 2912 et
639 2858 811 2923 velocissimi,
837 2860 1059 2931 appropinquent
1082 2860 1203 2922 eudoni,
1234 2876 1283 2913 cur
1305 2859 1420 2914 medani
1441 2859 1524 2914 ricini

160 2936 209 2991 alii
224 2937 399 2991 occultentur
413 2938 578 3001 subdolam,
602 2945 635 2992 ut
648 2938 717 3001 iste;
741 2939 790 2992 alii
804 2940 888 2993 etiam
911 2940 940 2993 in
955 2940 1083 3008 opposito
1097 2939 1170 2993 Solis
1192 2938 1329 3007 paulatim
1342 2944 1521 3001 evanescant,

159 3023 193 3071 nt
205 3017 255 3071 ille
275 3016 341 3071 anni
358 3018 447 3083 1618,
471 3010 664 3073 ιωὶιιιιιθιιὶιιι
686 3017 743 3072 ista
764 3018 900 3089 plerique.
944 3019 1021 3081 Quod
1043 3019 1066 3070 si
1089 3017 1205 3086 potiaris
1227 3017 1360 3071 libertato
1379 3017 1522 3071 simularie

159 3103 250 3150 motus
265 3103 389 3150 cometae
405 3097 551 3162 tribuendi,
575 3112 688 3151 eausam
701 3115 751 3168 per
766 3115 860 3151 ornnes
874 3105 1000 3151 cometas
1015 3099 1129 3150 eandem
1144 3095 1234 3150 dicere
1258 3113 1313 3149 non
1327 3096 1441 3166 peteris.
1483 3100 1524 3150 st

159 3177 183 3230 si
205 3182 234 3231 te
257 3176 346 3246 ipsum
359 3178 473 3250 redigas
495 3180 530 3231 ad
552 3177 699 3248 angustias
723 3177 897 3246 trajectionis
920 3175 1091 3241 rectilineae,
1116 3175 1211 3229 statim
1236 3181 1357 3245 apparet
1370 3175 1523 3230 necessitas

159 3256 353 3328 phaenomoni.
395 3259 494 3329 ltaque
515 3259 627 3327 planum
651 3257 840 3326 trajectorium
855 3262 979 3309 cometae
999 3256 1065 3310 anni
1083 3256 1158 3310 1577
1173 3272 1228 3327 ego
1243 3255 1412 3309 ordinassem
1435 3254 1463 3308 in
1487 3270 1525 3309 ea

159 3337 242 3400 linea,
267 3352 318 3405 per
332 3352 414 3406 quam
428 3337 524 3408 pausis
539 3344 604 3407 post
617 3337 821 3406 disparitionem
841 3335 936 3388 diebus
950 3335 1083 3390 ridendus
1106 3335 1206 3389 hrisset
1229 3350 1315 3389 causa
1332 3333 1521 3405 longitudinis,

159 3416 183 3471 si
206 3415 402 3486 superbiisset,
431 3417 622 3488 uapeouonem
646 3417 735 3486 ipsam
757 3415 873 3485 primum
894 3416 1034 3480 relatam,
1055 3416 1094 3469 in
1115 3417 1265 3469 subeuntes
1288 3415 1347 3468 dies
1371 3413 1523 3468 tardiorem

160 3497 295 3559 messem,
319 3495 401 3567 idque
414 3514 466 3567 pro
477 3497 585 3551 neone
606 3495 830 3566 propinquitatis
840 3495 962 3564 partium
986 3495 1166 3564 trajectoriae
1180 3495 1272 3549 lineae
1287 3496 1323 3548 ad
1336 3494 1436 3557 Solem,
1457 3493 1524 3564 quia

160 3582 268 3630 cometa
280 3574 328 3629 ria
340 3577 455 3648 obliqua
477 3577 606 3648 fugiebat
627 3591 645 3628 a
658 3575 731 3637 Sele,
755 3575 903 3646 Tellusque
923 3575 1004 3628 simul
1023 3591 1042 3629 a
1055 3582 1172 3629 mmeta.
1214 3575 1276 3638 Qua
1297 3575 1407 3628 ratione
1421 3573 1523 3627 efficie-

159 3657 251 3720 batur,
273 3662 308 3709 ut
327 3665 435 3711 mmeta
456 3656 535 3711 initio
559 3655 665 3725 quidem
679 3654 816 3707 dimidiam
830 3655 902 3709 Solis
923 3654 1099 3709 altitudinem
1119 3656 1250 3717 haberet,
1274 3670 1312 3707 ex
1326 3670 1360 3706 eo
1384 3652 1521 3721 sphaeras

159 3736 284 3799 Veneris,
309 3736 437 3800 Telluris,
461 3735 559 3791 lintis
572 3734 725 3802 trajiceret,
749 3738 781 3786 et
801 3734 830 3788 ln
843 3734 898 3787 ilne
912 3735 975 3803 plus
993 3750 1075 3804 quam
1099 3735 1183 3804 triplo
1202 3734 1287 3788 altior
1300 3731 1366 3787 Sole
1380 3735 1522 3786 eramret.

158 3816 222 3871 litu
241 3815 338 3870 mirum
360 3816 456 3887 igitur,
481 3815 552 3885 quod
565 3813 722 3883 parallaxis
746 3812 774 3866 in
794 3830 828 3866 eo
851 3813 931 3867 nulla
952 3814 1121 3883 deprehendi
1143 3815 1244 3883 potuit.
1286 3813 1340 3867 Sed
1363 3815 1398 3865 de
1422 3812 1477 3865 bac
1489 3827 1521 3865 re

158 3897 223 3966 plus
246 3895 332 3950 sads:
356 3896 489 3950 hocloco
513 3894 596 3963 plura
616 3892 639 3946 si
661 3892 735 3962 petit
755 3893 851 3955 lector,
875 3892 961 3946 adeat
983 3910 1071 3948 meum
1091 3895 1125 3947 de
1139 3893 1258 3947 cometis
1282 3892 1416 3955 libellum,
1441 3906 1521 3961 quem

158 3974 286 4030 nundinis
307 3975 512 4029 commeatibus
534 3973 598 4026 anui
623 3973 697 4027 1619
718 3971 805 4026 emisi.
822 3965 862 4040 ⁸³)

239 4049 274 4127 g)
297 4055 445 4109 scribendo
468 4069 523 4125 ego
546 4052 573 4105 id
594 4052 725 4121 temperis
748 4053 839 4107 adhuc
859 4050 952 4105 didici:
983 4069 1018 4105 ne
1040 4050 1212 4122 perturberis
1236 4048 1323 4120 igitur
1345 4048 1539 4103 multitudiue

158 4135 215 4190 ista
228 4140 363 4189 motuum:
384 4133 496 4204 proprie
509 4135 563 4187 duo
577 4138 687 4186 tanmm
701 4139 774 4195 sunt,
798 4149 868 4186 unus
883 4133 920 4185 ab
933 4130 1042 4186 interno
1066 4130 1188 4201 pendens
1202 4129 1336 4200 principio
1350 4128 1520 4183 convolutio-

157 4215 199 4270 nis
212 4216 331 4270 darnae
354 4213 428 4268 eirca
449 4213 589 4283 proprium
614 4219 746 4274 centrum.
771 4213 845 4267 alter
864 4210 1039 4265 extrinsecus
1053 4209 1149 4264 aSole
1163 4208 1269 4264 Telluri
1289 4209 1387 4262 illatus
1411 4224 1520 4263 annum

157 4295 232 4351 circa
250 4294 354 4357 Solem
382 4293 436 4347 etsi
459 4294 620 4347 moderatur
644 4292 723 4345 illum
743 4291 898 4363 formatque
919 4290 962 4344 ris
992 4288 1152 4362 magnetica
1171 4282 1220 4357 ⁸⁴)·
1236 4288 1312 4343 llhris
1332 4288 1452 4343 Telluris
1478 4289 1519 4341 iu·

156 4375 226 4437 sita:
257 4373 304 4445 qui
324 4388 391 4427 vero
409 4373 510 4427 tertius
531 4372 578 4426 hic
602 4373 781 4435 commen,
812 4372 860 4425 ille
886 4371 965 4442 quiae
992 4378 1038 4424 eat
1066 4369 1158 4439 potius
1180 4369 1243 4423 axis
1264 4367 1383 4422 Telluris
1411 4367 1440 4421 in
1465 4368 1520 4421 situ

157 4455 311 4526 parallelo,
342 4455 405 4507 dum
424 4458 549 4508 centrum
569 4451 643 4505 mou
662 4450 755 4506 Solem
775 4454 877 4515 terrm,
908 4451 1003 4521 etqui
1024 4454 1140 4520 quartus
1168 4448 1213 4502 hic
1232 4447 1402 4511 ιοιιιὶιιιιιτ,
1429 4446 1455 4501 is
1476 4451 1521 4501 est

156 4535 277 4590 auena
302 4533 478 4603 perturbatio
505 4532 590 4603 hunius
611 4529 721 4602 quietis,
752 4539 816 4587 crta
836 4548 873 4586 ex
894 4531 1071 4587 sternuere
1099 4531 1214 4582 duomm
1235 4527 1383 4597 puriorum
1404 4534 1435 4581 et
1453 4543 1518 4596 pro·

158 4616 287 4685 priorum.
329 4614 383 4667 Sed
403 4615 438 4666 de
459 4612 502 4667 his
523 4613 596 4666 intra
616 4611 706 4679 plura.

226 4702 273 4758 lits
292 4706 409 4759 addenda
425 4713 484 4757 sunt
502 4722 548 4765 ea,
568 4719 633 4771 quae
651 4705 781 4769 adempsit
798 4705 921 4769 Keplerus
948 4700 999 4766 (vel
1019 4701 1175 4752 Maestlinus.
1202 4699 1288 4771 comp,
1309 4705 1394 4750 annet
1414 4695 1462 4758 bl)
1480 4704 1518 4748 ta·

156 4780 219 4831 m
234 4777 381 4908 ‘i'oabitliii
401 4850 536 4921 iuscripta
561 4858 617 4907 est:
649 4848 759 4903 'l'abula
779 4848 815 4909 l.,
846 4847 982 4901 exbibens
1009 4845 1130 4900 ordinem
1155 4844 1336 4913 sphaerarum
1362 4841 1431 4894 coel.
1462 4852 1518 4893 rne-

156 4933 262 5001 bilium,
283 4932 418 5008 sinumque
439 4944 534 4986 reram
553 4929 760 5002 proportionem
779 4926 978 4999 magnitudinis
997 4940 1093 4981 mum
1108 4925 1198 4996 juxta
1216 4922 1323 4976 medias
1343 4922 1397 4975 has
1410 4917 1517 4972 datan
