3872 5836
425 348 493 418 828
848 346 949 396 Literao
966 344 1070 408 Kepleri
1088 343 1240 407 aliorumque
1257 346 1360 392 mutuas

427 512 559 595 spatium
581 527 619 570 en
641 516 725 570 terra
748 504 860 578 exorti,
890 505 922 567 in
953 512 1083 577 terram,
1117 521 1197 585 aqua
1221 500 1311 576 facti,
1345 499 1493 563 recidunt.
1539 497 1621 560 Audi
1644 496 1784 571 rusticos,

428 600 546 684 quando
570 597 707 659 imminet
730 594 840 656 nebula
861 595 1001 667 aestiva,
1034 592 1160 664 nebula,
1197 591 1332 669 inquam,
1359 597 1390 650 et
1413 589 1529 669 grando
1551 587 1580 649 iu
1605 585 1712 658 eadem
1735 604 1784 646 re-

428 691 526 771 giooe.
571 686 613 748 Et
636 704 702 747 cum
725 684 780 746 libi
805 685 888 745 calor
911 681 1040 745 attrahit
1063 700 1177 748 crassa,
1201 680 1249 758 qui
1274 679 1347 739 milri
1371 698 1477 740 crassa
1495 676 1695 739 subtilisando
1716 693 1784 736 sur-

428 797 494 840 sum
517 781 693 857 promovet,
730 774 825 835 audes
849 770 941 833 etiam
967 770 1084 849 copiam
1113 768 1224 830 nivium
1260 768 1289 830 in
1314 767 1461 829 montosis
1494 773 1603 847 prote
1628 764 1784 837 adducere,

428 886 503 948 quae
527 863 687 925 manifeste
711 881 765 942 pro
789 880 835 923 me
858 859 960 929 facit?
1570 897 1574 909 ,

516 952 579 1015 Sed
603 952 716 1013 directe
740 951 865 1031 denique
890 965 1087 1026 responsurus
1111 965 1195 1006 meae
1224 942 1391 1024 objectioni
1421 943 1457 1005 de
1490 940 1695 1021 possibilitate
1719 941 1786 1019 plu-

429 1043 508 1119 endi,
532 1040 675 1119 pingendi
699 1040 727 1100 in
752 1037 919 1112 montanis,
945 1035 1081 1114 coniugis
1106 1036 1145 1096 ad
1169 1053 1273 1096 veram
1296 1051 1436 1106 cansam
1460 1031 1594 1113 proxime
1619 1038 1714 1101 stant,
1739 1030 1787 1090 iu-

373 1158 378 1161 ·
428 1132 506 1214 quis,
530 1129 699 1204 humorem,
724 1128 774 1209 qui
798 1128 836 1189 ab
860 1127 977 1188 interno
1002 1124 1146 1186 montium
1171 1125 1272 1185 calore
1298 1132 1402 1183 coetus
1426 1122 1613 1183 sublimatur.
1662 1116 1789 1180 Gratias

429 1238 497 1301 ago,
522 1239 592 1281 nam
616 1219 671 1279 hoc
696 1218 793 1297 ipsum
818 1216 885 1277 dico
909 1224 942 1276 et
960 1215 1027 1294 jam
1050 1214 1122 1274 olim
1146 1214 1220 1275 dixi.
1266 1210 1431 1291 Egregiam
1445 1229 1516 1271 vero
1540 1209 1697 1277 rationem,
1722 1226 1788 1268 cunr

424 1301 577 1372 ‘turbidius
600 1307 629 1368 in
653 1306 801 1368 Bohemia
823 1304 941 1365 coelum
954 1301 1112 1375 dixisses,
1148 1302 1218 1380 quia
1241 1299 1281 1361 ibi
1305 1299 1439 1360 oriuntur
1462 1298 1602 1371 flumina,
1638 1296 1709 1376 quia
1731 1296 1789 1357 hn-

429 1395 528 1461 milior
550 1408 650 1469 terra,
685 1394 755 1474 qnia
787 1395 824 1456 ob
857 1401 1001 1454 montana
1034 1390 1113 1451 intus
1147 1389 1307 1452 calentior!
1340 1387 1399 1475 ‚At
1422 1388 1478 1449 tibi
1501 1406 1559 1448 non
1582 1386 1685 1466 placet
1717 1404 1791 1445 vera

430 1505 537 1559 causa;
566 1486 597 1547 in
620 1484 729 1558 Dania,
755 1482 872 1563 inquis,
906 1498 999 1559 vapor
1024 1479 1144 1541 subtilis
1168 1480 1232 1540 siue
1256 1476 1365 1556 pluvia,
1380 1476 1491 1539 iterum
1514 1476 1658 1538 miscetur
1681 1493 1789 1554 aquae.

427 1574 546 1637 Juvabo
571 1581 612 1635 te.
659 1575 693 1634 ln
717 1573 817 1634 Dania
841 1569 1014 1650 superficies
1037 1568 1131 1630 maris
1155 1575 1301 1647 vaporat,
1335 1574 1498 1645 propterea
1530 1563 1602 1625 nihil
1637 1563 1700 1624 lere
1733 1562 1790 1624 uisi

430 1682 514 1726 rores
537 1648 608 1724 iu'de
632 1662 780 1735 existunt;
804 1659 834 1721 in
859 1658 1006 1720 Bohemia
1030 1657 1151 1721 fumant
1174 1665 1275 1718 terrae
1300 1655 1418 1716 viscera
1441 1672 1562 1715 crassos
1586 1670 1726 1731 vapores.

501 1749 655 1835 xTandem
679 1757 784 1828 aperte
809 1749 968 1810 confirmas
993 1765 1091 1807 meam
1115 1745 1310 1817 sententiam,
1338 1752 1456 1804 ruentes
1480 1742 1548 1821 plus
1571 1740 1686 1802 habere
1710 1750 1789 1801 tern-

429 1848 592 1921 pestatum
618 1858 707 1918 quam
730 1856 833 1909 mare;
857 1855 927 1897 nam
950 1835 1050 1896 sidera
1075 1835 1181 1897 fortius
1206 1834 1235 1895 in
1263 1832 1377 1894 solidos
1402 1840 1531 1906 montes,
1557 1848 1645 1909 quarn
1669 1830 1790 1891 mollem

431 1948 541 2009 aquam
564 1927 741 2008 impingunt.
788 1926 830 1986 Et
852 1925 909 1986 hoo
932 1943 991 1985 non
1015 1930 1064 1985 est
1087 1925 1125 1986 ob
1148 1934 1276 1989 montes,
1300 1921 1410 2000 inquis,
1437 1919 1524 2000 quasi
1547 1920 1616 1998 plns
1637 1919 1792 1990 exhalent,

432 2018 485 2079 sed
510 2017 548 2078 ob
573 2024 667 2088 astra,
693 2034 768 2093 quae
792 2015 860 2093 plus
880 2022 1043 2093 operantur
1065 2012 1096 2073 in
1118 2012 1308 2093 propositam
1331 2010 1369 2070 de
1392 2029 1448 2070 sua
1472 2006 1790 2071 essentiamateriam.

433 2104 559 2184 Siplus
584 2112 731 2164 astraea
754 2101 906 2164 montibus
930 2101 1072 2179 eliciunt,
1110 2103 1178 2181 plus
1206 2101 1298 2181 igitur
1327 2098 1517 2178 vaporabunt
1540 2103 1678 2172 montes,
1713 2096 1789 2177 quod

432 2195 528 2274 plane'
546 2212 602 2272 ego
626 2192 791 2265 contend03
821 2191 959 2270 quamvis
982 2199 1015 2252 tu
1038 2209 1142 2252 crasse
1165 2187 1387 2270 philosopharis
1412 2189 1449 2249 de
1474 2196 1625 2249 astrorum
1649 2185 1678 2247 iu
1703 2205 1791 2247 mou-

431 2292 480 2345 tes
505 2279 622 2343 fortiori
645 2281 788 2359 impactu.
835 2279 903 2341 Nou
928 2279 1021 2341 debes
1046 2280 1119 2342 milri
1143 2280 1199 2342 boc
1221 2277 1400 2358 principium
1423 2277 1586 2355 imputare,
1616 2275 1697 2355 quod
1719 2275 1811 2348 scis,
1900 2350 1901 2371 Χ

433 2391 453 2432 s
474 2389 522 2431 me
545 2370 575 2430 in
599 2368 877 2430 Dissertatiuncnla
899 2368 1025 2447 negari,
1061 2377 1115 2431 aut
1137 2368 1238 2450 potins
1261 2367 1345 2428 illam
1370 2385 1409 2428 ex
1430 2365 1569 2445 professo
1593 2382 1709 2425 sumere
1734 2362 1790 2425 im-

433 2459 635 2538 pugnandam.
1124 2500 1135 2517 ,
1181 2488 1187 2495 ·

501 2564 532 2614 ln
550 2564 627 2613 literis
645 2562 669 2613 d.
689 2562 713 2612 d.
734 2559 758 2610 2.
771 2561 835 2612 Deo.
850 2556 918 2609 1602
938 2559 1070 2622 Keplerus,
1090 2559 1243 2623 respondens
1261 2561 1295 2611 ad
1312 2560 1484 2624 quaestionem
1496 2558 1603 2609 Fabricii
1621 2558 1653 2607 de
1671 2557 1694 2606 ri
1713 2565 1791 2608 astro·

434 2635 516 2701 logica
534 2634 686 2684 nodorum
704 2632 808 2682 Lanae
827 2632 891 2683 haec
909 2632 1056 2696 scripserat:

521 2707 567 2767 De
587 2705 674 2766 nodis
699 2704 761 2765 fere
784 2703 960 2783 persuades,
985 2702 1042 2763 hoc
1065 2701 1195 2763 maxime
1221 2714 1407 2781 argumento,
1432 2701 1512 2781 quod
1536 2699 1695 2779 eclipticae
1718 2719 1791 2779 par·

433 2803 482 2858 tes
507 2796 639 2856 orientes
663 2793 723 2854 vim
747 2791 862 2854 habent
885 2792 1064 2864 maximam,
1098 2810 1154 2851 uon
1181 2810 1254 2853 saue
1278 2790 1388 2863 aliam,
1424 2808 1513 2869 quam
1538 2788 1616 2869 qnod
1648 2806 1792 2868 peream

434 2882 506 2954 Sol,
536 2884 627 2962 juxta
655 2890 687 2944 et
711 2883 853 2960 planetae
877 2886 1045 2942 transeunt.
1093 2876 1203 2948 Quidni
1234 2898 1305 2959 ergo
1330 2887 1362 2941 et
1384 2880 1435 2940 via
1458 2879 1564 2941 Lunae
1588 2877 1647 2938 vim
1671 2878 1793 2947 habeat,

433 2992 469 3036 ac
492 2973 616 3053 perinde
649 2970 743 3031 nodus
776 2967 943 3057 duplicem?
989 2965 1051 3028 Sed
1086 2966 1171 3040 vide,
1207 2968 1276 3047 quid
1311 2977 1464 3049 sequatur.
1510 2966 1591 3029 Nudi
1614 2966 1794 3047 reliquorum

432 3062 526 3123 etiam
550 3069 620 3122 snut
643 3056 866 3120 considerandi.
913 3054 1039 3131 Quanta
1071 3055 1230 3116 multitudo
1264 3063 1296 3115 et
1332 3057 1430 3137 qualis
1463 3056 1616 3116 varietas!
1660 3056 1732 3117 dum
1765 3054 1792 3116 in

433 3150 568 3231 qnalibet
591 3147 696 3228 genesi
720 3144 842 3225 propria
865 3154 913 3206 est
937 3145 987 3204 via
1002 3144 1116 3203 Lunae.
1164 3143 1209 3204 Tu
1232 3143 1334 3206 nescio
1350 3144 1420 3224 quid
1444 3143 1640 3224 impertinens
1664 3145 1701 3205 de
1721 3163 1792 3206 con·

432 3240 516 3301 fluxu
540 3236 666 3307 orbium,
692 3234 741 3314 qni
765 3234 838 3294 nulli
862 3240 933 3293 suut
956 3231 985 3290 in
1010 3231 1103 3305 coelo,
1129 3230 1230 3292 affers.

509 3326 548 3374 Ad
570 3324 634 3373 haec
658 3321 843 3377 Fabricius,
874 3334 979 3387 pergens
1003 3319 1029 3367 in
1055 3317 1132 3367 literis
1159 3319 1183 3368 d.
1205 3317 1245 3368 ll.
1265 3320 1324 3369 Feb.
1347 3314 1430 3376 160³,
1462 3321 1497 3370 sio
1515 3319 1654 3384 respondit:
1687 3318 1793 3369 Causam

437 3394 567 3445 efficaciae
586 3393 704 3443 nodorum
723 3390 811 3440 Lunae
836 3398 955 3453 exparte
979 3388 1051 3439 retuli
1078 3389 1110 3438 ad
1130 3404 1275 3440 concursum
1300 3390 1394 3440 orbium
1413 3389 1476 3440 Solis
1496 3398 1522 3440 et
1539 3392 1635 3440 Lunae.
1673 3390 1748 3451 Quod
1765 3390 1794 3439 ds

437 3465 595 3514 multitudine
614 3469 640 3513 et
657 3463 779 3512 varietate
798 3462 917 3511 nodorum
935 3461 1030 3524 objicis,
1049 3460 1109 3509 nihil
1128 3466 1173 3511 est.
1211 3461 1265 3511 Etsi
1289 3463 1354 3511 enirn
1378 3461 1408 3511 de
1427 3462 1526 3526 reliquis
1544 3463 1615 3519 nodis
1633 3476 1683 3510 non
1703 3461 1793 3515 dubito.

436 3535 570 3600 quidquam
588 3541 673 3584 tamen
692 3535 752 3583 certi
771 3531 859 3584 afferre
877 3548 928 3582 non
945 3547 1051 3596 possum.
1089 3532 1129 3582 De
1143 3532 1231 3582 Lunae
1250 3533 1321 3582 nodis
1339 3547 1378 3581 res
1397 3540 1485 3596 aperta
1503 3539 1554 3591 ests
1574 3548 1631 3583 cnm
1649 3533 1725 3581 Luna
1741 3546 1793 3582 nra·

435 3609 502 3670 iores
521 3607 553 3656 sd
573 3606 675 3655 Terram
693 3606 756 3654 vires
774 3604 881 3662 habeat,
910 3609 1008 3669 propter
1026 3603 1192 3661 vicinitatem,
1220 3619 1294 3669 quam
1313 3590 1439 3666 superioia
1457 3612 1539 3655 astra.
1567 3604 1627 3668 qnid
1643 3600 1747 3663 mirum,
1775 3603 1794 3652 sl

437 3677 509 3728 nodis
527 3677 615 3728 Lunae
634 3691 730 3741 quoque
747 3679 827 3738 major
845 3678 921 3725 virtus
940 3674 1116 3737 adstipuletur,
1136 3689 1210 3738 qnam
1229 3677 1332 3732 ceteris.
1351 3689 1453 3739 quorum
1471 3676 1527 3726 nodi
1547 3675 1672 3724 obscurius
1691 3687 1793 3738 operan-

438 3748 496 3800 tur?
531 3749 585 3815 Ego
605 3749 771 3812 experimento
791 3748 821 3797 de
839 3749 910 3798 nodis
928 3748 1001 3797 nitor.
1041 3745 1133 3797 Credat
1150 3746 1222 3806 alins¹
1241 3761 1403 3811 quaecunque
1421 3746 1494 3805 velit,
1513 3746 1585 3796 modo
1604 3745 1736 3796 manifeste
1754 3761 1792 3794 re·

435 3822 506 3873 ritatl
524 3822 572 3870 rim
591 3834 641 3870 non
659 3819 758 3869 inierat.
1458 3810 1467 3817 ’
1521 3820 1531 3836 ·

525 3908 708 3988 Keplerus
742 3909 786 3983 (iu
811 3906 907 3970 literis
932 3907 960 3970 d.
986 3906 1014 3970 d.
1037 3903 1069 3969 4.
1094 3906 1198 3979 Julii):
1236 3905 1283 3967 De
1307 3907 1393 3968 nodis
1417 3908 1521 3969 Lunae
1545 3908 1698 3971 subiratus
1722 3928 1793 3971 oon·
1900 3896 1901 3943 ι

437 3997 552 4059 cludis:
591 4015 648 4076 ego
673 3995 871 4075 experientia,
896 3994 1003 4075 inquis,
1030 3996 1118 4067 nitor,
1143 3996 1249 4055 credat
1268 3994 1361 4069 alins,
1386 3995 1456 4075 quid
1480 3996 1564 4059 velit.
1610 3997 1694 4077 Ergo
1718 4018 1792 4060 unn-

437 4086 542 4147 ciabo:
577 4091 609 4146 et
640 4103 697 4165 ego
730 4085 843 4158 fateor,
877 4084 948 4147 mihi
977 4092 1150 4164 suspectam
1180 4092 1261 4145 tuam
1297 4084 1532 4163 experientiam,
1567 4093 1673 4166 utpote
1707 4086 1791 4149 nimis

438 4174 600 4244 subtilem;
631 4174 711 4234 malo
735 4191 807 4253 ergo
830 4173 974 4246 rationes,
999 4193 1075 4254 qnae
1099 4172 1339 4253 praeeuntium,
1364 4175 1513 4237 credendo
1537 4175 1631 4257 sequi,
1660 4175 1792 4257 quamvis

438 4262 494 4324 hoc
518 4261 591 4323 nihil
616 4262 655 4322 ad
679 4261 886 4340 propositum
911 4264 973 4324 lere
998 4263 1086 4335 euim,
1113 4263 1200 4336 scito,
1224 4269 1324 4324 tecum
1348 4263 1514 4326 consentio.
1542 4340 1547 4347 Β

508 4368 695 4417 Fabricius:
728 4366 758 4415 In
777 4368 903 4417 renuntia
921 4369 952 4418 do
970 4368 1295 4425 inelimatiouibnset
1312 4371 1582 4432 temperamentis
1601 4366 1636 4434 (p.
1651 4366 1713 4426 322,
1732 4365 1791 4430 tat)

437 4439 481 4489 tibi
494 4439 586 4503 partlm
605 4439 722 4497 mentio,
741 4439 832 4501 partim
849 4453 908 4487 non.
946 4439 985 4489 'l'n
1002 4439 1191 4489 inclinationum
1210 4453 1312 4489 causam
1331 4441 1407 4489 reiers
1425 4441 1458 4490 ad
1475 4442 1541 4504 ipsos
1553 4441 1677 4506 planetas,
1696 4448 1723 4491 et
1740 4446 1793 4504 post
1900 4508 1901 4515 ἵ

437 4525 533 4576 qnoque
556 4512 611 4573 ipss
633 4510 832 4574 temperamenta
855 4509 1022 4560 constituendi
1044 4514 1195 4573 potestatem
1217 4510 1266 4560 illis
1291 4511 1413 4560 attribuis.
1451 4511 1493 4562 Sic
1511 4526 1607 4577 quoque
1624 4512 1791 4563 fortitudinem

437 4586 464 4630 st
482 4581 634 4630 debilitatem
654 4581 688 4630 eis
707 4579 839 4641 concedis,
859 4580 997 4630 bonitatem
1016 4596 1072 4630 vero
1092 4586 1118 4630 et
1134 4581 1256 4631 malitiam
1276 4582 1375 4631 aliunde
1394 4581 1503 4632 deducis.
1540 4582 1627 4648 Nego,
1660 4598 1723 4641 „nec
1742 4588 1792 4632 arte

437 4665 485 4703 nso
511 4654 602 4702 aetatis
628 4666 744 4714 processu
770 4651 945 4702 inclinationes
973 4650 1093 4708 mutari;“
1126 4653 1179 4716 qnis
1208 4654 1273 4702 enim
1300 4654 1421 4703 amenum
1449 4659 1563 4703 aetatum
1589 4653 1731 4705 differentis
1746 4668 1791 4703 non

438 4723 565 4787 cognoscit
582 4723 653 4773 simol
672 4723 863 4779 inclinationes,
883 4737 912 4771 ex
931 4724 1017 4772 anima
1034 4722 1153 4772 sensitiva
1170 4729 1245 4784 ortas,
1264 4723 1374 4773 mutari?
1411 4721 1546 4787 (Keplems
1564 4726 1589 4774 in
1607 4726 1721 4791 unumne
1738 4725 1791 4774 lits-

437 4807 520 4845 rarum
533 4794 652 4844 Fabricii:
673 4793 758 4853 ,Male
777 4794 853 4844 retest
870 4807 928 4843 mes
945 4792 1046 4843 rerba⁸⁸
1083 4793 1182 4844 Deinde
1195 4795 1228 4845 ad
1239 4797 1348 4859 proxime
1360 4797 1498 4859 praemissa
1510 4802 1537 4845 et
1548 4798 1690 4860 sequentis:
1712 4795 1793 4856 ,Vera

438 4864 506 4914 dicit.
543 4864 610 4916 Vide
628 4865 687 4930 quid
704 4870 733 4915 tu
751 4862 916 4929 scripsmsf)
954 4863 1016 4927 Quis
1034 4878 1084 4915 non
1103 4865 1177 4923 ridet,
1197 4866 1259 4917 allos
1278 4868 1369 4932 pneris,
1388 4866 1451 4916 alios
1467 4868 1561 4933 jurani,
1580 4866 1642 4917 alios
1654 4868 1715 4931 viro,
1732 4866 1791 4917 alios
