3788 5828
713 369 797 421 mu·
815 370 931 422 sauss
1441 370 1503 440 197

29 590 39 605 q
140 532 253 587 husus,
280 530 392 585 omium,
409 529 526 592 Tenem,
550 543 684 595 emaque
702 528 770 581 Deos
783 531 926 589 ‘imoeabit
952 533 1043 585 misero
1066 533 1111 581 sthi
1130 533 1220 583 auido
1238 540 1268 583 ut
1285 536 1394 587 veniant
1431 534 1507 587 flauo

141 604 268 667 permittet
285 602 385 667 quidem
402 601 473 652 uem
491 601 585 666 aliquot
603 617 681 653 annos
699 610 759 651 snas
778 603 880 667 experiri
899 604 977 658 vires.
1003 611 1032 653 ut
1053 604 1179 669 intelligat
1204 605 1325 668 denique,
1352 606 1441 659 baculo
1460 622 1505 659 suo

142 675 241 725 mnium
260 688 291 723 ex
308 674 413 725 ustrou
430 673 537 736 periculo
555 688 582 722 se
600 674 699 723 liberari
715 688 803 736 posse;
822 688 901 737 porro,
918 676 1025 737 jamjam
1043 676 1154 725 animum
1172 676 1343 739 despondenti,
1363 678 1439 742 ipsius
1458 680 1504 728 mi·

141 754 220 795 seruis
238 743 319 802 Deus,
337 758 439 795 manum
456 745 567 809 porrigit,
586 758 710 809 manuque
730 743 763 797 ad
781 751 893 808 optatam
910 750 1004 797 metm
1022 746 1142 809 perducit

210 816 323 867 Baculus
342 815 474 867 astrcscmi
494 822 533 866 est
550 817 605 880 ipsa
623 815 802 865 mathematica
820 830 865 866 seu
882 818 1034 880 geometria,
1062 831 1111 881 qua
1135 818 1200 867 mam
1224 822 1321 868 tentare
1345 824 1371 868 et
1389 820 1505 869 insistere

141 889 245 952 primum
264 887 348 937 audet.
387 886 453 947 Quid
472 887 564 937 etenim
582 885 685 936 hnmani
702 887 796 952 ingenii
813 888 877 936 vires
902 887 934 936 ad
958 887 1053 937 divinus
1076 887 1122 937 has
1151 904 1189 937 res
1212 894 1312 952 temque
1331 904 1348 939 a
1365 890 1503 953 nobis-dis·

141 961 201 1009 sitas
224 958 310 1023 procul
333 957 540 1023 investigandas?
577 956 642 1018 Quid
662 958 828 1023 caliginantes
846 956 930 1007 oculi?
967 958 1072 1008 Proinde
1091 960 1138 1008 nisi
1157 958 1226 1008 Dens
1249 960 1284 1008 illi
1309 974 1353 1023 pro
1372 975 1419 1011 sua
1436 958 1504 1010 beni·

141 1032 239 1094 gnitate
258 1036 338 1079 motus
356 1029 467 1078 heroicos
485 1028 608 1087 indiderit,
628 1035 655 1078 et
671 1035 792 1092 tanquam
809 1043 886 1078 mauu
902 1044 947 1092 per
964 1029 1210 1094 incomprehensibile
1223 1030 1287 1079 alits
1305 1032 1396 1081 rationi
1414 1031 1502 1082 hnma-

140 1117 190 1151 use
207 1103 256 1151 iter
274 1100 412 1157 deduxerit,
430 1100 499 1150 haud
517 1100 671 1159 crediderim,
690 1100 742 1150 ulla
759 1100 785 1149 iu
803 1114 831 1148 re
850 1105 1017 1149 asmoucmum
1030 1115 1107 1151 caeco
1119 1101 1161 1150 llio
1173 1104 1388 1164 praestantiorem
1406 1109 1432 1153 et
1449 1103 1503 1153 teu·

141 1175 232 1223 ciorum
244 1187 308 1227 eme.
325 1178 500 1236 praeterquam
511 1172 577 1236 quod
587 1186 632 1221 suo
644 1173 744 1236 ingenio
757 1171 891 1236 Quando
904 1170 991 1233 tideus,
1012 1175 1040 1220 et
1056 1186 1100 1221 suo
1118 1172 1152 1221 ilii
1171 1173 1261 1223 menie
1274 1173 1368 1223 divinos
1387 1173 1506 1224 exhibeas

140 1244 261 1301 honum,
284 1245 366 1312 ipsam
384 1242 516 1309 Ursuiam
531 1243 563 1291 ab
587 1242 672 1303 inlen's
697 1243 906 1307 resccatqmsibi
923 1243 1144 1308 congratulabitur.
1181 1243 1230 1294 Ubi
1248 1250 1333 1294 autam
1351 1259 1403 1295 rem
1421 1245 1506 1297 securri

141 1324 213 1366 recta
229 1317 352 1379 reputem
369 1312 418 1371 ria.
437 1329 465 1364 se
483 1328 534 1371 mu
552 1306 687 1365 beatiorem
708 1313 805 1379 Orphea
825 1328 880 1364 assa
898 1315 1003 1370 mutiet,
1022 1314 1063 1378 qui
1081 1315 1181 1378 quidem
1198 1316 1281 1364 animo
1300 1330 1372 1367 suam
1388 1329 1416 1365 se
1434 1315 1505 1365 Euri·

142 1387 215 1437 dicen
233 1388 301 1451 sequi
321 1386 447 1440 cernebat,
467 1398 522 1433 cum
542 1400 647 1435 exerce
666 1384 831 1435 saltabundus
850 1385 1007 1442 ascenderet,
1024 1392 1081 1449 post
1100 1400 1171 1441 raro.
1190 1393 1219 1439 ut
1237 1386 1270 1437 ad
1288 1401 1333 1437 ora
1351 1388 1442 1437 Averni
1459 1386 1507 1436 tuit

140 1463 300 1522 perrectum,
324 1472 399 1522 quum
416 1456 523 1506 maxime
541 1455 634 1506 habere
653 1470 680 1505 se
702 1456 833 1521 sperabat,
858 1471 887 1505 ex
910 1456 987 1507 oculis
1001 1458 1095 1515 =iterum
1114 1455 1147 1507 ad
1165 1457 1255 1506 inferes
1274 1457 1378 1522 delapsa
1396 1458 1505 1508 evanuit.

211 1594 258 1659 ⁸8)
275 1614 300 1662 p.
319 1594 380 1646 ies.
418 1597 503 1662 comp.
525 1600 694 1662 Appendicem
715 1599 747 1647 ad
765 1599 854 1647 librum
872 1596 903 1645 V.
923 1596 1128 1649 Harmonicorum
1147 1598 1257 1662 Kepleri.
1289 1598 1428 1649 Ptolemaei
1445 1599 1506 1649 har-

139 1671 254 1728 monica,
272 1683 338 1734 quaa
356 1669 455 1720 danda
472 1668 519 1720 sibi
538 1677 697 1733 proposuerat
716 1670 852 1733 Keplerus.
870 1684 920 1718 non
938 1670 1088 1734 prodiemnt
1126 1668 1199 1729 Quae
1218 1670 1248 1719 de
1266 1669 1304 1719 his
1323 1671 1472 1727 absolverat,
1492 1685 1507 1719 ο

141 1742 315 1805 msuuscriptis
347 1740 449 1804 Koplerl
486 1741 609 1805 Persepoli
643 1742 795 1791 mesenatis
827 1741 942 1791 desumta
973 1741 1097 1809 addentur
1129 1740 1291 1792 Harmoniae.
1335 1741 1505 1792 wallisius

140 1813 348 1944 imma&
373 1812 449 1863 libros
470 1811 509 1862 111
530 1812 669 1863 Ptolemaei
696 1827 753 1865 cam
780 1814 964 1862 commmunia
985 1812 1113 1875 Porphyrii
1138 1811 1216 1861 edidit
1241 1811 1352 1862 Osculae
1378 1827 1402 1862 a.
1429 1809 1505 1861 1682.

152 1898 234 1934 reem.
258 1882 269 1933 i
327 1919 334 1932 .

216 2021 264 2086 39)
280 2040 307 2091 p.
328 2021 387 2073 iat.
418 2023 491 2074 Haec
508 2040 554 2074 rex
574 2026 655 2077 ..sacri
667 2031 807 2074 astronomo
820 2025 915 2074 numeri
934 2020 959 2081 a,
980 2021 1022 2082 12,
1042 2019 1092 2073 60¹⁴
1113 2039 1143 2073 eo
1161 2026 1276 2088 pertinet.
1295 2025 1506 2090 quodastronomi

141 2098 209 2146 vario
228 2095 300 2146 modo
319 2095 368 2144 illis
385 2097 424 2146 usi
442 2101 515 2154 sunt,
541 2112 564 2144 r.
584 2112 605 2147 c.
625 2096 754 2146 comacum
773 2094 903 2145 dividendo
926 2097 952 2144 in
978 2093 1108 2145 duodecim
1133 2097 1219 2160 signa,
1245 2110 1288 2146 sex
1311 2096 1435 2153 borealia,
1461 2110 1505 2146 sex

139 2167 267 2226 msualia,
287 2167 440 2217 numerando
454 2164 507 2215 aad
518 2169 620 2233 gradus,
640 2167 770 2218 duodecim
783 2168 843 2216 suni
854 2181 961 2220 menses.
979 2181 1022 2215 sex
1033 2166 1149 2235 planetas
1163 2164 1207 2216 dte.
1223 2164 1314 2231 (comp.
1330 2181 1389 2216 ann.
1402 2167 1504 2231 Keplerl

139 2242 165 2289 is
177 2239 358 2304 praelationem
370 2254 395 2304 g.
413 2253 436 2302 p.
453 2235 524 2297 itu).
554 2237 627 2299 Quod
638 2253 694 2288 vero
707 2239 733 2286 iu
746 2238 918 2287 umcnomicir
930 2238 1154 2300 computationibus
1172 2238 1376 2302 frequentabatur
1387 2253 1503 2288 numerus

141 2307 184 2367 dl).
205 2310 300 2360 iactum
319 2316 367 2366 est,
385 2318 415 2358 ut
432 2310 529 2373 plurimi
542 2311 685 2366 astronomi,
704 2310 745 2374 qui
764 2309 894 2359 ediderunt
912 2307 1010 2358 tabulas
1028 2310 1223 2364 macnomicsm
1240 2311 1429 2372 praemitterent
1449 2315 1503 2367 „ta-

138 2381 224 2433 bulam
242 2382 459 2445 magenarium,
479 2381 640 2437 etlibrorum,
660 2382 825 2431 uaonomise
838 2386 973 2444 praecepta
984 2379 1144 2447 uadendum,
1164 2380 1234 2431 multi
1252 2381 1373 2430 referrent
1392 2381 1502 2445 „logisti-

139 2468 196 2504 cam
214 2451 431 2518 sexagenariam&
459 2450 531 2512 Quae
551 2452 697 2518 „logistica“
717 2466 792 2516 quum
810 2453 910 2515 saepius
928 2457 1043 2500 occurrat
1060 2453 1086 2499 iu
1099 2451 1195 2515 scriptis
1208 2451 1319 2515 Kepleri‚
1338 2452 1403 2502 baec
1416 2453 1505 2515 paucis

140 2518 254 2573 notanda
270 2525 415 2573 censemus:
443 2523 570 2575 Camillis
589 2525 738 2588 temporibus
757 2523 890 2573 trachones
909 2521 1042 2585 decimales
1060 2521 1169 2571 noudum
1187 2523 1213 2571 in
1231 2538 1277 2571 usn
1296 2529 1395 2577 esseut.
1422 2529 1501 2571 astro-

139 2597 206 2644 nomi
225 2595 258 2645 ad
276 2594 454 2645 sublevandum
466 2595 589 2644 crdculum
602 2609 724 2655 numeros,
744 2609 845 2658 querum
858 2595 1006 2658 praecipuus
1018 2594 1077 2656 ipsis
1089 2608 1147 2641 usus
1161 2600 1223 2650 erat,
1244 2591 1287 2648 60.
1309 2588 1364 2656 Ἃρ,
1386 2590 1443 2656 'lm
1456 2592 1503 2643 dte.

139 2666 213 2715 simili
231 2666 283 2716 iera
301 2667 397 2715 ndone
416 2665 580 2721 adhibebant.
604 2681 654 2732 que
671 2681 738 2715 nunc
755 2665 889 2715 fractiones
899 2662 1042 2714 ¹'decimales
1060 2670 1176 2722 utuntur,
1197 2665 1339 2714 omittentes
1358 2665 1503 2714 denomina-
1598 2660 1602 2666 ”

140 2743 222 2793 torem
247 2739 285 2787 ita
301 2744 331 2786 ut
348 2733 384 2783 uo
401 2738 511 2787 unitates
530 2737 620 2787 ordinis
639 2738 775 2788 interieris.
800 2734 812 2783 l
835 2736 957 2785 unitatem
972 2734 1072 2783 ¹ordinis
1096 2736 1226 2798 superioris
1252 2740 1376 2798 aequeut;
1400 2735 1452 2785 sire
1476 2739 1505 2784 ut

63 2868 68 2869 γ
140 2809 221 2860 verbis
240 2808 364 2872 scriptoris
381 2807 479 2858 illorum
496 2815 633 2872 temporum
652 2807 721 2867 (Seb.
741 2806 899 2862 Theoderici.
927 2807 966 2856 cui
990 2806 1022 2854 ab
1047 2805 1107 2854 urbe
1129 2807 1211 2868 patris
1233 2806 1386 2855 Winshemio
1412 2820 1504 2855 nomen

141 2888 195 2937 est,
222 2880 248 2929 in
263 2878 360 2929 libello:
387 2880 518 2945 Logistica
535 2882 710 2930 umonomics.
731 2875 812 2938 158³)
831 2883 944 2926 utamur:
971 2879 1156 2941 „integrum
1174 2877 1281 2927 medium
1300 2877 1382 2926 locum
1401 2877 1503 2936 euacua,

141 2951 316 3002 collectum
339 2953 506 3016 seam
529 2951 658 3002 miricae
684 2950 813 3001 constitnit
836 2961 1018 3013 sexagensmm
1041 2947 1166 3003 orrhnem.
1192 2949 1335 2998 divisum
1360 2962 1415 2998 rere
1434 2960 1507 2998 scas·

140 3023 248 3089 pausus
264 3023 382 3073 divisione
400 3022 478 3075 efficit
494 3023 663 3086 smupulorum
682 3019 818 3072 ordicosa⁸
857 3060 861 3065 .

212 3160 260 3224 su)
278 3179 302 3228 p.
322 3160 382 3213 140.
417 3161 491 3215 Hanc
510 3164 541 3215 da
561 3162 716 3214 conterendis
734 3163 840 3211 motibus
859 3160 1007 3212 coelestibus
1030 3174 1087 3210 cum
1104 3161 1171 3208 souis
1188 3159 1337 3210 harmonicis
1356 3158 1505 3222 disputatio·

142 3249 200 3285 nem
226 3240 254 3283 st
276 3235 401 3299 utriusque
425 3251 481 3284 cum
504 3235 718 3289 sectiouecirculi
736 3236 761 3283 iu
780 3240 863 3298 partes
884 3232 1051 3290 „mdonules“
1077 3233 1300 3294 comparationem,
1327 3244 1402 3295 qnam
1419 3229 1506 3293 paucis

141 3308 182 3357 bic
201 3306 320 3363 absolvit,
338 3306 461 3371 Keplerus
479 3308 545 3358 brari
563 3313 620 3371 post
638 3307 733 3356 editum
751 3306 911 3355 Prodromum
929 3304 1038 3369 pluribus
1058 3302 1209 3367 aggreditur,
1229 3301 1394 3351 fundamenta
1409 3301 1507 3363 iaciens
1539 3319 1541 3323 ’

141 3379 222 3443 operis
240 3376 305 3426 illius
328 3374 491 3433 celeberrimi,
521 3378 690 3436 „Harmoniae
709 3376 795 3427 Mundi
805 3376 830 3436 ,⁴
856 3378 882 3425 in
908 3390 955 3440 quo
977 3390 1030 3425 rem
1053 3375 1151 3439 propius
1178 3374 1211 3424 ad
1235 3380 1313 3423 artem
1328 3374 1507 3437 -rseionemque

141 3452 252 3501 mersa

211 3518 350 3571 Primordia
367 3519 440 3582 hujus
459 3519 752 3591 disputationisqsuhtilis
777 3527 803 3570 et
826 3520 956 3569 abstrusae
980 3516 1186 3581 deprehendimus
1208 3517 1234 3565 in
1259 3514 1336 3566 literis
1360 3513 1394 3565 ad
1411 3512 1507 3563 licest-

142 3594 221 3645 tuum
239 3592 306 3642 datis
323 3591 348 3641 d.
369 3588 410 3641 29.
430 3593 496 3658 Aug.
517 3588 600 3647 ibid.
619 3593 661 3641 cui
678 3592 742 3642 haec
758 3591 791 3642 de
809 3590 898 3641 studiis
915 3591 966 3640 suis
983 3589 1074 3640 micat:

221 3702 286 3755 Jam
299 3706 408 3769 tempus
423 3706 474 3762 est,
490 3706 526 3753 ut
540 3698 604 3753 tibi
619 3716 749 3770 quoque
764 3700 949 3753 studiorum
965 3714 1109 3751 meorum
1125 3696 1296 3752 rationem
1310 3695 1453 3749 reddam.
1478 3692 1508 3748 si

140 3782 288 3853 Turbingae
309 3797 406 3844 essem,
431 3797 531 3834 norum
553 3780 673 3851 aliquem
687 3773 717 3834 et
730 3781 842 3833 brevem
856 3780 981 3832 libellum
1002 3777 1159 3831 meditarer.
1188 3775 1262 3829 Saue
1277 3775 1343 3845 quia
1356 3772 1508 3828 rectissime

141 3861 308 3919 Maestlinus
323 3860 375 3913 mei
394 3860 527 3921 similibus
551 3860 670 3914 dixerit:
693 3860 752 3913 sine
774 3876 816 3912 mc
838 3858 907 3912 nihil
922 3857 1040 3928 potestis
1060 3858 1163 3910 iacere.
1193 3856 1263 3909 Nam
1278 3853 1508 3926 cosmographiae

141 3942 253 3998 libellos
269 3942 308 3996 IV
330 3956 384 3994 non
406 3943 547 4004 tractabo,
573 3941 623 3995 nisi
643 3939 781 4011 Tychonis
803 3938 968 3993 editionibus
991 3938 1181 4007 supervixero.
1219 3936 1328 3989 Titulus
1348 3935 1435 3989 libro:
1457 3935 1508 3988 De

141 4021 459 4099 Harmqniamuudi.
488 4021 590 4093 Arrige
606 4038 696 4075 aures.
726 4016 847 4092 Εὑρηκα.
876 4018 995 4072 Primum
1010 4016 1157 4087 dupliciter
1172 4016 1380 4070 considerantur
1398 4013 1507 4085 quanti-

140 4111 224 4159 tates.
246 4107 304 4156 Aut
313 4102 340 4155 in
352 4108 454 4172 quarta
463 4104 524 4170 (sie)
540 4102 632 4172 specie
643 4099 796 4173 qualitatis,
813 4107 843 4152 et
856 4099 926 4152 dunt
941 4098 958 4152 5
970 4113 1088 4167 corpora
1100 4097 1252 4167 regularia,
1273 4095 1508 4156 13Archimedca,

140 4191 171 4239 et
188 4184 283 4237 lcrsan
303 4182 410 4252 aliquot
423 4183 607 4250 Kepleriana‚
629 4179 779 4251 ciqjusmodi
801 4197 885 4233 unum
906 4178 956 4232 tibi
978 4178 1039 4230 loco
1060 4176 1198 4231 honorarii
1221 4176 1300 4230 mitto
1315 4175 1510 4231 conficiendum

141 4263 224 4319 isthic
238 4282 275 4317 cx
297 4262 438 4317 duodecim
462 4258 486 4331 ’i
506 4285 511 4317 :
534 4262 624 4333 possit
641 4263 714 4316 enim
723 4262 788 4331 jure
803 4259 901 4312 merito
917 4258 988 4312 inter
1002 4257 1148 4327 regularia
1161 4255 1271 4317 referri,
1289 4256 1340 4309 uisi
1354 4256 1426 4326 quod
1440 4252 1509 4308 nihil

53 4341 58 4350 ’
141 4351 188 4399 est
201 4344 288 4406 alind,
304 4358 387 4413 quam
400 4344 592 4398 dodecaddrou
606 4349 717 4397 anctum
732 4339 794 4409 [sed
808 4331 1043 4410 regularissime).
1068 4338 1150 4391 Alter
1164 4336 1351 4406 quantitatum
1365 4341 1509 4407 respectus
1564 4362 1569 4369 ι

142 4429 255 4479 estnon
269 4439 508 4498 σωματοποιησις,
531 4424 578 4476 sed
594 4421 762 4492 comparatio
776 4436 868 4474 rerum
882 4420 1011 4489 ipsarum,
1028 4433 1099 4487 quae
1114 4423 1179 4470 sunt
1193 4416 1221 4470 in
1235 4432 1363 4489 σωμασιν
1377 4416 1404 4469 in
1418 4415 1509 4485 planis

143 4512 173 4559 et
186 4505 281 4559 solidis
296 4504 485 4578 regularibus.
514 4504 556 4558 lbi
571 4503 642 4556 enim
657 4502 784 4576 metimur
802 4502 909 4562 latera,
935 4498 1054 4568 angulos
1075 4495 1136 4559 dac,
1162 4497 1215 4549 hoc
1238 4505 1294 4560 est,
1319 4510 1509 4565 comparamus

143 4586 196 4643 ilia
209 4587 246 4641 ad
260 4590 364 4639 certam
379 4601 543 4639 mensuram.
572 4582 625 4637 Sed
644 4582 715 4636 baec
734 4586 818 4634 extra
836 4580 923 4634 oleas.
954 4578 1024 4632 illud
1043 4594 1126 4631 unum
1148 4578 1294 4629 tenendum
1316 4576 1376 4638 hie,
1399 4591 1510 4646 geoma

142 4665 216 4720 triae
239 4665 380 4734 objectum
399 4682 460 4719 esse
475 4669 579 4737 λογους
597 4672 627 4716 et
647 4659 807 4729 ἆνάλογιας.
836 4660 889 4715 Sed
902 4664 990 4730 ioyor
1008 4656 1156 4727 simplicior
1169 4663 1199 4708 et
1212 4656 1295 4725 prior.
1324 4660 1433 4727 Aoyorv
1446 4659 1512 4708 suut

143 4746 251 4809 induiti,
272 4752 304 4800 ut
318 4752 404 4798 autea
418 4744 632 4814 superficierum,
652 4748 850 4807 etcorporum.
878 4741 931 4795 Sed
947 4747 1040 4792 tamen
1054 4738 1304 4798 demonstrandum,
1326 4752 1389 4789 esse
1407 4742 1526 4804 paucea‘
1543 4750 1552 4773 i

144 4827 253 4897 aliquos
268 4825 398 4895 pulchros
412 4825 538 4889 eximios,
559 4825 643 4878 etad
663 4818 867 4875 similitudinem
888 4830 1033 4888 corporum
1053 4817 1208 4887 regulares.
1236 4818 1293 4870 Eos
1309 4831 1406 4868 senam
1420 4812 1512 4882 prodit
1533 4856 1543 4865 ο

144 4907 174 4965 irs
193 4906 314 4965 musica:
341 4898 379 4967 'lu
398 4900 438 4969 Ἰο,
463 4900 502 4972 is,
522 4899 562 4971 iu,
578 4896 621 4968 Ἰ»,
639 4898 682 4967 Ἲς,
700 4892 742 4962 ³t,
761 4892 791 4957 ‘is
814 4916 874 4955 cum
892 4900 949 4953 suis
964 4895 1159 4969 completoriis.
1188 4895 1237 4949 isti
1254 4900 1339 4966 loyor
1358 4899 1424 4946 sunt
1441 4907 1511 4947 scc-
