3814 5818
413 348 479 416 sul
578 372 583 377 ·
965 349 1085 411 spongia
1103 347 1226 408 cyon-nn

414 512 551 592 superior
573 509 700 570 circulus
718 507 846 568 Veneris
869 507 1020 579 includat,
1056 516 1147 585 atque
1169 506 1214 566 ita
1241 508 1290 578 lit,
1316 516 1349 566 ut
1371 506 1428 567 hae
1451 508 1533 569 duae
1557 507 1682 580 stellae,
1705 525 1771 569 eum

415 618 470 683 per
492 599 662 678 superiores
686 596 864 657 circulorum
888 614 1006 656 snorum
1032 595 1161 656 vertices
1176 603 1308 668 currunt,
1333 595 1542 674 intelligantur
1560 614 1651 674 sopra
1669 593 1770 656 Solem

415 690 551 760 locatae3
582 704 650 747 cum
677 702 749 745 uero
781 702 836 763 per
867 683 1012 746 inferiora
1042 690 1213 745 commeant
1246 683 1439 758 circulorum,
1472 682 1530 746 Sol
1560 683 1605 745 eis
1636 683 1772 762 superior

414 774 624 838 aestimetuP‘.
671 773 884 851 Subintellige,
907 792 974 835 cum
993 782 1095 834 tamen
1111 772 1191 833 idem
1204 772 1321 833 coelum
1335 773 1534 847 circumeant,
1558 772 1605 835 uti
1616 790 1709 851 supra
1721 772 1769 833 di·

413 865 513 926 cebat.
560 862 705 942 Explicat
728 870 830 923 autem
857 862 912 922 illa
932 861 1027 922 verba
1049 860 1202 922 Platonis:
1232 861 1489 939 comprehendunt
1518 881 1586 923 sese
1613 869 1716 923 mutuo
1739 871 1771 920 et

413 951 714 1031 comprehenduntur,
737 951 826 1030 inque
849 950 959 1029 plagas
976 950 1115 1022 easdem,
1139 967 1183 1011 sc.
1208 958 1289 1021 ante,
1312 967 1400 1029 pone,
1423 968 1526 1029 supra,
1548 950 1637 1013 infra.
1683 948 1770 1023 „Illis

414 1060 501 1120 ergo,
525 1040 575 1119 qni
599 1040 746 1120 sphaeras
769 1057 873 1100 earum
896 1039 951 1099 suh
976 1038 1047 1100 Sole
1071 1038 1224 1110 dixerunt,
1255 1038 1311 1098 hoc
1335 1038 1432 1099 vismn
1455 1048 1506 1100 est
1523 1058 1562 1100 ex
1583 1038 1637 1101 illo
1661 1037 1769 1099 sulla

416 1148 482 1191 mm
505 1148 603 1203 cursu,
629 1129 679 1207 qui
702 1146 914 1206 nonnunquam
937 1135 972 1187 ut
994 1126 1122 1187 diximus
1145 1125 1266 1188 videtur
1290 1127 1427 1188 inferior:
1459 1127 1508 1208 qni
1531 1137 1564 1189 et
1585 1144 1656 1189 vere
1678 1134 1770 1189 nota·

413 1217 502 1279 bilior
530 1227 591 1289 est,
627 1217 697 1296 quia
719 1226 791 1279 tunc
816 1215 938 1277 liberius
963 1222 1100 1294 apparet.
1146 1214 1226 1276 uam
1254 1235 1322 1276 cnm
1349 1217 1505 1294 superiora
1530 1223 1649 1289 teuent,
1676 1214 1770 1279 radiis

415 1306 514 1385 magis
538 1305 722 1369 occuluntur.
768 1304 811 1366 Et
833 1304 901 1366 ideo
923 1305 1081 1383 persuasio
1105 1303 1168 1364 ista
1189 1304 1344 1365 convaluit
1365 1314 1397 1365 et
1420 1305 1460 1365 ab
1473 1305 1609 1366 emamus
1631 1321 1707 1382 pene
1722 1302 1769 1364 hic

407 1395 489 1455 -ordo
518 1393 548 1454 in
572 1413 659 1454 usum
681 1401 822 1472 receptus
845 1401 903 1455 est.
949 1391 1159 1471 Perspicacior
1187 1402 1288 1454 tamen
1312 1393 1487 1457 observatio
1515 1393 1662 1455 veriorem
1684 1391 1767 1457 urdi-

410 1500 481 1544 nem
505 1482 724 1561 deprehendit“
748 1482 803 1544 doc.

502 1572 587 1631 Haeo
611 1589 649 1631 cx
671 1568 830 1631 Macrobiu
858 1569 933 1631 lucis
957 1568 1057 1644 gratia
1086 1567 1286 1629 transcribere
1310 1568 1406 1641 volni,
1440 1578 1474 1630 ut
1495 1568 1634 1633 Platonis
1657 1567 1767 1629 verbo-

413 1674 477 1720 rum
502 1676 610 1719 sensus
632 1659 868 1738 intelligeretur,
899 1676 986 1738 quem
1009 1657 1241 1718 commentarius
1268 1656 1308 1717 ad
1330 1656 1445 1719 Bedam
1469 1664 1572 1729 vetus,
1601 1658 1650 1737 uui
1673 1657 1766 1719 Mart

413 1746 561 1826 Capellae
584 1754 717 1808 aetatem
741 1747 876 1826 proxime
899 1753 1021 1807 secutus
1045 1752 1103 1814 est,
1126 1763 1195 1824 cap.
1214 1741 1264 1806 14.
1289 1763 1347 1806 non
1367 1746 1492 1809 obscure
1510 1746 1676 1818 coufirmat,
1699 1744 1767 1805 dum

411 1838 477 1915 ipse
492 1836 612 1915 quidem
635 1834 802 1915 epicyelnm
817 1834 948 1896 Veneris
972 1833 1056 1913 iuter,
1066 1832 1168 1894 Solem
1190 1841 1223 1894 et
1246 1833 1370 1895 Terram
1393 1835 1484 1908 locat,
1508 1834 1644 1912 ejusdem
1666 1841 1766 1895 mmeu

409 1924 538 2005 epicycli
563 1924 721 1984 decursum
734 1923 857 1985 Platoni
880 1941 1003 1983 causam
1028 1921 1073 1982 ait
1096 1921 1282 2000 praebuisse,
1305 1940 1358 1983 cnr
1381 1923 1670 2002 „sliqusutoquam
1685 1920 1766 1982 Solis

411 2022 461 2073 est
484 2012 641 2073 elatiorem
665 2011 781 2075 luciferi
804 2010 926 2091 globum
950 2010 1147 2071 nemerim
1191 2010 1233 2070 Et
1263 2010 1382 2089 quidem
1413 2012 1440 2072 si
1463 2011 1539 2073 haec
1566 2011 1647 2073 illius
1669 2009 1764 2073 inter·

409 2098 509 2180 pretis
532 2099 629 2160 verba
652 2099 839 2161 considerem
857 2097 1046 2178 ‚proximum
1070 2097 1135 2159 Soli
1158 2097 1254 2159 videri
1276 2099 1483 2172 excelsiorem,
1506 2099 1673 2177 proximum
1687 2098 1763 2159 Ter·

411 2208 464 2250 rae
487 2188 710 2261 humiliorem,“
731 2188 860 2267 conjicio
882 2188 914 2248 id
938 2186 1016 2268 quod
1040 2186 1102 2247 dixi
1125 2186 1289 2268 epicyclnm
1304 2187 1435 2249 Veneris
1453 2196 1550 2250 totum
1568 2188 1648 2251 inira
1661 2185 1764 2250 Solem

412 2276 527 2338 abillo
551 2276 705 2337 collocari.
751 2277 797 2338 At
826 2276 852 2337 si
881 2276 1005 2337 schema
1030 2275 1158 2335 alterum
1182 2277 1245 2347 (est
1269 2283 1371 2337 antem
1393 2277 1494 2339 editus
1522 2275 1597 2339 liber
1620 2274 1764 2339 Colonim

346 2366 349 2371 ’
414 2382 493 2425 anno
521 2363 621 2437 1537)
650 2363 795 2442 aspicias,
829 2383 903 2426 sane
926 2363 1111 2443 ipsissimam
1140 2362 1285 2443 Capellae
1318 2366 1501 2427 sententiam
1531 2366 1635 2427 refert.
1685 2364 1764 2426 Nam

409 2462 543 2532 punctos
576 2451 658 2514 Solis
688 2471 743 2514 seu
765 2453 897 2515 literali
924 2452 1045 2531 ponitur
1067 2452 1149 2512 intra
1172 2452 1357 2531 complexum
1380 2454 1506 2535 epicycli
1531 2452 1678 2527 Veneris,
1710 2470 1764 2513 nec

407 2542 505 2602 uerba
527 2542 618 2602 modo
641 2541 777 2620 allegata
800 2542 986 2622 repugnant,
1010 2539 1036 2600 si
1059 2540 1178 2601 modica
1202 2540 1451 2620 interpretatione
1469 2543 1614 2620 juventur
1637 2549 1670 2603 et
1691 2540 1763 2603 illud

411 2630 599 2709 ,proximum
614 2628 704 2690 Soli“
726 2630 875 2693 referatur
898 2630 937 2691 ad
960 2630 1068 2698 visum,
1096 2629 1284 2708 „proximum
1303 2629 1437 2691 Terrae“
1461 2631 1499 2692 ad
1523 2640 1692 2692 ceutronum
1715 2628 1769 2717 di·

410 2718 566 2780 stantiam.
612 2717 706 2779 Porro
734 2720 856 2782 schema
887 2719 970 2799 prius
994 2726 1045 2777 aut
1070 2718 1210 2778 vitiosum
1240 2727 1303 2792 est,
1336 2727 1390 2779 aut
1416 2720 1455 2781 ad
1478 2718 1764 2799 repraesentandam

407 2824 512 2869 earum
535 2805 717 2868 sententiam
742 2816 893 2887 aptatum,
924 2807 973 2886 qui
1004 2805 1169 2886 epicyolnm
1192 2806 1322 2868 Veneris
1350 2825 1443 2885 supra
1465 2805 1568 2873 Solem
1596 2807 1763 2868 constitus-

457 2910 460 2919 ’
622 2918 667 2966 ne.
685 2916 704 2956 s.
918 2901 1003 2956 runt:
1023 2893 1175 2974 posterius
1194 2894 1317 2956 inscitia
1332 2895 1550 2976 descriptorum
1568 2897 1764 2974 depravatum

917 2983 962 3044 sic
976 2983 1104 3044 restituo
1119 2982 1184 3061 (lig.
1201 2982 1251 3056 7);
1278 2984 1380 3063 itaque
1403 2983 1459 3047 hoc
1477 2986 1581 3047 contar
1603 3003 1669 3047 cum
1684 2983 1763 3045 illios

917 3071 1127 3132 commentarii
1150 3071 1279 3134 lectione
1308 3074 1336 3134 si
1359 3072 1453 3135 lubet.
1500 3072 1607 3136 Obiter
1630 3072 1709 3137 enini
1732 3080 1764 3133 te

916 3161 1020 3239 juvare
1044 3159 1135 3222 volui.

1007 3246 1069 3308 Sed
1097 3248 1136 3308 ad
1164 3266 1226 3308 rem
1257 3248 1415 3311 redeamus
1438 3257 1471 3310 et
1497 3249 1571 3311 illud
1599 3251 1638 3313 de
1660 3258 1764 3313 nostra

917 3333 1102 3396 liberalitate
1116 3335 1186 3397 Ursi
1209 3335 1304 3417 copiis
1326 3356 1381 3416 per
1395 3355 1463 3400 sese
1477 3337 1675 3401 imbecillibus
1688 3338 1762 3399 sub-

909 3421 994 3484 sidio
1018 3423 1187 3486 mittemus:
1220 3425 1401 3488 senteutiam
1419 3426 1511 3501 hanc,
1543 3426 1622 3507 quod
1645 3426 1701 3488 Sol
1721 3424 1763 3487 sit

918 3519 1051 3573 centrum
1074 3512 1188 3574 orbium
1213 3513 1343 3576 Veneris
1366 3523 1397 3576 et
1420 3515 1576 3591 Mercurii,
1609 3534 1668 3579 nou
1691 3523 1762 3576 tau·

917 3608 981 3661 turn
996 3598 1151 3680 Capellae,
1176 3601 1230 3663 sed
1254 3602 1346 3665 etiam
1368 3603 1614 3667 commentatoris
1637 3604 1677 3666 ad
1699 3604 1762 3666 Be·

918 3689 995 3764 dam,
1022 3690 1181 3766 Macrobii,
1205 3691 1313 3765 Plinii,
1338 3693 1481 3767 Vitruvii,
1505 3693 1647 3756 Platonis
1668 3693 1762 3754 adeo-

917 3797 973 3859 que
998 3778 1128 3859 ipsorum
1137 3778 1362 3861 ‚Aegyptiorum
1376 3780 1479 3844 luisse.
1524 3780 1606 3853 Quid
1624 3782 1694 3843 hinc
1711 3799 1762 3843 se-

917 3867 1038 3945 quitur?
1066 3868 1145 3929 Num
1170 3869 1225 3929 huc
1249 3870 1327 3948 quod
1350 3870 1447 3933 Ursus
1470 3870 1619 3933 exstruit?
1656 3873 1762 3953 Hypo-

916 3956 1021 4017 theses
1053 3957 1242 4036 Tychonicas
1279 3976 1348 4020 esse
1384 3960 1424 4021 ab
1460 3958 1527 4034 his,
1564 3978 1638 4040 qnos
1675 3961 1763 4021 modu

409 4037 568 4113 nominavi,
604 4042 691 4122 longe
716 4054 786 4104 ante
811 4045 982 4125 Tychonem
1006 4045 1191 4122 usurpatas?
1223 4045 1364 4121 Minime;
1396 4067 1466 4111 nam
1496 4047 1591 4128 pr'nnu
1615 4058 1763 4128 utsupra

408 4143 525 4205 quoque
549 4129 578 4189 in
601 4131 756 4210 Apollonii
781 4134 978 4210 problematis
1006 4133 1246 4195 consideratione
1265 4154 1331 4201 sum
1350 4145 1588 4215 argumentatus,
1613 4137 1688 4199 haec
1703 4155 1763 4199 uua

406 4224 523 4276 tantum
553 4235 625 4296 pars
654 4227 702 4279 est
731 4222 845 4281 formae
873 4223 975 4283 muudi
1000 4221 1226 4300 Tychonianae,
1259 4242 1352 4303 qnare
1374 4242 1428 4303 pro
1454 4226 1542 4304 justa
1568 4234 1600 4287 et
1622 4225 1761 4306 legitima

410 4303 572 4384 hypothesi
598 4309 810 4377 astronomica,
835 4329 912 4389 qnae
936 4310 1080 4371 distincta
1103 4310 1145 4371 sit
1167 4332 1186 4371 a
1209 4312 1328 4387 ceteris,
1354 4312 1458 4376 haberi
1481 4333 1541 4379 nou
1555 4316 1674 4395 ‘petest
1711 4317 1760 4379 Ac

407 4408 445 4450 ne
470 4393 536 4471 quis
560 4394 738 4474 suspicetur,
765 4395 932 4475 Capellam,
959 4398 1140 4473 Vitruvium,
1163 4399 1307 4471 Plinium,
1330 4402 1519 4467 Macrobium
1541 4405 1590 4467 vel
1613 4422 1760 4485 quemque

407 4478 497 4540 alium
525 4490 645 4544 ceteras
669 4484 762 4545 etiam
785 4484 987 4566 hypotheseos
1011 4486 1222 4566 Tychonianae
1250 4498 1354 4568 partes
1386 4491 1561 4571 adjunxisse
1589 4492 1659 4556 hnic
1685 4512 1760 4557 con-

407 4567 554 4644 ceptioni,
587 4588 719 4649 provoco
748 4573 786 4634 ad
814 4576 946 4652 ipsorum
973 4593 1067 4654 opero
1090 4593 1166 4656 quae
1189 4586 1326 4654 exstant,
1359 4579 1410 4642 ubi
1436 4582 1469 4643 in
1489 4581 1601 4644 ceteris
1624 4583 1761 4646 omnibus

407 4655 546 4731 partibus
564 4660 746 4721 contrarium
770 4681 789 4721 o
812 4662 952 4743 Tychone
981 4672 1013 4725 et
1035 4663 1115 4727 idem
1133 4685 1199 4729 cum
1221 4668 1414 4748 physicorum
1437 4669 1600 4750 hypothesi
1622 4671 1673 4742 (nt
1693 4690 1761 4737 uum

407 4740 486 4802 Urso
511 4742 683 4825 loquamur)
705 4749 809 4810 verbis
831 4750 1030 4826 evidentibus,
1056 4754 1148 4816 claris
1172 4765 1205 4817 et
1220 4757 1398 4820 indubitatis
1421 4759 1535 4821 sentire
1558 4778 1592 4820 se
1614 4761 1760 4842 profiten-

407 4838 472 4891 tur:
498 4850 574 4911 quae
594 4835 713 4915 quidem
737 4837 831 4900 verba
853 4839 943 4902 nimis
967 4841 1087 4921 longum
1111 4844 1191 4907 iuret
1204 4845 1348 4924 allegare,
1374 4847 1486 4909 sulfioit
1508 4846 1639 4927 digitum
1660 4849 1761 4912 inten-
