3878 5840
374 388 442 457 428
556 380 573 390 ‘
938 387 978 440 De
996 388 1177 441 Ριιιιιιιιιιι

377 550 488 626 efficit3
521 548 648 630 denique
672 549 735 610 fare
758 556 970 612 momentanea
992 555 1055 623 est,
1089 554 1121 609 et
1148 554 1332 611 commutato
1360 550 1470 631 angulo
1493 546 1678 628 geometrico
1700 546 1732 609 in

378 639 485 720 ἄλογοι
508 645 539 699 ιι
561 636 767 719 decoquentes.
790 636 895 699 statim
918 645 972 698 aut
993 636 1083 715 paulo
1106 643 1179 717 post
1201 635 1346 716 quiescit,
1376 636 1566 719 quantumvis
1589 654 1733 712 crescen-

377 728 458 791 tibus
482 726 637 788 stellarum
662 727 829 788 luminibus.
875 724 962 796 Quae
995 744 1062 787 oum
1080 725 1132 786 οιι
1155 725 1343 804 experientia
1369 727 1431 789 sint
1453 725 1629 789 confirmata
1650 724 1732 786 rali-

378 816 517 879 dissime:
543 815 774 894 suppeditarunt
795 814 868 877 mihi
892 814 1036 894 dogmata
1059 814 1226 894 sequentia

895 902 1025 964 Thesis
1048 901 1213 964 XXXVII.

469 991 545 1056 Cum
570 989 699 1054 Creator
720 989 804 1053 Dens
832 990 933 1053 mundi
957 990 1044 1069 hujus
1067 991 1202 1070 corporei
1230 997 1369 1051 ornatum
1393 1006 1432 1049 ex
1455 988 1552 1051 forma
1575 1006 1732 1070 corporea,

377 1100 454 1163 quae
478 1080 634 1161 quantitas
657 1087 715 1153 est,
740 1079 935 1141 desumserit:
960 1086 1194 1140 consentaneum
1218 1086 1274 1153 eet,
1299 1079 1383 1159 ipsos
1406 1077 1525 1158 quidem
1544 1077 1638 1152 locos,
1663 1078 1734 1158 ipsa

336 1237 340 1256 ‚
378 1170 481 1251 spatia
503 1169 656 1248 molesque
680 1185 837 1248 corporum
861 1186 929 1229 eam
952 1168 991 1228 ad
1005 1186 1038 1228 ιι
1054 1177 1155 1229 ιιιιιι
1178 1167 1403 1248 proportionem
1424 1184 1493 1228 esse
1509 1166 1630 1241 sortita,
1654 1185 1732 1246 quae

379 1260 422 1321 sit
444 1266 513 1320 orta
536 1276 574 1319 ex
597 1256 759 1319 solidarum
781 1258 942 1358 figurarum
965 1255 1112 1318 ordinatis
1136 1256 1312 1336 generibus:
1338 1253 1448 1357 quod
1439 1274 1469 1315 ιι
1489 1255 1640 1336 Mysterio
1664 1273 1732 1317 meo

323 1344 330 1361 ¹
381 1345 638 1426 cosmographico
661 1346 813 1426 probavi:
827 1344 974 1411 motiones
997 1363 1068 1405 vero
1093 1362 1259 1424 oorpnmm,
1283 1362 1361 1425 quae
1380 1342 1445 1406 vita
1458 1343 1562 1405 mundi
1577 1346 1733 1417 estltnnc

376 1435 426 1498 rel
456 1434 590 1498 suaviter
621 1453 787 1496 consonare
815 1434 864 1495 vel
894 1431 1050 1513 cooperari
1084 1433 1219 1507 fortiter,
1252 1432 1371 1513 quando
1395 1451 1433 1493 ex
1458 1431 1561 1511 planis
1585 1424 1733 1494 ordinatis

378 1523 548 1586 desumtam
571 1521 685 1584 habent
708 1522 941 1603 proportionem.
963 1516 1068 1583 Nam
1090 1528 1125 1583 ut
1147 1521 1271 1601 planum
1293 1520 1393 1596 solidi,
1418 1520 1462 1583 sie
1483 1527 1585 1583 motus
1598 1519 1733 1599 corporis

376 1619 425 1673 ιιι
447 1604 576 1692 imago!
608 1609 866 1681 Quemadmodum
893 1630 965 1672 vero
993 1608 1091 1671 solida
1114 1609 1288 1672 ordinata
1280 1629 1308 1671 ιι
1337 1608 1505 1690 geometria
1531 1609 1733 1689 pluraquam

377 1701 505 1782 quinque
527 1700 715 1779 impossibile
739 1707 788 1762 ιιι
810 1719 896 1761 esse:
924 1700 969 1760 ita
991 1697 1126 1760 rationes
1150 1716 1266 1778 quoque
1293 1696 1484 1762 harmonicas
1512 1715 1550 1759 ex
1573 1698 1732 1777 planorum

376 1790 580 1850 ordinatorum
605 1789 830 1868 comparatione
854 1795 937 1851 ortas
961 1788 1061 1866 plures
1085 1792 1155 1849 octo
1180 1806 1238 1848 non
1263 1806 1340 1865 esse,
1365 1787 1426 1849 alio
1444 1795 1580 1867 ternpore
1603 1786 1634 1849 in
1647 1786 1732 1848 Har·

375 1876 509 1952 monieis,
532 1877 598 1938 Deo
622 1879 754 1953 volente,
779 1875 1005 1940 demonstrabo.

883 1963 1013 2026 Thasia
1035 1963 1218 2025 XXXVIII.

461 2052 599 2114 Mutuum
623 2070 695 2131 ergo
719 2051 911 2114 formatrices
937 2051 1071 2113 rationes
1097 2058 1167 2113 octo
1191 2069 1257 2113 cum
1281 2050 1351 2126 sint,
1375 2049 1452 2112 coeli
1475 2068 1547 2113 vero
1570 2048 1602 2113 in
1620 2050 1734 2114 Terras

374 2141 454 2203 actio
479 2141 543 2214 (rel
566 2141 668 2243 qnasi)
692 2147 791 2202 motus
816 2140 858 2203 sit
882 2140 1001 2220 aliquis,
1026 2147 1059 2201 et
1081 2139 1238 2219 contingat
1260 2098 1491 2201 interinediante
1510 2139 1596 2202 radio
1611 2139 1732 2214 stellae,

376 2229 426 2331 qui
449 2229 585 2302 (radii)
576 2249 606 2290 ιι
621 2229 723 2292 Terris
738 2235 847 2291 coeunt
862 2230 1035 2333 faciuntque
1055 2228 1201 2308 angulos:
1224 2227 1359 2290 rationes
1374 2246 1446 2308 ergo
1461 2227 1650 2290 harmonicas
1664 2236 1734 2290 octo

375 2319 405 2382 iu
425 2317 609 2381 dimensione
631 2314 736 2380 horum
759 2319 935 2398 angulorum
957 2300 1167 2380 densabuntur.
1213 2317 1260 2379 Ac
1280 2324 1399 2378 veteres
1415 2316 1534 2396 quidem
1556 2334 1615 2378 non
1628 2315 1733 2397 pluras

375 2406 503 2487 quinque
534 2413 714 2486 receperunt
738 2408 929 2487 (aspectus
958 2406 1048 2487 vulgo
1077 2405 1191 2479 dictos)
1214 2404 1468 2485 conjunctionem,
1502 2403 1734 2486 oppositionem,

375 2496 566 2576 quadratum,
596 2494 722 2568 trinum,
751 2495 901 2558 sextilem.
947 2496 994 2557 At
1025 2513 1073 2556 me
1101 2494 1179 2556 ratio
1208 2493 1337 2574 primum
1371 2500 1435 2555 tres
1464 2494 1576 2556 addere
1607 2492 1733 2556 docuit.

375 2582 541 2664 quintilem,
561 2580 761 2664 biquintilem,
787 2583 1087 2664 sesquiquadratum:
1112 2601 1187 2664 quos
1209 2582 1402 2663 postmodum
1422 2581 1611 2664 experientia
1625 2582 1733 2647 multi·

373 2673 445 2754 plex
467 2671 665 2735 confirmavit.

897 2759 1033 2823 Theeis
1055 2758 1208 2823 XXXIX.
1626 2823 1628 2827 ,

464 2847 597 2912 Causam
629 2867 681 2911 cur
708 2849 843 2929 operatio
872 2849 1062 2929 planetarum
1090 2848 1233 2917 binorum¹
1256 2852 1321 2908 tam
1344 2845 1445 2909 valide
1473 2846 1649 2910 intendatur
1676 2846 1734 2910 ιιι

374 2939 457 3020 ipsos
479 2947 656 3019 aspectuum
683 2938 836 3011 articulos,
861 2938 951 3001 aliam
975 2946 1111 3000 statuere
1135 2955 1194 2999 non
1217 2954 1359 3016 possum,
1382 2953 1473 3016 qnam
1496 2930 1659 2998 animalem
1683 2936 1734 2997 fa·

374 3028 529 3097 cultatem,
554 3046 630 3108 quae
653 3045 692 3089 ex
714 3047 774 3089 una
795 3035 884 3107 parte
907 3027 950 3089 sit
972 3026 1174 3107 geometricae
1202 3023 1333 3087 rationis
1357 3025 1450 3104 (quae
1473 3033 1631 3105 aspectum
1655 3042 1734 3086 con·

374 3117 502 3190 format)
526 3134 625 3193 capax
653 3116 806 3177 etaltera
828 3124 916 3197 parte
938 3115 1073 3194 corporis
1097 3115 1164 3194 ejus
1187 3122 1312 3194 potens,
1346 3112 1377 3175 in
1401 3131 1459 3193 quo
1483 3112 1736 3177 animadvertitur

374 3205 530 3284 operatio:
563 3203 644 3267 Nam
667 3222 725 3264 non
748 3204 783 3264 lit
804 3203 879 3278 hoc,
912 3204 982 3284 quia
1007 3202 1147 3265 uniuntur
1168 3203 1245 3265 radii
1273 3202 1304 3263 in
1327 3220 1385 3264 ιιι
1411 3202 1532 3282 angulo.
1578 3202 1735 3281 Angulani

377 3290 454 3353 enim
477 3299 509 3353 et
531 3291 626 3372 pridie
651 3298 682 3351 et
704 3291 851 3371 postridie
877 3299 1030 3369 aspectus,
1055 3300 1087 3352 et
1108 3298 1253 3371 perpetuo
1279 3289 1394 3351 faciunt
1417 3290 1548 3371 aliquem
1562 3289 1624 3352 bini
1638 3289 1734 3365 radii;

377 3377 512 3461 operatio
535 3398 607 3441 vero
631 3385 702 3441 tunc
726 3379 845 3442 demum
870 3379 986 3453 existit,
1011 3399 1078 3441 cum
1102 3379 1228 3459 angulus
1252 3378 1346 3441 habet
1359 3377 1509 3442 rationem
1530 3378 1735 3442 harmonicam

375 3487 430 3531 sen
453 3489 551 3549 σχημα
574 3467 783 3540 (Ptolemaeus
807 3469 886 3531 enim
911 3488 1135 3549 σχηματισμιις
1157 3467 1256 3541 dicit).
1302 3466 1466 3531 Rationum
1489 3486 1562 3530 vero
1586 3475 1619 3530 et
1642 3467 1735 3531 sehe-

376 3564 491 3619 matum
519 3574 573 3636 per
595 3575 628 3618 se
653 3556 737 3619 nulla
759 3565 808 3619 est
830 3556 1004 3620 efficientia.
1049 3557 1158 3637 Fitque
1181 3556 1229 3618 hic
1251 3556 1341 3636 plane
1365 3556 1460 3627 idern,
1490 3556 1569 3637 qnod
1592 3556 1623 3618 in
1646 3557 1734 3619 loco-

375 3645 507 3708 motione
539 3645 712 3709 animalium
738 3645 802 3708 fieri
825 3647 915 3709 solet.
961 3643 996 3708 Si
1026 3647 1092 3727 quis
1116 3646 1246 3721 diceret,
1278 3644 1398 3708 obiecta
1425 3645 1509 3708 visua
1536 3662 1590 3726 per
1612 3644 1733 3708 oculum

375 3733 576 3815 ingredientia
598 3753 719 3798 movere
744 3736 854 3798 animal
877 3753 986 3815 posse,
1019 3754 1074 3797 nec
1098 3752 1173 3814 opus
1197 3753 1264 3797 esse
1292 3734 1411 3797 adhoc
1434 3734 1557 3797 animali
1581 3734 1733 3798 facultate

373 3822 404 3886 in
427 3822 494 3906 iped
516 3842 642 3906 corpore
664 3832 757 3903 moto,
781 3832 952 3888 monstrose
975 3822 1249 3905 philosopharetur.

940 3912 1076 3975 Thesis
1099 3912 1169 3974 XL.

462 3999 548 4061 Haec
571 4006 673 4061 antem
697 4001 838 4077 facultas,
863 4020 939 4083 quae
962 4002 1023 4065 vim
1047 4001 1133 4063 addit
1156 3997 1338 4079 aspectibus,
1363 4017 1422 4060 non
1445 4005 1495 4062 ιιι
1516 3998 1547 4061 in
1561 3994 1636 4078 ipsis
1652 3996 1732 4061 etel-

375 4086 423 4149 lis.
468 4087 549 4149 Nam
572 4089 778 4174 aspectusghi,
803 4090 961 4171 dequibus
984 4090 1121 4164 dicimus,
1144 4089 1175 4150 in
1189 4088 1284 4150 Terra
1303 4086 1481 4168 contingunt
1504 4095 1633 4168 suntque
1649 4105 1734 4150 mera

376 4196 490 4256 σχισιι,
513 4194 572 4237 ιιι
596 4193 634 4237 ex
657 4184 741 4239 motu
763 4179 921 4241 stellarum
944 4178 1112 4241 formaliter
1134 4178 1296 4258 profluens,
1321 4177 1376 4238 sed
1401 4196 1439 4239 ex
1455 4176 1661 4239 accidentario
1675 4174 1737 4237 situ

374 4263 511 4325 binarum
535 4263 694 4326 stellarum
717 4283 784 4328 cum
808 4267 913 4329 Terra.
960 4266 1220 4338 Quemadmodum
1249 4284 1321 4346 ergo
1347 4265 1449 4328 anima
1479 4283 1604 4328 morans
1627 4283 1736 4345 corpus

374 4370 433 4414 non
457 4358 505 4414 ιιι
527 4352 559 4415 in
582 4351 713 4431 objecto,
739 4355 795 4417 sed
813 4354 855 4418 ibi
878 4356 928 4419 ubi
951 4356 1062 4436 objecti
1081 4354 1200 4436 species
1215 4362 1477 4434 repraesentatur:
1502 4354 1548 4416 ita
1567 4354 1645 4416 hanc
1660 4355 1730 4427 vim,

328 4482 336 4497 .
373 4460 450 4520 quae
473 4441 613 4503 efficaces
637 4442 730 4504 eflicit
752 4453 904 4527 aspectus,
929 4463 996 4507 cnm
1019 4444 1049 4506 in
1073 4442 1210 4506 omnibns
1232 4443 1443 4506 sublunaribue
1458 4441 1643 4524 corporibus,
1668 4449 1733 4504 tum

374 4529 403 4591 in
436 4528 503 4609 ipso
525 4547 636 4608 magno
660 4530 772 4594 Terrae
796 4533 885 4614 globo
913 4534 1016 4595 inesse
1045 4550 1170 4594 necesse
1199 4539 1258 4595 ιιι.
1310 4529 1438 4594 Scilicet
1469 4530 1566 4596 omnis
1594 4531 1735 4594 animalis

375 4618 506 4681 facultas
536 4625 585 4680 est
610 4616 709 4700 imago
741 4622 799 4684 Dei
825 4642 1061 4703 γιιμιτριιηιι
1095 4621 1125 4683 in
1154 4621 1321 4695 creatione,
1354 4620 1563 4701 excitaturque
1592 4619 1632 4681 ad
1659 4638 1735 4699 opus

375 4726 460 4770 enum
482 4708 540 4770 hac
566 4706 694 4771 coelesti
711 4720 888 4789 aspectuum
911 4711 1079 4791 geometria
1101 4729 1155 4772 sen
1179 4709 1345 4773 harmonia.

927 4799 1066 4861 Τιιιίι
1088 4797 1172 4863 XLI.
1218 4838 1227 4845 -

463 4883 702 4948 luconeideratis
733 4905 814 4950 nova
835 4886 1043 4970 philosophiae
1067 4889 1165 4951 forma
1185 4885 1350 4961 ridebitur,
1387 4904 1463 4966 quae
1491 4901 1551 4947 non
1573 4891 1641 4948 eet:
1674 4883 1735 4946 nisi
