3786 5808
417 302 461 370 24
542 240 545 247 Δ
1012 304 1174 358 neaeman.

417 480 478 531 opus
495 465 577 522 merit
594 479 637 530 pro
654 478 727 532 posse
745 478 842 517 omnem
860 466 1035 518 obscuritatem
1052 466 1132 518 tollas.
1163 465 1235 528 Quod
1252 468 1295 518 nbi
1312 468 1405 520 iactum
1418 468 1499 530 inerit,
1516 468 1645 520 confestim
1657 475 1762 535 toruum

417 537 501 589 licebit
517 537 620 601 prelum.
656 535 738 587 Velim
756 543 841 587 autem
859 538 891 587 ad
908 553 953 587 nos
972 552 1095 595 excurras,
1114 545 1141 588 st
1157 539 1197 589 hic
1216 541 1299 590 omnia
1317 540 1441 604 expedias,
1460 541 1503 590 ubi
1521 546 1547 591 et
1563 541 1678 591 librorum
1697 544 1762 606 copis

417 615 443 659 et
461 609 565 659 aliarum
581 624 663 659 rerum
680 612 759 672 major
777 612 954 673 opportunitas.
991 610 1055 660 Vale
1074 616 1101 660 et
1117 611 1187 660 Vive.

487 679 605 730 Perlectis
622 681 661 730 his
678 680 843 731 Haieurefferi
861 689 887 730 et
902 681 1030 732 Maestlini
1047 682 1146 731 monitis
1159 681 1281 746 Kepierns
1301 680 1460 747 stuttgarda,
1478 683 1519 733 nbi
1539 682 1621 733 adhuc
1639 697 1695 733 cnm
1712 698 1761 735 ma·

374 768 380 777 ·
416 752 524 802 trimcuii
541 752 642 802 meandi
661 750 774 814 (uxorem
791 752 861 802 duxit
882 753 995 811 viduam,
1017 753 1157 803 Barbaram
1174 751 1307 804 Miillsram
1325 767 1342 803 a
1358 751 1488 813 Muhleois,
1514 755 1540 805 iu
1559 753 1644 818 styria
1660 755 1724 805 bona
1739 762 1763 805 et

417 824 540 874 inmunem
556 824 731 887 possidentem.
762 822 936 889 Stuttgartiae,
955 840 1010 875 cum
1028 824 1158 890 Tubingae
1175 825 1302 889 stipendiis
1320 839 1379 874 naus
1396 824 1713 892 fueritWiirttembergicis,
1730 832 1761 883 et,

417 895 545 945 fflaedm
562 897 699 952 mandem
717 895 950 961 Wiirttembergiam
968 896 1074 960 patriam
1090 897 1221 953 retineret,
1240 897 1424 947 concessionem
1441 898 1582 962 nuptiarum
1600 893 1697 962 petiit),
1714 904 1762 947 tum

416 967 470 1016 libri
488 966 526 1015 sui
545 966 642 1024 edendi,
662 974 714 1017 tum
734 966 848 1027 ,artifidi
865 967 993 1033 argentei*
1014 981 1092 1018 causa
1108 968 1264 1029 versabatur,
1283 969 1439 1019 consenuere
1457 983 1514 1019 cum
1531 969 1627 1020 illorum
1643 970 1764 1020 manda

416 1037 549 1089 Maestiiuo
567 1038 680 1103 scripsit:
707 1103 711 1111 ν

505 1195 643 1260 Salutem
666 1196 695 1260 in
711 1195 844 1260 Christo.
883 1197 1000 1261 Nudine
1025 1198 1127 1278 accepi
1151 1199 1254 1261 literas
1277 1201 1316 1263 D.
1332 1199 1370 1260 D.
1386 1198 1595 1273 Hafeurciieri,
1619 1199 1679 1262 une
1700 1219 1761 1264 cum

415 1285 455 1349 Η.
480 1285 562 1348 Tuae
586 1285 700 1366 judicio
724 1287 761 1351 de
784 1287 967 1368 corporibus.
1013 1288 1179 1351 Brevitatis
1206 1288 1298 1367 igitur
1325 1307 1419 1350 cauea
1447 1296 1564 1351 tautum
1592 1289 1630 1351 de
1658 1308 1762 1351 neces·

416 1375 505 1437 seriis
520 1394 619 1457 agam.
654 1374 814 1449 (Quamvis
829 1376 993 1456 gratiarum
1008 1378 1126 1440 actione
1146 1377 1188 1439 nil
1211 1378 1309 1459 magis
1328 1377 1369 1439 sit
1387 1380 1615 1452 necessarium.)
1647 1377 1761 1441 Parebo

417 1464 614 1527 libentissime
638 1467 674 1527 de
698 1466 919 1546 quibuscunque
942 1466 1092 1530 monuisti.
1129 1467 1268 1529 Formam
1291 1485 1363 1529 vero
1387 1486 1586 1548 eorumquae
1609 1467 1761 1542 adduntur,

416 1553 508 1615 aliern
529 1554 666 1629 meditor,
691 1574 755 1630 neo,
779 1563 813 1617 ut
836 1575 933 1636 spero,
958 1555 1013 1618 tibi
1037 1555 1254 1638 displicentem.
1292 1555 1429 1619 Scribam
1452 1563 1540 1619 notas
1564 1557 1629 1618 aive
1652 1557 1763 1619 scholia

416 1643 452 1705 de
475 1642 550 1705 locis
574 1643 718 1706 obscuris.
766 1645 896 1707 Primum
918 1645 1020 1725 itaque
1044 1646 1070 1707 si
1093 1646 1207 1708 notasti
1231 1646 1577 1727 corrigenda'queedam
1605 1649 1689 1724 loca,
1716 1650 1762 1711 vel

415 1732 551 1794 tollenda
572 1733 621 1796 vel
645 1734 803 1809 mutanda,
827 1735 876 1795 vel
899 1734 943 1795 ita
965 1734 1106 1809 obscura,
1131 1743 1165 1796 ut
1187 1756 1247 1797 una
1268 1754 1327 1798 vox
1350 1733 1470 1808 addita,
1493 1735 1612 1815 demta,
1640 1746 1761 1813 mutate,

413 1822 610 1903 hansposite,
635 1823 767 1903 explicet
789 1823 955 1900 dilucidius,
983 1845 1020 1887 ea
1033 1824 1132 1886 omnia
1150 1825 1297 1906 corrigam
1315 1826 1353 1887 de
1372 1833 1426 1887 tue
1448 1828 1611 1890 sententie.
1650 1828 1761 1891 Deinde

376 1950 379 1961 ·
414 1910 565 1974 crebriora
589 1910 716 1974 obscura
739 1912 814 1987 loca,
839 1933 915 1994 quae
939 1913 1139 1994 explicatione
1163 1922 1254 1994 egent
1278 1918 1312 1985 (a
1333 1922 1363 1977 te
1387 1922 1494 1978 notata
1512 1916 1538 1977 ei
1557 1918 1691 1992 videam)
1714 1937 1761 1979 re-

414 1998 510 2062 i'eram
532 1999 563 2062 iu
586 2008 683 2062 uotae.
721 2001 822 2064 Tertio
847 2003 883 2064 de
907 2002 1124 2083 hypothesibus
1140 2000 1298 2082 Ceperuici
1321 2022 1444 2084 possum
1466 2006 1514 2067 vel
1537 2006 1633 2086 ipsius
1648 2006 1761 2088 Ceper-

414 2088 472 2150 uici
496 2089 544 2152 vel
568 2088 690 2153 Rbetiei
713 2091 805 2153 verba
833 2112 893 2154 una
919 2111 985 2155 cum
1007 2092 1158 2155 luculento
1182 2092 1335 2155 schemate
1359 2093 1438 2156 uotis
1462 2094 1605 2159 inserere.
1649 2096 1761 2168 Quarto

414 2177 451 2239 de
474 2177 591 2241 ratione
610 2179 782 2241 numerandi
808 2180 970 2243 distantiae
993 2179 1215 2262 Ceperuicanas
1239 2181 1312 2243 nihil
1335 2201 1391 2264 ego
1414 2184 1578 2263 perfectius
1603 2185 1762 2267 adjungere

413 2284 544 2345 possum,
570 2286 658 2349 quem
681 2277 750 2331 tuae
773 2270 909 2349 pagellas
933 2271 1024 2349 (quae
1047 2270 1163 2349 pridem
1185 2289 1270 2332 meae
1293 2274 1377 2344 sunt)
1402 2272 1541 2352 apposito
1563 2280 1618 2337 tuo
1637 2275 1761 2337 nomine.

414 2353 526 2426 Quinto
551 2357 587 2418 de
611 2358 801 2420 numerandis
825 2359 1055 2422 semidiametris
1079 2359 1277 2440 ascripturum
1304 2360 1376 2435 ieci,
1407 2368 1441 2423 ut
1467 2362 1585 2436 vidisti,
1616 2357 1761 2444 peculiare

413 2453 514 2525 caput.
550 2444 585 2507 Si
607 2445 639 2507 id
661 2448 791 2509 nondum
814 2448 891 2510 satis
915 2454 973 2522 est,
997 2457 1132 2528 repetam
1155 2450 1184 2511 iu
1199 2447 1279 2511 netis
1294 2469 1357 2513 rem
1372 2450 1410 2512 ab
1425 2450 1558 2532 origiue:
1582 2460 1761 2522 monstrans,

412 2552 472 2595 uon
494 2535 581 2613 plura
604 2554 671 2597 esse
699 2552 825 2616 corpora
851 2556 959 2618 posse,
994 2557 1083 2618 quam
1109 2538 1248 2619 quinque.
1293 2538 1360 2600 Hoc
1387 2550 1476 2619 paeto
1506 2541 1655 2620 (perlecto
1682 2541 1760 2623 prius

412 2624 505 2686 semel
530 2639 562 2685 a¹
576 2643 623 2685 me
652 2628 809 2704 opusculo)
842 2626 1047 2709 typographus
1076 2646 1133 2689 nou
1161 2626 1364 2707 impediretur.
1410 2629 1499 2691 Alias
1527 2630 1599 2692 mihi
1629 2631 1666 2694 de
1689 2648 1762 2692 novo

414 2712 641 2775 describendum
657 2721 739 2776 esset
753 2717 937 2795 opusculum.
971 2714 1057 2787 Quod
1083 2715 1108 2777 si
1132 2725 1233 2778 autem
1256 2737 1314 2780 uon
1336 2717 1435 2779 omnia
1449 2720 1521 2780 flent
1534 2720 1762 2797 perfectissima,

412 2801 465 2871 ita,
490 2811 523 2864 ut
545 2801 618 2864 uihil
643 2804 770 2883 amplius
794 2805 967 2867 desideres:
991 2813 1141 2868 memento
1156 2806 1282 2887 primum
1305 2806 1382 2869 huno
1406 2827 1472 2870 esse
1496 2807 1643 2883 laborem,
1667 2810 1710 2872 ita
1731 2816 1762 2869 ut

412 2890 469 2953 sim
492 2910 604 2972 aequos
627 2891 784 2956 habiturus
806 2894 951 2970 lectores,
986 2903 1018 2956 et
1045 2896 1167 2959 nimium
1189 2896 1332 2977 temporis
1354 2896 1530 2977 requisitum
1552 2897 1603 2971 iri,
1638 2916 1762 2978 eousque

410 2980 479 3043 dum
501 2980 556 3042 flat
577 2981 825 3059 perfectissimus.
870 2983 963 3047 Hisce
986 2984 1054 3046 vale
1076 2992 1254 3066 praeceptor
1277 2985 1463 3047 charissime.

501 3084 539 3151 11
564 3085 819 3164 (alirunnas.
845 3088 1068 3171 scutarium.
1283 3092 1322 3155 u.
1346 3092 1382 3154 r.
1428 3091 1468 3157 c.
1493 3093 1532 3156 u.

1461 3191 1719 3277 mamm

480 3379 575 3431 Eadem
598 3380 721 3445 Keplerus
747 3380 975 3432 Hsieursiiero
1001 3383 1171 3447 perscripsisse
1193 3382 1307 3444 ridetur,
1334 3383 1456 3447 cumbis
1477 3386 1665 3440 Haienrefferus
1689 3386 1762 3438 iarn

409 3451 479 3518 qnasi
496 3451 679 3515 impensionem
696 3451 823 3502 Maestlini
842 3453 875 3504 ad
890 3454 1028 3517 praemissa
1044 3454 1070 3502 iu
1089 3468 1115 3503 se
1131 3456 1281 3519 susceperit:

479 3521 528 3573 Per
540 3524 713 3586 occupationes
730 3530 797 3573 certe
814 3523 925 3586 publicas
942 3524 1037 3575 iactum
1055 3530 1101 3582 est,
1121 3531 1149 3575 ut
1165 3524 1238 3577 hodie
1256 3543 1300 3592 per
1316 3529 1454 3594 magistros,
1474 3531 1515 3596 qni
1533 3531 1694 3589 descendent.
1713 3544 1760 3580 uon

409 3608 479 3645 meas
497 3593 631 3658 acceperis.
660 3592 711 3645 Sed
728 3608 871 3658 responsum
890 3596 922 3645 sd
939 3597 1048 3660 proxime
1065 3598 1201 3661 superiores
1218 3597 1266 3649 hcc
1277 3599 1376 3651 habeto.
1406 3599 1509 3653 Collatia
1530 3604 1663 3653 sententiis
1680 3601 1762 3667 placet

408 3666 529 3731 posterius
552 3670 623 3715 tunm
641 3665 780 3723 consilium,
806 3666 844 3716 ita
861 3674 962 3729 tamen,
987 3672 1017 3719 ut
1033 3683 1076 3731 pre
1095 3667 1193 3720 Rhetici
1211 3673 1353 3722 narratione
1377 3667 1453 3736 (quae
1472 3679 1498 3724 et
1519 3672 1635 3737 prolixior
1659 3679 1713 3730 ert,
1738 3675 1762 3721 et

409 3736 532 3804 quaedam
551 3738 582 3787 ab
600 3736 647 3787 hoc
664 3744 707 3788 tuo
726 3737 853 3801 prodromo
872 3737 957 3789 aliena
973 3738 1064 3795 habet.
1083 3746 1109 3791 et
1126 3742 1152 3790 in
1170 3742 1315 3806 quibusdam
1333 3739 1427 3805 deficit)
1445 3745 1613 3796 brevissimam
1633 3743 1759 3810 expositio

409 3824 467 3861 neon
485 3815 512 3860 et
523 3811 703 3874 proportionem
715 3824 842 3873 corporum
854 3826 911 3861 cnm
923 3810 1049 3862 schemate
1061 3812 1171 3877 generali
1182 3820 1238 3878 post
1249 3815 1427 3878 praefationem
1442 3817 1475 3866 ad
1486 3816 1604 3866 lectorem
1616 3818 1761 3867 interseras:

409 3894 474 3947 quae
492 3887 612 3947 tanquam
630 3880 705 3931 claris
724 3886 796 3932 amnt
813 3881 847 3932 ad
864 3882 1010 3944 Myeterium
1026 3882 1160 3933 Pmdromi.
1196 3885 1376 3935 innotationes
1393 3903 1464 3951 porro
1482 3887 1547 3952 qnod
1572 3889 1679 3943 attinet,
1705 3883 1762 3935 nihil

410 3966 471 4017 opus
489 3957 536 4011 est,
554 3957 584 4001 nt
600 3957 680 4002 totum
698 3967 758 4017 opus
771 3953 802 4003 de
814 3968 876 4004 noro
890 3961 996 4012 retexas,
1016 3955 1125 4007 ordinem
1144 3961 1188 4007 aut
1206 3957 1388 4021 dispositionem
1407 3962 1459 4022 ejus
1477 3959 1561 4009 turbes
1578 3960 1617 4009 rel
1635 3961 1761 4009 immutes:

409 4038 490 4089 neque
507 4028 592 4074 tamen
609 4022 656 4074 hec
675 4024 813 4074 consultum
830 4031 940 4089 putatur,
957 4032 986 4075 ut
1003 4041 1088 4076 omnes
1107 4029 1280 4079 annotationes
1298 4030 1323 4079 in
1341 4036 1490 4094 postremam
1508 4030 1669 4094 appendicem
1688 4035 1760 4094 atqua

410 4095 444 4146 ad
461 4094 515 4144 libri
534 4093 628 4145 calcem
645 4097 758 4158 rejiciam
778 4097 822 4146 sed
840 4098 957 4161 optimum
973 4098 1107 4160 ludicatur.
1126 4104 1155 4148 ut
1166 4099 1298 4165 relegendo
1316 4100 1412 4160 librum,
1430 4101 1495 4167 quod
1507 4103 1636 4153 obscurum
1649 4107 1696 4157 est.
1714 4114 1761 4149 nno

410 4171 437 4217 et
454 4164 532 4216 altero
550 4166 623 4217 verbo
640 4167 731 4217 reddas
749 4167 885 4219 dilucidius.
913 4169 984 4218 Etsi
1002 4170 1061 4235 quid
1078 4171 1211 4234 copiosiore
1229 4172 1392 4237 explicatione
1410 4188 1469 4238 opus
1486 4173 1609 4233 habuerit,
1628 4174 1666 4225 vel
1684 4170 1760 4223 extri

408 4238 518 4295 inseras,
536 4237 575 4288 vel
593 4239 679 4289 statim
698 4239 730 4288 ad
748 4240 818 4289 istius
837 4241 925 4305 capitis
942 4240 1018 4292 duem
1035 4241 1172 4305 subjicias:
1190 4245 1226 4293 sie
1244 4245 1309 4294 enim
1326 4244 1449 4310 perfectus
1467 4251 1494 4295 et
1512 4245 1544 4299 sd
1562 4245 1655 4310 prelum
1674 4243 1761 4309 politus

409 4308 478 4359 labor
496 4309 549 4358 erit
586 4308 659 4361 Haec
677 4310 790 4368 breviter,
810 4310 872 4361 alias
891 4326 946 4361 cnm
964 4314 1104 4375 vacaverit,
1122 4313 1200 4377 plura.
1236 4313 1357 4365 Dominus
1375 4322 1473 4376 tecnm;
1491 4315 1613 4382 hospitem
1632 4315 1760 4368 Saoterum

321 4420 325 4439 ,
409 4386 568 4445 peramanter
585 4395 640 4431 meo
658 4382 757 4432 nomine
775 4382 865 4433 salum.
902 4382 935 4432 D.
957 4379 998 4432 ii.
1017 4378 1076 4446 (is)
1094 4384 1162 4434 Juuii
1183 4383 1258 4436 ieet.
1332 4426 1338 4442 .

482 4450 598 4502 Ceterum
616 4454 638 4502 ei
655 4452 820 4503 Haienrefferi
844 4455 984 4506 mnteutiae
1007 4471 1057 4504 uon
1079 4456 1154 4519 plane
1180 4457 1374 4521 obtemperatum
1401 4465 1446 4508 est
1484 4458 1552 4523 Opus
1570 4459 1699 4523 'lbbiugae
1716 4456 1759 4505 irn-

410 4522 481 4587 primi
499 4529 613 4588 coeptum
631 4530 677 4582 eat,
697 4531 723 4574 et
742 4524 949 4575 Maestiinus
967 4527 991 4575 d.
1014 4523 1070 4591 ¹⁸1„
1092 4526 1155 4576 Nor.
1178 4525 1246 4577 1596
1264 4529 1328 4580 haec
1346 4528 1453 4593 Keplero
1471 4532 1581 4596 scripsit:
1608 4529 1676 4594 Opus
1694 4535 1760 4578 tuum

410 4594 534 4651 succedit,
557 4608 705 4660 quamquam
723 4598 785 4646 satis
803 4597 887 4658 tarde,
911 4613 954 4661 pro
973 4597 1178 4663 typographorum
1194 4615 1269 4649 more.
1307 4600 1337 4651 Id
1354 4607 1383 4650 ut
1400 4601 1499 4661 ndens,
1522 4603 1593 4652 mitto
1610 4599 1760 4666 pagellarum

410 4678 555 4716 exeusamm
568 4666 713 4730 exemplum.
744 4666 821 4731 Spero
833 4674 927 4731 anum,
943 4670 968 4719 id
986 4669 1125 4733 propediem
1144 4670 1177 4720 ad
1195 4671 1269 4722 finem
1286 4672 1429 4736 perducimur
1446 4673 1482 4723 iri.
1513 4672 1602 4723 Totum
1620 4678 1646 4722 et
1665 4682 1759 4720 omnem

409 4733 519 4786 laborem
536 4738 562 4785 in
580 4752 620 4787 me
638 4739 729 4801 recepi,
747 4741 789 4804 qui
806 4740 915 4802 proiecto
933 4741 1063 4804 plurimum
1076 4742 1169 4806 negotii
1187 4743 1244 4792 mihi
1263 4744 1371 4794 facessit.
1403 4743 1547 4809 Figurarum
1566 4751 1592 4794 et
1609 4742 1759 4793 schematum

411 4807 544 4857 delineatio
563 4821 620 4872 pars
637 4810 740 4859 minima
757 4817 803 4859 est
841 4809 946 4861 Chartae
964 4812 1154 4877 typographicae
1173 4828 1218 4878 ege
1242 4828 1292 4878 qua
1316 4828 1413 4879 possum
1438 4815 1557 4866 fidelitate
1583 4821 1609 4865 et
1632 4811 1760 4877 diligentia

411 4879 513 4947 corrigo.
551 4879 701 4932 Tabularum
719 4887 803 4933 autem
821 4882 951 4951 dmcnptic
969 4882 1029 4935 mihi
1046 4884 1118 4938 ralde
1135 4885 1259 4938 laboriosa
1275 4892 1328 4944 est,
1353 4885 1412 4955 qnia
1433 4901 1483 4937 non
1500 4888 1606 4955 scriptae
1623 4884 1721 4938 mourut
1742 4892 1758 4935 a
1776 4900 1780 4907 ’
