<?xml version="1.0" encoding="UTF-8"?>
<!DOCTYPE html PUBLIC "-//W3C//DTD XHTML 1.0 Transitional//EN"
    "http://www.w3.org/TR/xhtml1/DTD/xhtml1-transitional.dtd">
<html xmlns="http://www.w3.org/1999/xhtml" xml:lang="en" lang="en">
 <head>
  <title>
</title>
<meta http-equiv="Content-Type" content="text/html;charset=utf-8" />
  <meta name='ocr-system' content='tesseract 3.04.00' />
  <meta name='ocr-capabilities' content='ocr_page ocr_carea ocr_par ocr_line ocrx_word'/>
</head>
<body>
  <div class='ocr_page' id='page_1' title='image "./joanniskepleria27frisgoog_0204.png"; bbox 0 0 3788 5828; ppageno 0'>
   <div class='ocr_carea' id='block_1_1' title="bbox 639 343 1483 445">
    <p class='ocr_par' dir='ltr' id='par_1_1' title="bbox 639 343 1483 445">
     <span class='ocr_line' id='line_1_1' title="bbox 639 343 1483 445; baseline 0.007 -8"><span class='ocrx_word' id='word_1_1' title='bbox 639 343 645 355; x_wconf 82' lang='lat'>&#39;</span> <span class='ocrx_word' id='word_1_2' title='bbox 721 352 886 437; x_wconf 65' lang='lat' dir='ltr'><strong>cnam.</strong></span> <span class='ocrx_word' id='word_1_3' title='bbox 980 380 985 384; x_wconf 47' lang='lat'><strong>⁴</strong></span> <span class='ocrx_word' id='word_1_4' title='bbox 1424 375 1483 445; x_wconf 81' lang='lat' dir='ltr'><strong>rm</strong></span> 
     </span>
    </p>
   </div>
   <div class='ocr_carea' id='block_1_2' title="bbox 121 520 1488 977">
    <p class='ocr_par' dir='ltr' id='par_1_2' title="bbox 121 520 1488 977">
     <span class='ocr_line' id='line_1_2' title="bbox 122 520 1488 613; baseline 0.01 -28"><span class='ocrx_word' id='word_1_5' title='bbox 122 523 293 593; x_wconf 77' lang='lat' dir='ltr'><strong>existimem</strong></span> <span class='ocrx_word' id='word_1_6' title='bbox 316 536 363 605; x_wconf 89' lang='lat' dir='ltr'><strong>te,</strong></span> <span class='ocrx_word' id='word_1_7' title='bbox 387 529 483 592; x_wconf 87' lang='lat' dir='ltr'><strong>laetor</strong></span> <span class='ocrx_word' id='word_1_8' title='bbox 499 520 621 610; x_wconf 73' lang='lat' dir='ltr'><strong>aequa,</strong></span> <span class='ocrx_word' id='word_1_9' title='bbox 653 530 681 593; x_wconf 84' lang='lat' dir='ltr'><strong>si</strong></span> <span class='ocrx_word' id='word_1_10' title='bbox 704 530 817 612; x_wconf 90' lang='lat' dir='ltr'><strong>aliquid</strong></span> <span class='ocrx_word' id='word_1_11' title='bbox 840 532 969 613; x_wconf 63' lang='lat' dir='ltr'><strong>ammius</strong></span> <span class='ocrx_word' id='word_1_12' title='bbox 993 533 1086 598; x_wconf 86' lang='lat' dir='ltr'><strong>etiam</strong></span> <span class='ocrx_word' id='word_1_13' title='bbox 1109 534 1246 611; x_wconf 67' lang='lat' dir='ltr'><strong>mosam,</strong></span> <span class='ocrx_word' id='word_1_14' title='bbox 1276 544 1488 599; x_wconf 78' lang='lat' dir='ltr'><strong>comesturam</strong></span> 
     </span>
     <span class='ocr_line' id='line_1_3' title="bbox 122 619 1487 704; baseline 0.01 -30"><span class='ocrx_word' id='word_1_15' title='bbox 122 624 213 695; x_wconf 86' lang='lat' dir='ltr'><strong>atque</strong></span> <span class='ocrx_word' id='word_1_16' title='bbox 243 625 465 681; x_wconf 83' lang='lat' dir='ltr'><strong>excusaturum.</strong></span> <span class='ocrx_word' id='word_1_17' title='bbox 512 619 617 699; x_wconf 84' lang='lat' dir='ltr'><strong>Neque</strong></span> <span class='ocrx_word' id='word_1_18' title='bbox 650 620 721 682; x_wconf 88' lang='lat' dir='ltr'><strong>mibi</strong></span> <span class='ocrx_word' id='word_1_19' title='bbox 745 621 838 699; x_wconf 81' lang='lat' dir='ltr'><strong>digna</strong></span> <span class='ocrx_word' id='word_1_20' title='bbox 861 622 981 686; x_wconf 87' lang='lat' dir='ltr'><strong>videtur</strong></span> <span class='ocrx_word' id='word_1_21' title='bbox 1013 624 1077 704; x_wconf 84' lang='lat' dir='ltr'><strong>ejus</strong></span> <span class='ocrx_word' id='word_1_22' title='bbox 1106 631 1206 686; x_wconf 87' lang='lat' dir='ltr'><strong>motus</strong></span> <span class='ocrx_word' id='word_1_23' title='bbox 1236 623 1415 700; x_wconf 86' lang='lat' dir='ltr'><strong>diversitas,</strong></span> <span class='ocrx_word' id='word_1_24' title='bbox 1449 625 1487 687; x_wconf 85' lang='lat' dir='ltr'><strong>do</strong></span> 
     </span>
     <span class='ocr_line' id='line_1_4' title="bbox 122 707 1485 793; baseline 0.007 -29"><span class='ocrx_word' id='word_1_25' title='bbox 122 723 181 783; x_wconf 89' lang='lat' dir='ltr'><strong>qua</strong></span> <span class='ocrx_word' id='word_1_26' title='bbox 210 724 354 784; x_wconf 79' lang='lat' dir='ltr'><strong>magnam</strong></span> <span class='ocrx_word' id='word_1_27' title='bbox 385 707 472 769; x_wconf 89' lang='lat' dir='ltr'><strong>litem</strong></span> <span class='ocrx_word' id='word_1_28' title='bbox 503 708 685 781; x_wconf 65' lang='lat' dir='ltr'><strong>moveaml).</strong></span> <span class='ocrx_word' id='word_1_29' title='bbox 742 707 888 780; x_wconf 87' lang='lat' dir='ltr'><strong>Quamvis</strong></span> <span class='ocrx_word' id='word_1_30' title='bbox 926 713 1033 773; x_wconf 90' lang='lat' dir='ltr'><strong>melius</strong></span> <span class='ocrx_word' id='word_1_31' title='bbox 1070 732 1103 774; x_wconf 92' lang='lat' dir='ltr'><strong>se</strong></span> <span class='ocrx_word' id='word_1_32' title='bbox 1136 713 1217 793; x_wconf 78' lang='lat' dir='ltr'><strong>gerit</strong></span> <span class='ocrx_word' id='word_1_33' title='bbox 1250 732 1339 793; x_wconf 87' lang='lat' dir='ltr'><strong>quarn</strong></span> <span class='ocrx_word' id='word_1_34' title='bbox 1367 711 1485 775; x_wconf 85' lang='lat' dir='ltr'><strong>Venus:</strong></span> 
     </span>
     <span class='ocr_line' id='line_1_5' title="bbox 122 792 1486 883; baseline 0.006 -26"><span class='ocrx_word' id='word_1_35' title='bbox 122 792 197 857; x_wconf 79' lang='lat' dir='ltr'><strong>facit</strong></span> <span class='ocrx_word' id='word_1_36' title='bbox 224 795 304 857; x_wconf 87' lang='lat' dir='ltr'><strong>enim</strong></span> <span class='ocrx_word' id='word_1_37' title='bbox 335 797 421 859; x_wconf 87' lang='lat' dir='ltr'><strong>unius</strong></span> <span class='ocrx_word' id='word_1_38' title='bbox 444 804 562 859; x_wconf 82' lang='lat' dir='ltr'><strong>tantam</strong></span> <span class='ocrx_word' id='word_1_39' title='bbox 591 798 704 876; x_wconf 78' lang='lat' dir='ltr'><strong>gradm</strong></span> <span class='ocrx_word' id='word_1_40' title='bbox 727 799 943 876; x_wconf 81' lang='lat' dir='ltr'><strong>differentiam,</strong></span> <span class='ocrx_word' id='word_1_41' title='bbox 975 802 1054 883; x_wconf 90' lang='lat' dir='ltr'><strong>quod</strong></span> <span class='ocrx_word' id='word_1_42' title='bbox 1082 803 1189 865; x_wconf 87' lang='lat' dir='ltr'><strong>mirum</strong></span> <span class='ocrx_word' id='word_1_43' title='bbox 1218 810 1282 867; x_wconf 87' lang='lat' dir='ltr'><strong>est:</strong></span> <span class='ocrx_word' id='word_1_44' title='bbox 1308 802 1384 863; x_wconf 88' lang='lat' dir='ltr'><strong>adeo</strong></span> <span class='ocrx_word' id='word_1_45' title='bbox 1407 821 1486 865; x_wconf 89' lang='lat' dir='ltr'><strong>nun-</strong></span> 
     </span>
     <span class='ocr_line' id='line_1_6' title="bbox 121 884 1486 977; baseline 0.007 -32"><span class='ocrx_word' id='word_1_46' title='bbox 121 901 212 961; x_wconf 82' lang='lat' dir='ltr'><strong>qnam</strong></span> <span class='ocrx_word' id='word_1_47' title='bbox 234 902 293 945; x_wconf 87' lang='lat' dir='ltr'><strong>non</strong></span> <span class='ocrx_word' id='word_1_48' title='bbox 317 884 421 948; x_wconf 78' lang='lat' dir='ltr'><strong>fallaci</strong></span> <span class='ocrx_word' id='word_1_49' title='bbox 443 893 493 949; x_wconf 87' lang='lat' dir='ltr'><strong>est</strong></span> <span class='ocrx_word' id='word_1_50' title='bbox 515 885 642 966; x_wconf 81' lang='lat' dir='ltr'><strong>ingenio.</strong></span> <span class='ocrx_word' id='word_1_51' title='bbox 689 886 876 977; x_wconf 76' lang='lat' dir='ltr'><strong>Cartennas</strong></span> <span class='ocrx_word' id='word_1_52' title='bbox 900 889 948 952; x_wconf 88' lang='lat' dir='ltr'><strong>hic</strong></span> <span class='ocrx_word' id='word_1_53' title='bbox 971 898 1029 965; x_wconf 89' lang='lat' dir='ltr'><strong>est,</strong></span> <span class='ocrx_word' id='word_1_54' title='bbox 1054 891 1103 971; x_wconf 92' lang='lat' dir='ltr'><strong>qoi</strong></span> <span class='ocrx_word' id='word_1_55' title='bbox 1129 892 1350 971; x_wconf 68' lang='lat' dir='ltr'><strong>astrologorum</strong></span> <span class='ocrx_word' id='word_1_56' title='bbox 1375 892 1486 955; x_wconf 87' lang='lat' dir='ltr'><strong>lamam</strong></span> 
     </span>
    </p>
   </div>
   <div class='ocr_carea' id='block_1_3' title="bbox 120 972 1486 1857">
    <p class='ocr_par' dir='ltr' id='par_1_3' title="bbox 120 972 1486 1857">
     <span class='ocr_line' id='line_1_7' title="bbox 121 972 1486 1052; baseline 0.004 -19"><span class='ocrx_word' id='word_1_57' title='bbox 121 972 253 1035; x_wconf 83' lang='lat' dir='ltr'><strong>maxime</strong></span> <span class='ocrx_word' id='word_1_58' title='bbox 284 974 442 1052; x_wconf 76' lang='lat' dir='ltr'><strong>prostituit</strong></span> <span class='ocrx_word' id='word_1_59' title='bbox 474 983 505 1035; x_wconf 86' lang='lat' dir='ltr'><strong>et</strong></span> <span class='ocrx_word' id='word_1_60' title='bbox 539 986 738 1039; x_wconf 86' lang='lat' dir='ltr'><strong>meteororum</strong></span> <span class='ocrx_word' id='word_1_61' title='bbox 769 979 916 1039; x_wconf 88' lang='lat' dir='ltr'><strong>rationem</strong></span> <span class='ocrx_word' id='word_1_62' title='bbox 949 998 1065 1041; x_wconf 85' lang='lat' dir='ltr'><strong>omnem</strong></span> <span class='ocrx_word' id='word_1_63' title='bbox 1099 980 1212 1041; x_wconf 89' lang='lat' dir='ltr'><strong>turbat.</strong></span> <span class='ocrx_word' id='word_1_64' title='bbox 1258 980 1301 1041; x_wconf 85' lang='lat' dir='ltr'><strong>Et</strong></span> <span class='ocrx_word' id='word_1_65' title='bbox 1327 980 1356 1040; x_wconf 92' lang='lat' dir='ltr'><strong>in</strong></span> <span class='ocrx_word' id='word_1_66' title='bbox 1386 980 1486 1041; x_wconf 88' lang='lat' dir='ltr'><strong>ventis</strong></span> 
     </span>
     <span class='ocr_line' id='line_1_8' title="bbox 121 1061 1485 1149; baseline 0.006 -27"><span class='ocrx_word' id='word_1_67' title='bbox 121 1061 241 1140; x_wconf 90' lang='lat' dir='ltr'><strong>quidem</strong></span> <span class='ocrx_word' id='word_1_68' title='bbox 263 1062 474 1140; x_wconf 75' lang='lat' dir='ltr'><strong>praedicendis</strong></span> <span class='ocrx_word' id='word_1_69' title='bbox 499 1065 589 1143; x_wconf 88' lang='lat' dir='ltr'><strong>(quos</strong></span> <span class='ocrx_word' id='word_1_70' title='bbox 613 1066 782 1131; x_wconf 85' lang='lat' dir='ltr'><strong>certissime</strong></span> <span class='ocrx_word' id='word_1_71' title='bbox 806 1068 953 1142; x_wconf 89' lang='lat' dir='ltr'><strong>concitat,</strong></span> <span class='ocrx_word' id='word_1_72' title='bbox 984 1069 1221 1149; x_wconf 77' lang='lat' dir='ltr'><strong>quotiescunque</strong></span> <span class='ocrx_word' id='word_1_73' title='bbox 1246 1069 1320 1130; x_wconf 90' lang='lat' dir='ltr'><strong>loeis</strong></span> <span class='ocrx_word' id='word_1_74' title='bbox 1344 1077 1393 1130; x_wconf 88' lang='lat' dir='ltr'><strong>est</strong></span> <span class='ocrx_word' id='word_1_75' title='bbox 1417 1070 1485 1130; x_wconf 92' lang='lat' dir='ltr'><strong>ido-</strong></span> 
     </span>
     <span class='ocr_line' id='line_1_9' title="bbox 121 1150 1483 1238; baseline 0.006 -27"><span class='ocrx_word' id='word_1_76' title='bbox 121 1150 203 1223; x_wconf 88' lang='lat' dir='ltr'><strong>neis)</strong></span> <span class='ocrx_word' id='word_1_77' title='bbox 227 1171 319 1234; x_wconf 88' lang='lat' dir='ltr'><strong>saepe</strong></span> <span class='ocrx_word' id='word_1_78' title='bbox 350 1152 427 1214; x_wconf 87' lang='lat' dir='ltr'><strong>adeo</strong></span> <span class='ocrx_word' id='word_1_79' title='bbox 450 1154 603 1216; x_wconf 78' lang='lat' dir='ltr'><strong>constanti</strong></span> <span class='ocrx_word' id='word_1_80' title='bbox 632 1174 754 1217; x_wconf 89' lang='lat' dir='ltr'><strong>numero</strong></span> <span class='ocrx_word' id='word_1_81' title='bbox 779 1157 894 1218; x_wconf 88' lang='lat' dir='ltr'><strong>dierum</strong></span> <span class='ocrx_word' id='word_1_82' title='bbox 918 1157 1055 1233; x_wconf 86' lang='lat' dir='ltr'><strong>aberrat,</strong></span> <span class='ocrx_word' id='word_1_83' title='bbox 1090 1170 1123 1219; x_wconf 87' lang='lat' dir='ltr'><strong>ut</strong></span> <span class='ocrx_word' id='word_1_84' title='bbox 1154 1176 1258 1238; x_wconf 87' lang='lat' dir='ltr'><strong>parom</strong></span> <span class='ocrx_word' id='word_1_85' title='bbox 1282 1157 1378 1232; x_wconf 85' lang='lat' dir='ltr'><strong>absit,</strong></span> <span class='ocrx_word' id='word_1_86' title='bbox 1415 1159 1483 1237; x_wconf 88' lang='lat' dir='ltr'><strong>quin</strong></span> 
     </span>
     <span class='ocr_line' id='line_1_10' title="bbox 121 1239 1484 1327; baseline 0.005 -28"><span class='ocrx_word' id='word_1_87' title='bbox 121 1246 186 1301; x_wconf 84' lang='lat' dir='ltr'><strong>tum</strong></span> <span class='ocrx_word' id='word_1_88' title='bbox 210 1239 275 1318; x_wconf 88' lang='lat' dir='ltr'><strong>ejus</strong></span> <span class='ocrx_word' id='word_1_89' title='bbox 298 1241 329 1302; x_wconf 91' lang='lat' dir='ltr'><strong>in</strong></span> <span class='ocrx_word' id='word_1_90' title='bbox 352 1241 542 1323; x_wconf 84' lang='lat' dir='ltr'><strong>ephemeride</strong></span> <span class='ocrx_word' id='word_1_91' title='bbox 565 1243 674 1307; x_wconf 87' lang='lat' dir='ltr'><strong>vitiose</strong></span> <span class='ocrx_word' id='word_1_92' title='bbox 688 1245 839 1324; x_wconf 84' lang='lat' dir='ltr'><strong>proditam</strong></span> <span class='ocrx_word' id='word_1_93' title='bbox 854 1246 997 1309; x_wconf 87' lang='lat' dir='ltr'><strong>circulum</strong></span> <span class='ocrx_word' id='word_1_94' title='bbox 1018 1247 1167 1327; x_wconf 85' lang='lat' dir='ltr'><strong>corrigere</strong></span> <span class='ocrx_word' id='word_1_95' title='bbox 1191 1247 1357 1326; x_wconf 81' lang='lat' dir='ltr'><strong>possim⁰):</strong></span> <span class='ocrx_word' id='word_1_96' title='bbox 1383 1246 1484 1326; x_wconf 84' lang='lat' dir='ltr'><strong>itaque</strong></span> 
     </span>
     <span class='ocr_line' id='line_1_11' title="bbox 121 1327 1482 1415; baseline 0.005 -26"><span class='ocrx_word' id='word_1_97' title='bbox 121 1327 147 1389; x_wconf 85' lang='lat' dir='ltr'><strong>si</strong></span> <span class='ocrx_word' id='word_1_98' title='bbox 170 1347 260 1408; x_wconf 87' lang='lat' dir='ltr'><strong>qoem</strong></span> <span class='ocrx_word' id='word_1_99' title='bbox 282 1338 486 1393; x_wconf 74' lang='lat' dir='ltr'><strong>astronomum</strong></span> <span class='ocrx_word' id='word_1_100' title='bbox 509 1350 664 1394; x_wconf 86' lang='lat' dir='ltr'><strong>cernerem</strong></span> <span class='ocrx_word' id='word_1_101' title='bbox 687 1334 808 1396; x_wconf 89' lang='lat' dir='ltr'><strong>nimium</strong></span> <span class='ocrx_word' id='word_1_102' title='bbox 831 1335 960 1397; x_wconf 88' lang='lat' dir='ltr'><strong>sollicite</strong></span> <span class='ocrx_word' id='word_1_103' title='bbox 985 1336 1130 1398; x_wconf 87' lang='lat' dir='ltr'><strong>rimandis</strong></span> <span class='ocrx_word' id='word_1_104' title='bbox 1152 1337 1295 1415; x_wconf 83' lang='lat' dir='ltr'><strong>planetae</strong></span> <span class='ocrx_word' id='word_1_105' title='bbox 1319 1335 1406 1412; x_wconf 86' lang='lat' dir='ltr'><strong>hujus</strong></span> <span class='ocrx_word' id='word_1_106' title='bbox 1430 1354 1482 1396; x_wconf 79' lang='lat' dir='ltr'><strong>er·</strong></span> 
     </span>
     <span class='ocr_line' id='line_1_12' title="bbox 120 1417 1482 1503; baseline 0.005 -26"><span class='ocrx_word' id='word_1_107' title='bbox 120 1417 238 1479; x_wconf 76' lang='lat' dir='ltr'><strong>roribm</strong></span> <span class='ocrx_word' id='word_1_108' title='bbox 259 1418 443 1493; x_wconf 89' lang='lat' dir='ltr'><strong>incumbere,</strong></span> <span class='ocrx_word' id='word_1_109' title='bbox 475 1420 559 1482; x_wconf 89' lang='lat' dir='ltr'><strong>illum</strong></span> <span class='ocrx_word' id='word_1_110' title='bbox 583 1441 638 1502; x_wconf 82' lang='lat' dir='ltr'><strong>ego</strong></span> <span class='ocrx_word' id='word_1_111' title='bbox 664 1442 829 1497; x_wconf 77' lang='lat' dir='ltr'><strong>innuerem,</strong></span> <span class='ocrx_word' id='word_1_112' title='bbox 862 1432 897 1486; x_wconf 90' lang='lat' dir='ltr'><strong>nt</strong></span> <span class='ocrx_word' id='word_1_113' title='bbox 919 1432 1036 1503; x_wconf 89' lang='lat' dir='ltr'><strong>tempus</strong></span> <span class='ocrx_word' id='word_1_114' title='bbox 1067 1426 1140 1486; x_wconf 90' lang='lat' dir='ltr'><strong>illud</strong></span> <span class='ocrx_word' id='word_1_115' title='bbox 1169 1425 1282 1486; x_wconf 88' lang='lat' dir='ltr'><strong>rectius</strong></span> <span class='ocrx_word' id='word_1_116' title='bbox 1307 1425 1482 1498; x_wconf 70' lang='lat' dir='ltr'><strong>collocaret,</strong></span> 
     </span>
     <span class='ocr_line' id='line_1_13' title="bbox 121 1506 1484 1592; baseline 0.004 -23"><span class='ocrx_word' id='word_1_117' title='bbox 121 1514 151 1569; x_wconf 89' lang='lat' dir='ltr'><strong>et</strong></span> <span class='ocrx_word' id='word_1_118' title='bbox 175 1506 326 1571; x_wconf 89' lang='lat' dir='ltr'><strong>Tellurem</strong></span> <span class='ocrx_word' id='word_1_119' title='bbox 348 1518 439 1589; x_wconf 87' lang='lat' dir='ltr'><strong>atque</strong></span> <span class='ocrx_word' id='word_1_120' title='bbox 463 1510 540 1573; x_wconf 88' lang='lat' dir='ltr'><strong>hanc</strong></span> <span class='ocrx_word' id='word_1_121' title='bbox 564 1511 744 1573; x_wconf 71' lang='lat' dir='ltr'><strong>ambientem</strong></span> <span class='ocrx_word' id='word_1_122' title='bbox 766 1513 892 1587; x_wconf 88' lang='lat' dir='ltr'><strong>Lunam,</strong></span> <span class='ocrx_word' id='word_1_123' title='bbox 917 1511 1111 1591; x_wconf 69' lang='lat' dir='ltr'><strong>ieapysgueea</strong></span> <span class='ocrx_word' id='word_1_124' title='bbox 1129 1514 1224 1587; x_wconf 88' lang='lat' dir='ltr'><strong>sidus,</strong></span> <span class='ocrx_word' id='word_1_125' title='bbox 1249 1531 1376 1592; x_wconf 86' lang='lat' dir='ltr'><strong>quarum</strong></span> <span class='ocrx_word' id='word_1_126' title='bbox 1401 1512 1484 1575; x_wconf 83' lang='lat' dir='ltr'><strong>illam</strong></span> 
     </span>
     <span class='ocr_line' id='line_1_14' title="bbox 121 1596 1485 1683; baseline 0.004 -26"><span class='ocrx_word' id='word_1_127' title='bbox 121 1596 262 1674; x_wconf 83' lang='lat' dir='ltr'><strong>pedibas,</strong></span> <span class='ocrx_word' id='word_1_128' title='bbox 286 1596 365 1659; x_wconf 85' lang='lat' dir='ltr'><strong>hanc</strong></span> <span class='ocrx_word' id='word_1_129' title='bbox 388 1598 486 1659; x_wconf 83' lang='lat' dir='ltr'><strong>oculis</strong></span> <span class='ocrx_word' id='word_1_130' title='bbox 504 1600 640 1679; x_wconf 81' lang='lat' dir='ltr'><strong>proxime</strong></span> <span class='ocrx_word' id='word_1_131' title='bbox 663 1601 853 1681; x_wconf 81' lang='lat' dir='ltr'><strong>attingimus,</strong></span> <span class='ocrx_word' id='word_1_132' title='bbox 879 1603 968 1676; x_wconf 85' lang='lat' dir='ltr'><strong>baec,</strong></span> <span class='ocrx_word' id='word_1_133' title='bbox 992 1604 1128 1683; x_wconf 88' lang='lat' dir='ltr'><strong>inquam,</strong></span> <span class='ocrx_word' id='word_1_134' title='bbox 1161 1602 1263 1669; x_wconf 87' lang='lat' dir='ltr'><strong>sidera</strong></span> <span class='ocrx_word' id='word_1_135' title='bbox 1285 1601 1387 1681; x_wconf 84' lang='lat' dir='ltr'><strong>potius</strong></span> <span class='ocrx_word' id='word_1_136' title='bbox 1411 1621 1485 1679; x_wconf 89' lang='lat' dir='ltr'><strong>spe·</strong></span> 
     </span>
     <span class='ocr_line' id='line_1_15' title="bbox 121 1684 1483 1771; baseline 0.003 -25"><span class='ocrx_word' id='word_1_137' title='bbox 121 1684 246 1760; x_wconf 80' lang='lat' dir='ltr'><strong>caletur,</strong></span> <span class='ocrx_word' id='word_1_138' title='bbox 271 1704 406 1766; x_wconf 86' lang='lat' dir='ltr'><strong>quaeque</strong></span> <span class='ocrx_word' id='word_1_139' title='bbox 430 1688 459 1748; x_wconf 91' lang='lat' dir='ltr'><strong>in</strong></span> <span class='ocrx_word' id='word_1_140' title='bbox 483 1707 587 1750; x_wconf 88' lang='lat' dir='ltr'><strong>eorum</strong></span> <span class='ocrx_word' id='word_1_141' title='bbox 609 1689 740 1751; x_wconf 89' lang='lat' dir='ltr'><strong>motibus</strong></span> <span class='ocrx_word' id='word_1_142' title='bbox 763 1691 852 1770; x_wconf 90' lang='lat' dir='ltr'><strong>inque</strong></span> <span class='ocrx_word' id='word_1_143' title='bbox 878 1691 1041 1771; x_wconf 86' lang='lat' dir='ltr'><strong>eclipsibus</strong></span> <span class='ocrx_word' id='word_1_144' title='bbox 1065 1692 1162 1754; x_wconf 89' lang='lat' dir='ltr'><strong>adbuc</strong></span> <span class='ocrx_word' id='word_1_145' title='bbox 1184 1708 1353 1771; x_wconf 87' lang='lat' dir='ltr'><strong>peccamus,</strong></span> <span class='ocrx_word' id='word_1_146' title='bbox 1380 1689 1483 1751; x_wconf 87' lang='lat' dir='ltr'><strong>limet:</strong></span> 
     </span>
     <span class='ocr_line' id='line_1_16' title="bbox 120 1773 1486 1857; baseline 0.004 -23"><span class='ocrx_word' id='word_1_147' title='bbox 120 1780 184 1835; x_wconf 85' lang='lat' dir='ltr'><strong>tum</strong></span> <span class='ocrx_word' id='word_1_148' title='bbox 208 1773 329 1837; x_wconf 87' lang='lat' dir='ltr'><strong>demam</strong></span> <span class='ocrx_word' id='word_1_149' title='bbox 346 1794 469 1857; x_wconf 90' lang='lat' dir='ltr'><strong>operam</strong></span> <span class='ocrx_word' id='word_1_150' title='bbox 491 1778 531 1839; x_wconf 87' lang='lat' dir='ltr'><strong>ad</strong></span> <span class='ocrx_word' id='word_1_151' title='bbox 549 1778 730 1841; x_wconf 81' lang='lat' dir='ltr'><strong>Mercurium</strong></span> <span class='ocrx_word' id='word_1_152' title='bbox 757 1781 933 1843; x_wconf 83' lang='lat' dir='ltr'><strong>transierat.</strong></span> <span class='ocrx_word' id='word_1_153' title='bbox 981 1781 1102 1842; x_wconf 87' lang='lat' dir='ltr'><strong>Interea</strong></span> <span class='ocrx_word' id='word_1_154' title='bbox 1132 1780 1160 1842; x_wconf 87' lang='lat' dir='ltr'><strong>si</strong></span> <span class='ocrx_word' id='word_1_155' title='bbox 1183 1780 1273 1841; x_wconf 85' lang='lat' dir='ltr'><strong>venia</strong></span> <span class='ocrx_word' id='word_1_156' title='bbox 1302 1779 1383 1857; x_wconf 84' lang='lat' dir='ltr'><strong>digni</strong></span> <span class='ocrx_word' id='word_1_157' title='bbox 1414 1786 1486 1841; x_wconf 87' lang='lat' dir='ltr'><strong>suot</strong></span> 
     </span>
    </p>
   </div>
   <div class='ocr_carea' id='block_1_4' title="bbox 121 1862 1581 1949">
    <p class='ocr_par' dir='ltr' id='par_1_4' title="bbox 121 1862 1581 1949">
     <span class='ocr_line' id='line_1_17' title="bbox 121 1862 1581 1949; baseline 0.004 -26"><span class='ocrx_word' id='word_1_158' title='bbox 121 1881 239 1925; x_wconf 90' lang='lat' dir='ltr'><strong>errores</strong></span> <span class='ocrx_word' id='word_1_159' title='bbox 262 1863 343 1926; x_wconf 89' lang='lat' dir='ltr'><strong>circa</strong></span> <span class='ocrx_word' id='word_1_160' title='bbox 365 1865 494 1928; x_wconf 86' lang='lat' dir='ltr'><strong>Telluris</strong></span> <span class='ocrx_word' id='word_1_161' title='bbox 514 1874 545 1927; x_wconf 89' lang='lat' dir='ltr'><strong>et</strong></span> <span class='ocrx_word' id='word_1_162' title='bbox 568 1867 673 1929; x_wconf 89' lang='lat' dir='ltr'><strong>Lunae</strong></span> <span class='ocrx_word' id='word_1_163' title='bbox 697 1876 809 1944; x_wconf 89' lang='lat' dir='ltr'><strong>motus,</strong></span> <span class='ocrx_word' id='word_1_164' title='bbox 842 1870 936 1931; x_wconf 87' lang='lat' dir='ltr'><strong>multo</strong></span> <span class='ocrx_word' id='word_1_165' title='bbox 964 1871 1062 1949; x_wconf 83' lang='lat' dir='ltr'><strong>magis</strong></span> <span class='ocrx_word' id='word_1_166' title='bbox 1096 1870 1127 1932; x_wconf 90' lang='lat' dir='ltr'><strong>id</strong></span> <span class='ocrx_word' id='word_1_167' title='bbox 1150 1868 1339 1932; x_wconf 83' lang='lat' dir='ltr'><strong>merebuntur</strong></span> <span class='ocrx_word' id='word_1_168' title='bbox 1364 1885 1481 1929; x_wconf 88' lang='lat' dir='ltr'><strong>errores</strong></span> <span class='ocrx_word' id='word_1_169' title='bbox 1576 1862 1581 1877; x_wconf 84' lang='lat'>‘</span> 
     </span>
    </p>
   </div>
   <div class='ocr_carea' id='block_1_5' title="bbox 117 1953 1536 4795">
    <p class='ocr_par' dir='ltr' id='par_1_5' title="bbox 122 1953 1437 2038">
     <span class='ocr_line' id='line_1_18' title="bbox 122 1953 1437 2038; baseline 0.002 -23"><span class='ocrx_word' id='word_1_170' title='bbox 122 1953 150 2015; x_wconf 87' lang='lat' dir='ltr'><strong>iu</strong></span> <span class='ocrx_word' id='word_1_171' title='bbox 173 1953 336 2028; x_wconf 87' lang='lat' dir='ltr'><strong>Mercurio,</strong></span> <span class='ocrx_word' id='word_1_172' title='bbox 361 1953 411 2035; x_wconf 93' lang='lat' dir='ltr'><strong>qui</strong></span> <span class='ocrx_word' id='word_1_173' title='bbox 434 1963 466 2016; x_wconf 82' lang='lat' dir='ltr'><strong>et</strong></span> <span class='ocrx_word' id='word_1_174' title='bbox 488 1956 633 2018; x_wconf 91' lang='lat' dir='ltr'><strong>remotior</strong></span> <span class='ocrx_word' id='word_1_175' title='bbox 657 1977 676 2018; x_wconf 88' lang='lat' dir='ltr'><strong>a</strong></span> <span class='ocrx_word' id='word_1_176' title='bbox 698 1957 784 2019; x_wconf 91' lang='lat' dir='ltr'><strong>nobis</strong></span> <span class='ocrx_word' id='word_1_177' title='bbox 809 1965 866 2032; x_wconf 89' lang='lat' dir='ltr'><strong>est,</strong></span> <span class='ocrx_word' id='word_1_178' title='bbox 890 1967 923 2019; x_wconf 88' lang='lat' dir='ltr'><strong>et</strong></span> <span class='ocrx_word' id='word_1_179' title='bbox 946 1959 1009 2020; x_wconf 82' lang='lat' dir='ltr'><strong>iere</strong></span> <span class='ocrx_word' id='word_1_180' title='bbox 1033 1977 1151 2038; x_wconf 90' lang='lat' dir='ltr'><strong>semper</strong></span> <span class='ocrx_word' id='word_1_181' title='bbox 1173 1958 1229 2018; x_wconf 93' lang='lat' dir='ltr'><strong>sub</strong></span> <span class='ocrx_word' id='word_1_182' title='bbox 1252 1956 1325 2018; x_wconf 86' lang='lat' dir='ltr'><strong>Sole</strong></span> <span class='ocrx_word' id='word_1_183' title='bbox 1350 1958 1437 2018; x_wconf 84' lang='lat' dir='ltr'><strong>latet.</strong></span> 
     </span>
    </p>

    <p class='ocr_par' dir='ltr' id='par_1_6' title="bbox 120 2042 1484 2385">
     <span class='ocr_line' id='line_1_19' title="bbox 210 2042 1484 2128; baseline 0.002 -25"><span class='ocrx_word' id='word_1_184' title='bbox 210 2042 313 2124; x_wconf 80' lang='lat' dir='ltr'><strong>Atque</strong></span> <span class='ocrx_word' id='word_1_185' title='bbox 346 2043 395 2105; x_wconf 87' lang='lat' dir='ltr'><strong>hic</strong></span> <span class='ocrx_word' id='word_1_186' title='bbox 426 2062 542 2107; x_wconf 88' lang='lat' dir='ltr'><strong>rursum</strong></span> <span class='ocrx_word' id='word_1_187' title='bbox 572 2053 607 2107; x_wconf 87' lang='lat' dir='ltr'><strong>ut</strong></span> <span class='ocrx_word' id='word_1_188' title='bbox 624 2046 739 2125; x_wconf 68' lang='lat' dir='ltr'><strong>‚priore</strong></span> <span class='ocrx_word' id='word_1_189' title='bbox 770 2046 869 2125; x_wconf 88' lang='lat' dir='ltr'><strong>capite</strong></span> <span class='ocrx_word' id='word_1_190' title='bbox 907 2048 1059 2111; x_wconf 84' lang='lat' dir='ltr'><strong>coronidis</strong></span> <span class='ocrx_word' id='word_1_191' title='bbox 1096 2049 1163 2109; x_wconf 90' lang='lat' dir='ltr'><strong>loco</strong></span> <span class='ocrx_word' id='word_1_192' title='bbox 1187 2045 1335 2126; x_wconf 87' lang='lat' dir='ltr'><strong>epistolae</strong></span> <span class='ocrx_word' id='word_1_193' title='bbox 1365 2052 1484 2128; x_wconf 88' lang='lat' dir='ltr'><strong>partem</strong></span> 
     </span>
     <span class='ocr_line' id='line_1_20' title="bbox 121 2130 1483 2217; baseline -0.001 -22"><span class='ocrx_word' id='word_1_194' title='bbox 121 2130 289 2207; x_wconf 76' lang='lat' dir='ltr'><strong>ascribam,</strong></span> <span class='ocrx_word' id='word_1_195' title='bbox 324 2151 413 2212; x_wconf 90' lang='lat' dir='ltr'><strong>quam</strong></span> <span class='ocrx_word' id='word_1_196' title='bbox 435 2134 622 2196; x_wconf 86' lang='lat' dir='ltr'><strong>Maeatlinus</strong></span> <span class='ocrx_word' id='word_1_197' title='bbox 644 2136 682 2210; x_wconf 82' lang='lat' dir='ltr'><strong>ad</strong></span> <span class='ocrx_word' id='word_1_198' title='bbox 707 2154 754 2197; x_wconf 90' lang='lat' dir='ltr'><strong>me</strong></span> <span class='ocrx_word' id='word_1_199' title='bbox 777 2135 875 2197; x_wconf 85' lang='lat' dir='ltr'><strong>misit:</strong></span> <span class='ocrx_word' id='word_1_200' title='bbox 910 2137 997 2217; x_wconf 90' lang='lat' dir='ltr'><strong>idque</strong></span> <span class='ocrx_word' id='word_1_201' title='bbox 1026 2137 1143 2198; x_wconf 88' lang='lat' dir='ltr'><strong>duabus</strong></span> <span class='ocrx_word' id='word_1_202' title='bbox 1167 2135 1343 2209; x_wconf 86' lang='lat' dir='ltr'><strong>decausis,</strong></span> <span class='ocrx_word' id='word_1_203' title='bbox 1376 2133 1483 2212; x_wconf 87' lang='lat' dir='ltr'><strong>prima,</strong></span> 
     </span>
     <span class='ocr_line' id='line_1_21' title="bbox 120 2220 1484 2385; baseline 0.001 -104"><span class='ocrx_word' id='word_1_204' title='bbox 120 2220 252 2301; x_wconf 79' lang='lat' dir='ltr'><strong>quiade</strong></span> <span class='ocrx_word' id='word_1_205' title='bbox 276 2223 555 2385; x_wconf 38' lang='lat' dir='ltr'><strong>qovnecessariate</strong></span> <span class='ocrx_word' id='word_1_206' title='bbox 579 2233 696 2293; x_wconf 87' lang='lat' dir='ltr'><strong>monet,</strong></span> <span class='ocrx_word' id='word_1_207' title='bbox 729 2225 844 2297; x_wconf 89' lang='lat' dir='ltr'><strong>altera,</strong></span> <span class='ocrx_word' id='word_1_208' title='bbox 875 2225 947 2305; x_wconf 86' lang='lat' dir='ltr'><strong>quia</strong></span> <span class='ocrx_word' id='word_1_209' title='bbox 968 2234 1060 2305; x_wconf 89' lang='lat' dir='ltr'><strong>caput</strong></span> <span class='ocrx_word' id='word_1_210' title='bbox 1091 2226 1147 2287; x_wconf 91' lang='lat' dir='ltr'><strong>boc</strong></span> <span class='ocrx_word' id='word_1_211' title='bbox 1175 2225 1289 2306; x_wconf 89' lang='lat' dir='ltr'><strong>passim</strong></span> <span class='ocrx_word' id='word_1_212' title='bbox 1318 2223 1484 2285; x_wconf 89' lang='lat' dir='ltr'><strong>confirmat.</strong></span> 
     </span>
     <span class='ocr_line' id='line_1_22' title="bbox 121 2308 269 2372; baseline -0.014 0"><span class='ocrx_word' id='word_1_213' title='bbox 121 2308 173 2372; x_wconf 85' lang='lat' dir='ltr'><strong>Sic</strong></span> <span class='ocrx_word' id='word_1_214' title='bbox 196 2308 269 2371; x_wconf 84' lang='lat' dir='ltr'><strong>ille:</strong></span> 
     </span>
    </p>

    <p class='ocr_par' dir='ltr' id='par_1_7' title="bbox 117 2398 1536 4795">
     <span class='ocr_line' id='line_1_23' title="bbox 215 2398 1485 2483; baseline -0.001 -22"><span class='ocrx_word' id='word_1_215' title='bbox 215 2398 311 2475; x_wconf 85' lang='lat' dir='ltr'><strong>„Tam</strong></span> <span class='ocrx_word' id='word_1_216' title='bbox 335 2398 481 2461; x_wconf 90' lang='lat' dir='ltr'><strong>mirabilis</strong></span> <span class='ocrx_word' id='word_1_217' title='bbox 505 2400 741 2475; x_wconf 84' lang='lat' dir='ltr'><strong>esthlercurius,</strong></span> <span class='ocrx_word' id='word_1_218' title='bbox 766 2409 799 2462; x_wconf 88' lang='lat' dir='ltr'><strong>ut</strong></span> <span class='ocrx_word' id='word_1_219' title='bbox 821 2421 925 2482; x_wconf 90' lang='lat' dir='ltr'><strong>parurn</strong></span> <span class='ocrx_word' id='word_1_220' title='bbox 950 2401 1090 2477; x_wconf 78' lang='lat' dir='ltr'><strong>abfuerit,</strong></span> <span class='ocrx_word' id='word_1_221' title='bbox 1115 2401 1184 2483; x_wconf 93' lang='lat' dir='ltr'><strong>quin</strong></span> <span class='ocrx_word' id='word_1_222' title='bbox 1208 2400 1301 2463; x_wconf 85' lang='lat' dir='ltr'><strong>etiam</strong></span> <span class='ocrx_word' id='word_1_223' title='bbox 1324 2419 1370 2461; x_wconf 87' lang='lat' dir='ltr'><strong>ms</strong></span> <span class='ocrx_word' id='word_1_224' title='bbox 1395 2398 1485 2461; x_wconf 85' lang='lat' dir='ltr'><strong>lelel-</strong></span> 
     </span>
     <span class='ocr_line' id='line_1_24' title="bbox 122 2487 1485 2570; baseline -0.003 -17"><span class='ocrx_word' id='word_1_225' title='bbox 122 2487 221 2553; x_wconf 89' lang='lat' dir='ltr'><strong>lisset.</strong></span> <span class='ocrx_word' id='word_1_226' title='bbox 268 2488 334 2550; x_wconf 85' lang='lat' dir='ltr'><strong>Nec</strong></span> <span class='ocrx_word' id='word_1_227' title='bbox 361 2487 486 2560; x_wconf 89' lang='lat' dir='ltr'><strong>mirum,</strong></span> <span class='ocrx_word' id='word_1_228' title='bbox 519 2489 589 2570; x_wconf 88' lang='lat' dir='ltr'><strong>quia</strong></span> <span class='ocrx_word' id='word_1_229' title='bbox 618 2490 709 2552; x_wconf 89' lang='lat' dir='ltr'><strong>etiarn</strong></span> <span class='ocrx_word' id='word_1_230' title='bbox 733 2488 900 2570; x_wconf 78' lang='lat' dir='ltr'><strong>(lopernico</strong></span> <span class='ocrx_word' id='word_1_231' title='bbox 930 2499 960 2554; x_wconf 89' lang='lat' dir='ltr'><strong>et</strong></span> <span class='ocrx_word' id='word_1_232' title='bbox 983 2491 1173 2553; x_wconf 89' lang='lat' dir='ltr'><strong>Rbeinholdo</strong></span> <span class='ocrx_word' id='word_1_233' title='bbox 1204 2491 1364 2553; x_wconf 81' lang='lat' dir='ltr'><strong>admodum</strong></span> <span class='ocrx_word' id='word_1_234' title='bbox 1388 2489 1485 2550; x_wconf 91' lang='lat' dir='ltr'><strong>mole·</strong></span> 
     </span>
     <span class='ocr_line' id='line_1_25' title="bbox 122 2577 1487 2660; baseline 0 -22"><span class='ocrx_word' id='word_1_235' title='bbox 122 2577 312 2639; x_wconf 76' lang='lat' dir='ltr'><strong>meminisse</strong></span> <span class='ocrx_word' id='word_1_236' title='bbox 328 2578 546 2640; x_wconf 86' lang='lat' dir='ltr'><strong>animadverto.</strong></span> <span class='ocrx_word' id='word_1_237' title='bbox 594 2577 779 2657; x_wconf 81' lang='lat' dir='ltr'><strong>Cepernicus</strong></span> <span class='ocrx_word' id='word_1_238' title='bbox 797 2580 853 2641; x_wconf 91' lang='lat' dir='ltr'><strong>boc</strong></span> <span class='ocrx_word' id='word_1_239' title='bbox 874 2581 911 2642; x_wconf 90' lang='lat' dir='ltr'><strong>de</strong></span> <span class='ocrx_word' id='word_1_240' title='bbox 926 2600 960 2641; x_wconf 87' lang='lat' dir='ltr'><strong>se</strong></span> <span class='ocrx_word' id='word_1_241' title='bbox 976 2580 1043 2660; x_wconf 89' lang='lat' dir='ltr'><strong>ipso</strong></span> <span class='ocrx_word' id='word_1_242' title='bbox 1064 2581 1186 2654; x_wconf 84' lang='lat' dir='ltr'><strong>latetur,</strong></span> <span class='ocrx_word' id='word_1_243' title='bbox 1212 2578 1357 2656; x_wconf 68' lang='lat' dir='ltr'><strong>„multis</strong></span> <span class='ocrx_word' id='word_1_244' title='bbox 1375 2578 1487 2658; x_wconf 90' lang='lat' dir='ltr'><strong>(inquit</strong></span> 
     </span>
     <span class='ocr_line' id='line_1_26' title="bbox 121 2663 1483 2746; baseline 0.001 -20"><span class='ocrx_word' id='word_1_245' title='bbox 121 2666 173 2728; x_wconf 89' lang='lat' dir='ltr'><strong>lib.</strong></span> <span class='ocrx_word' id='word_1_246' title='bbox 200 2666 241 2727; x_wconf 90' lang='lat' dir='ltr'><strong>V.</strong></span> <span class='ocrx_word' id='word_1_247' title='bbox 268 2684 334 2746; x_wconf 89' lang='lat' dir='ltr'><strong>cap.</strong></span> <span class='ocrx_word' id='word_1_248' title='bbox 355 2663 424 2740; x_wconf 87' lang='grc'><strong>30.)</strong></span> <span class='ocrx_word' id='word_1_249' title='bbox 448 2667 627 2745; x_wconf 70' lang='lat' dir='ltr'><strong>ambagibus</strong></span> <span class='ocrx_word' id='word_1_250' title='bbox 650 2678 682 2730; x_wconf 90' lang='lat' dir='ltr'><strong>et</strong></span> <span class='ocrx_word' id='word_1_251' title='bbox 706 2668 859 2731; x_wconf 79' lang='lat' dir='ltr'><strong>laboribus</strong></span> <span class='ocrx_word' id='word_1_252' title='bbox 882 2687 937 2730; x_wconf 89' lang='lat' dir='ltr'><strong>nos</strong></span> <span class='ocrx_word' id='word_1_253' title='bbox 961 2670 1052 2731; x_wconf 90' lang='lat' dir='ltr'><strong>torsit</strong></span> <span class='ocrx_word' id='word_1_254' title='bbox 1074 2669 1131 2730; x_wconf 90' lang='lat' dir='ltr'><strong>hoc</strong></span> <span class='ocrx_word' id='word_1_255' title='bbox 1155 2670 1249 2743; x_wconf 87' lang='lat' dir='ltr'><strong>sidus,</strong></span> <span class='ocrx_word' id='word_1_256' title='bbox 1276 2675 1309 2729; x_wconf 93' lang='lat' dir='ltr'><strong>ut</strong></span> <span class='ocrx_word' id='word_1_257' title='bbox 1327 2667 1393 2746; x_wconf 81' lang='lat' dir='ltr'><strong>ejus</strong></span> <span class='ocrx_word' id='word_1_258' title='bbox 1417 2684 1483 2728; x_wconf 88' lang='lat' dir='ltr'><strong>mo-</strong></span> 
     </span>
     <span class='ocr_line' id='line_1_27' title="bbox 120 2754 1485 2837; baseline 0.002 -21"><span class='ocrx_word' id='word_1_259' title='bbox 120 2763 170 2816; x_wconf 87' lang='lat' dir='ltr'><strong>tus</strong></span> <span class='ocrx_word' id='word_1_260' title='bbox 195 2755 454 2817; x_wconf 84' lang='lat' dir='ltr'><strong>scrutaremur.““</strong></span> <span class='ocrx_word' id='word_1_261' title='bbox 501 2756 590 2819; x_wconf 89' lang='lat' dir='ltr'><strong>Unde</strong></span> <span class='ocrx_word' id='word_1_262' title='bbox 614 2758 919 2837; x_wconf 88' lang='lat' dir='ltr'><strong>praeterquamquod</strong></span> <span class='ocrx_word' id='word_1_263' title='bbox 934 2759 1036 2819; x_wconf 89' lang='lat' dir='ltr'><strong>nullas</strong></span> <span class='ocrx_word' id='word_1_264' title='bbox 1059 2776 1131 2818; x_wconf 88' lang='lat' dir='ltr'><strong>suas</strong></span> <span class='ocrx_word' id='word_1_265' title='bbox 1149 2757 1290 2837; x_wconf 86' lang='lat' dir='ltr'><strong>proprias</strong></span> <span class='ocrx_word' id='word_1_266' title='bbox 1304 2755 1415 2817; x_wconf 88' lang='lat' dir='ltr'><strong>recitat</strong></span> <span class='ocrx_word' id='word_1_267' title='bbox 1428 2754 1485 2819; x_wconf 86' lang='lat' dir='ltr'><strong>ob-</strong></span> 
     </span>
     <span class='ocr_line' id='line_1_28' title="bbox 120 2843 1536 2926; baseline -0.002 -20"><span class='ocrx_word' id='word_1_268' title='bbox 120 2843 309 2906; x_wconf 81' lang='lat' dir='ltr'><strong>servationes</strong></span> <span class='ocrx_word' id='word_1_269' title='bbox 332 2844 361 2906; x_wconf 89' lang='lat' dir='ltr'><strong>in</strong></span> <span class='ocrx_word' id='word_1_270' title='bbox 387 2848 408 2923; x_wconf 63' lang='lat' dir='ltr'><strong>b</strong></span> <span class='ocrx_word' id='word_1_271' title='bbox 431 2844 569 2917; x_wconf 85' lang='lat' dir='ltr'><strong>habitas,</strong></span> <span class='ocrx_word' id='word_1_272' title='bbox 602 2846 656 2906; x_wconf 90' lang='lat' dir='ltr'><strong>sed</strong></span> <span class='ocrx_word' id='word_1_273' title='bbox 684 2868 703 2907; x_wconf 91' lang='lat' dir='ltr'><strong>a</strong></span> <span class='ocrx_word' id='word_1_274' title='bbox 725 2845 903 2908; x_wconf 87' lang='lat' dir='ltr'><strong>Bernhardo</strong></span> <span class='ocrx_word' id='word_1_275' title='bbox 926 2845 1065 2908; x_wconf 89' lang='lat' dir='ltr'><strong>Waltero</strong></span> <span class='ocrx_word' id='word_1_276' title='bbox 1089 2846 1288 2926; x_wconf 79' lang='lat' dir='ltr'><strong>Noribergioo</strong></span> <span class='ocrx_word' id='word_1_277' title='bbox 1316 2850 1484 2905; x_wconf 86' lang='lat' dir='ltr'><strong>mutuatur:</strong></span> <span class='ocrx_word' id='word_1_278' title='bbox 1531 2904 1536 2909; x_wconf 81' lang='grc'><strong>,</strong></span> 
     </span>
     <span class='ocr_line' id='line_1_29' title="bbox 120 2925 1484 3014; baseline -0.001 -20"><span class='ocrx_word' id='word_1_279' title='bbox 120 2932 258 2994; x_wconf 85' lang='lat' dir='ltr'><strong>etiamid</strong></span> <span class='ocrx_word' id='word_1_280' title='bbox 278 2934 407 3013; x_wconf 83' lang='lat' dir='ltr'><strong>apogaei</strong></span> <span class='ocrx_word' id='word_1_281' title='bbox 425 2933 522 3011; x_wconf 86' lang='lat' dir='ltr'><strong>ipsius</strong></span> <span class='ocrx_word' id='word_1_282' title='bbox 538 2933 603 2997; x_wconf 93' lang='lat' dir='ltr'><strong>loco</strong></span> <span class='ocrx_word' id='word_1_283' title='bbox 619 2935 782 2997; x_wconf 89' lang='lat' dir='ltr'><strong>statuendo</strong></span> <span class='ocrx_word' id='word_1_284' title='bbox 805 2935 863 2995; x_wconf 90' lang='lat' dir='ltr'><strong>sibi</strong></span> <span class='ocrx_word' id='word_1_285' title='bbox 888 2954 945 2995; x_wconf 90' lang='lat' dir='ltr'><strong>nou</strong></span> <span class='ocrx_word' id='word_1_286' title='bbox 961 2942 1092 2996; x_wconf 89' lang='lat' dir='ltr'><strong>constat.</strong></span> <span class='ocrx_word' id='word_1_287' title='bbox 1125 2935 1205 2997; x_wconf 86' lang='lat' dir='ltr'><strong>Nam</strong></span> <span class='ocrx_word' id='word_1_288' title='bbox 1220 2953 1306 3014; x_wconf 91' lang='lat' dir='ltr'><strong>quem</strong></span> <span class='ocrx_word' id='word_1_289' title='bbox 1318 2935 1401 3010; x_wconf 87' lang='lat' dir='ltr'><strong>(cap.</strong></span> <span class='ocrx_word' id='word_1_290' title='bbox 1414 2925 1484 3004; x_wconf 82' lang='lat'>26.)</span> 
     </span>
     <span class='ocr_line' id='line_1_30' title="bbox 121 3020 1484 3102; baseline -0.002 -19"><span class='ocrx_word' id='word_1_291' title='bbox 121 3021 151 3083; x_wconf 88' lang='lat' dir='ltr'><strong>in</strong></span> <span class='ocrx_word' id='word_1_292' title='bbox 175 3022 280 3102; x_wconf 88' lang='lat' dir='ltr'><strong>primis</strong></span> <span class='ocrx_word' id='word_1_293' title='bbox 303 3022 450 3085; x_wconf 82' lang='lat' dir='ltr'><strong>Antonini</strong></span> <span class='ocrx_word' id='word_1_294' title='bbox 474 3023 571 3095; x_wconf 89' lang='lat' dir='ltr'><strong>annis,</strong></span> <span class='ocrx_word' id='word_1_295' title='bbox 597 3023 678 3085; x_wconf 87' lang='lat' dir='ltr'><strong>circa</strong></span> <span class='ocrx_word' id='word_1_296' title='bbox 702 3041 810 3084; x_wconf 88' lang='lat' dir='ltr'><strong>anuum</strong></span> <span class='ocrx_word' id='word_1_297' title='bbox 836 3021 950 3086; x_wconf 81' lang='lat' dir='ltr'><strong>Christi</strong></span> <span class='ocrx_word' id='word_1_298' title='bbox 977 3020 1048 3086; x_wconf 85' lang='grc'><strong>140.</strong></span> <span class='ocrx_word' id='word_1_299' title='bbox 1070 3024 1162 3102; x_wconf 88' lang='lat' dir='ltr'><strong>juxta</strong></span> <span class='ocrx_word' id='word_1_300' title='bbox 1184 3022 1351 3084; x_wconf 88' lang='lat' dir='ltr'><strong>Ptolemaei</strong></span> <span class='ocrx_word' id='word_1_301' title='bbox 1375 3021 1484 3081; x_wconf 75' lang='lat' dir='ltr'><strong>obser-</strong></span> 
     </span>
     <span class='ocr_line' id='line_1_31' title="bbox 120 3097 1486 3188; baseline -0.001 -17"><span class='ocrx_word' id='word_1_302' title='bbox 120 3112 260 3172; x_wconf 81' lang='lat' dir='ltr'><strong>vationes</strong></span> <span class='ocrx_word' id='word_1_303' title='bbox 298 3111 414 3173; x_wconf 84' lang='lat' dir='ltr'><strong>invenit</strong></span> <span class='ocrx_word' id='word_1_304' title='bbox 446 3113 475 3173; x_wconf 92' lang='lat' dir='ltr'><strong>in</strong></span> <span class='ocrx_word' id='word_1_305' title='bbox 519 3106 578 3174; x_wconf 74' lang='grc' dir='ltr'><strong>10ο</strong></span> <span class='ocrx_word' id='word_1_306' title='bbox 607 3097 656 3179; x_wconf 57' lang='lat'><strong>&#39;2⁶</strong></span> <span class='ocrx_word' id='word_1_307' title='bbox 697 3122 728 3173; x_wconf 92' lang='lat' dir='ltr'><strong>et</strong></span> <span class='ocrx_word' id='word_1_308' title='bbox 756 3111 811 3173; x_wconf 90' lang='lat' dir='ltr'><strong>sub</strong></span> <span class='ocrx_word' id='word_1_309' title='bbox 840 3112 963 3173; x_wconf 90' lang='lat' dir='ltr'><strong>stellato</strong></span> <span class='ocrx_word' id='word_1_310' title='bbox 992 3113 1062 3173; x_wconf 90' lang='lat' dir='ltr'><strong>orbe</strong></span> <span class='ocrx_word' id='word_1_311' title='bbox 1092 3113 1120 3172; x_wconf 91' lang='lat' dir='ltr'><strong>in</strong></span> <span class='ocrx_word' id='word_1_312' title='bbox 1149 3107 1230 3174; x_wconf 75' lang='grc' dir='ltr'><strong>183ο</strong></span> <span class='ocrx_word' id='word_1_313' title='bbox 1252 3108 1306 3173; x_wconf 79' lang='grc'><strong>20</strong></span> <span class='ocrx_word' id='word_1_314' title='bbox 1340 3130 1358 3170; x_wconf 89' lang='lat' dir='ltr'><strong>a</strong></span> <span class='ocrx_word' id='word_1_315' title='bbox 1387 3108 1486 3188; x_wconf 86' lang='lat' dir='ltr'><strong>prima</strong></span> 
     </span>
     <span class='ocr_line' id='line_1_32' title="bbox 122 3195 1485 3282; baseline -0.001 -23"><span class='ocrx_word' id='word_1_316' title='bbox 122 3200 217 3261; x_wconf 87' lang='lat' dir='ltr'><strong>stella</strong></span> <span class='ocrx_word' id='word_1_317' title='bbox 239 3198 287 3274; x_wconf 73' lang='grc' dir='ltr'><strong>Υε</strong></span> <span class='ocrx_word' id='word_1_318' title='bbox 319 3202 445 3262; x_wconf 89' lang='lat' dir='ltr'><strong>eundem</strong></span> <span class='ocrx_word' id='word_1_319' title='bbox 476 3195 559 3264; x_wconf 71' lang='grc' dir='ltr'><strong>103ο</strong></span> <span class='ocrx_word' id='word_1_320' title='bbox 588 3198 642 3264; x_wconf 79' lang='grc'><strong>20</strong></span> <span class='ocrx_word' id='word_1_321' title='bbox 667 3204 748 3282; x_wconf 90' lang='lat' dir='ltr'><strong>(cap.</strong></span> <span class='ocrx_word' id='word_1_322' title='bbox 777 3199 846 3274; x_wconf 80' lang='lat'>29.)</span> <span class='ocrx_word' id='word_1_323' title='bbox 877 3202 994 3282; x_wconf 89' lang='lat' dir='ltr'><strong>reponit</strong></span> <span class='ocrx_word' id='word_1_324' title='bbox 1023 3201 1061 3262; x_wconf 89' lang='lat' dir='ltr'><strong>ad</strong></span> <span class='ocrx_word' id='word_1_325' title='bbox 1095 3199 1147 3262; x_wconf 76' lang='lat'><strong>21.</strong></span> <span class='ocrx_word' id='word_1_326' title='bbox 1178 3219 1287 3262; x_wconf 88' lang='lat' dir='ltr'><strong>annum</strong></span> <span class='ocrx_word' id='word_1_327' title='bbox 1316 3196 1485 3260; x_wconf 77' lang='lat' dir='ltr'><strong>Ptolemaei</strong></span> 
     </span>
     <span class='ocr_line' id='line_1_33' title="bbox 121 3286 1483 3372; baseline -0.003 -21"><span class='ocrx_word' id='word_1_328' title='bbox 121 3288 322 3368; x_wconf 85' lang='lat' dir='ltr'><strong>Philadelphi,</strong></span> <span class='ocrx_word' id='word_1_329' title='bbox 343 3290 470 3369; x_wconf 88' lang='lat' dir='ltr'><strong>perinde</strong></span> <span class='ocrx_word' id='word_1_330' title='bbox 495 3310 530 3351; x_wconf 92' lang='lat' dir='ltr'><strong>ac</strong></span> <span class='ocrx_word' id='word_1_331' title='bbox 555 3291 580 3351; x_wconf 89' lang='lat' dir='ltr'><strong>si</strong></span> <span class='ocrx_word' id='word_1_332' title='bbox 606 3292 661 3353; x_wconf 90' lang='lat' dir='ltr'><strong>hoc</strong></span> <span class='ocrx_word' id='word_1_333' title='bbox 684 3294 706 3369; x_wconf 67' lang='lat' dir='ltr'><strong>d</strong></span> <span class='ocrx_word' id='word_1_334' title='bbox 729 3310 896 3372; x_wconf 80' lang='lat' dir='ltr'><strong>apogaeum</strong></span> <span class='ocrx_word' id='word_1_335' title='bbox 922 3291 1000 3353; x_wconf 89' lang='lat' dir='ltr'><strong>intra</strong></span> <span class='ocrx_word' id='word_1_336' title='bbox 1023 3287 1089 3353; x_wconf 81' lang='grc'><strong>400</strong></span> <span class='ocrx_word' id='word_1_337' title='bbox 1104 3310 1198 3352; x_wconf 90' lang='lat' dir='ltr'><strong>annos</strong></span> <span class='ocrx_word' id='word_1_338' title='bbox 1217 3287 1412 3350; x_wconf 85' lang='lat' dir='ltr'><strong>intermedias</strong></span> <span class='ocrx_word' id='word_1_339' title='bbox 1428 3286 1483 3348; x_wconf 88' lang='lat' dir='ltr'><strong>sub</strong></span> 
     </span>
     <span class='ocr_line' id='line_1_34' title="bbox 121 3372 1484 3461; baseline -0.001 -22"><span class='ocrx_word' id='word_1_340' title='bbox 121 3379 254 3458; x_wconf 85' lang='lat' dir='ltr'><strong>sphaera</strong></span> <span class='ocrx_word' id='word_1_341' title='bbox 283 3376 409 3442; x_wconf 79' lang='lat' dir='ltr'><strong>fixarum</strong></span> <span class='ocrx_word' id='word_1_342' title='bbox 440 3378 596 3442; x_wconf 90' lang='lat' dir='ltr'><strong>stellarum</strong></span> <span class='ocrx_word' id='word_1_343' title='bbox 628 3379 783 3443; x_wconf 87' lang='lat' dir='ltr'><strong>immotum</strong></span> <span class='ocrx_word' id='word_1_344' title='bbox 807 3380 988 3461; x_wconf 63' lang='lat' dir='ltr'><strong>quievissem</strong></span> <span class='ocrx_word' id='word_1_345' title='bbox 1022 3399 1088 3443; x_wconf 88' lang='lat' dir='ltr'><strong>cum</strong></span> <span class='ocrx_word' id='word_1_346' title='bbox 1120 3388 1222 3445; x_wconf 88' lang='lat' dir='ltr'><strong>tamen</strong></span> <span class='ocrx_word' id='word_1_347' title='bbox 1256 3380 1337 3458; x_wconf 87' lang='lat' dir='ltr'><strong>(cap.</strong></span> <span class='ocrx_word' id='word_1_348' title='bbox 1368 3372 1421 3439; x_wconf 87' lang='grc'><strong>30.</strong></span> <span class='ocrx_word' id='word_1_349' title='bbox 1454 3376 1484 3437; x_wconf 90' lang='lat' dir='ltr'><strong>in</strong></span> 
     </span>
     <span class='ocr_line' id='line_1_35' title="bbox 120 3463 1483 3549; baseline -0.001 -20"><span class='ocrx_word' id='word_1_350' title='bbox 120 3468 193 3541; x_wconf 87' lang='lat' dir='ltr'><strong>line)</strong></span> <span class='ocrx_word' id='word_1_351' title='bbox 219 3463 261 3531; x_wconf 82' lang='grc'><strong>63</strong></span> <span class='ocrx_word' id='word_1_352' title='bbox 285 3469 372 3531; x_wconf 87' lang='lat' dir='ltr'><strong>annis</strong></span> <span class='ocrx_word' id='word_1_353' title='bbox 395 3487 562 3548; x_wconf 86' lang='lat' dir='ltr'><strong>perunum</strong></span> <span class='ocrx_word' id='word_1_354' title='bbox 585 3470 712 3548; x_wconf 79' lang='lat' dir='ltr'><strong>gradmn</strong></span> <span class='ocrx_word' id='word_1_355' title='bbox 734 3480 849 3533; x_wconf 89' lang='lat' dir='ltr'><strong>motum</strong></span> <span class='ocrx_word' id='word_1_356' title='bbox 873 3470 965 3533; x_wconf 84' lang='lat' dir='ltr'><strong>luisse</strong></span> <span class='ocrx_word' id='word_1_357' title='bbox 990 3471 1047 3549; x_wconf 91' lang='lat' dir='ltr'><strong>ipsi</strong></span> <span class='ocrx_word' id='word_1_358' title='bbox 1070 3470 1224 3542; x_wconf 65' lang='lat' dir='ltr'><strong>rideatun</strong></span> <span class='ocrx_word' id='word_1_359' title='bbox 1252 3467 1340 3531; x_wconf 90' lang='lat' dir='ltr'><strong>addit</strong></span> <span class='ocrx_word' id='word_1_360' title='bbox 1361 3475 1483 3529; x_wconf 86' lang='lat' dir='ltr'><strong>autem:</strong></span> 
     </span>
     <span class='ocr_line' id='line_1_36' title="bbox 121 3554 1485 3637; baseline -0.001 -19"><span class='ocrx_word' id='word_1_361' title='bbox 121 3557 259 3618; x_wconf 83' lang='lat' dir='ltr'><strong>simodo</strong></span> <span class='ocrx_word' id='word_1_362' title='bbox 283 3558 419 3637; x_wconf 84' lang='lat' dir='ltr'><strong>aequalia</strong></span> <span class='ocrx_word' id='word_1_363' title='bbox 443 3557 544 3620; x_wconf 83' lang='lat' dir='ltr'><strong>luerit.</strong></span> <span class='ocrx_word' id='word_1_364' title='bbox 590 3558 812 3621; x_wconf 82' lang='lat' dir='ltr'><strong>Rbeinholdum</strong></span> <span class='ocrx_word' id='word_1_365' title='bbox 837 3561 865 3621; x_wconf 91' lang='lat' dir='ltr'><strong>io</strong></span> <span class='ocrx_word' id='word_1_366' title='bbox 885 3560 991 3622; x_wconf 87' lang='lat' dir='ltr'><strong>iisdem</strong></span> <span class='ocrx_word' id='word_1_367' title='bbox 1005 3559 1236 3621; x_wconf 76' lang='lat' dir='ltr'><strong>dh‘houltatibus</strong></span> <span class='ocrx_word' id='word_1_368' title='bbox 1255 3555 1394 3619; x_wconf 84' lang='lat' dir='ltr'><strong>haesisse</strong></span> <span class='ocrx_word' id='word_1_369' title='bbox 1418 3554 1485 3617; x_wconf 88' lang='lat' dir='ltr'><strong>cal-</strong></span> 
     </span>
     <span class='ocr_line' id='line_1_37' title="bbox 121 3645 1486 3729; baseline -0.001 -21"><span class='ocrx_word' id='word_1_370' title='bbox 121 3646 206 3708; x_wconf 86' lang='lat' dir='ltr'><strong>culus</strong></span> <span class='ocrx_word' id='word_1_371' title='bbox 240 3645 469 3708; x_wconf 82' lang='lat' dir='ltr'><strong>Protenicarum</strong></span> <span class='ocrx_word' id='word_1_372' title='bbox 501 3646 670 3729; x_wconf 81' lang='lat' dir='ltr'><strong>tabolarnm</strong></span> <span class='ocrx_word' id='word_1_373' title='bbox 699 3649 815 3727; x_wconf 87' lang='lat' dir='ltr'><strong>prodit,</strong></span> <span class='ocrx_word' id='word_1_374' title='bbox 854 3668 911 3728; x_wconf 91' lang='lat' dir='ltr'><strong>quo</strong></span> <span class='ocrx_word' id='word_1_375' title='bbox 944 3649 1094 3729; x_wconf 79' lang='lat' dir='ltr'><strong>arguitur,</strong></span> <span class='ocrx_word' id='word_1_376' title='bbox 1132 3646 1354 3710; x_wconf 85' lang='lat' dir='ltr'><strong>Rheinholdom</strong></span> <span class='ocrx_word' id='word_1_377' title='bbox 1388 3645 1486 3707; x_wconf 86' lang='lat' dir='ltr'><strong>locum</strong></span> 
     </span>
     <span class='ocr_line' id='line_1_38' title="bbox 121 3735 1486 3816; baseline 0 -22"><span class='ocrx_word' id='word_1_378' title='bbox 121 3735 251 3815; x_wconf 79' lang='lat' dir='ltr'><strong>apogaei</strong></span> <span class='ocrx_word' id='word_1_379' title='bbox 274 3735 361 3816; x_wconf 83' lang='lat' dir='ltr'><strong>hujus</strong></span> <span class='ocrx_word' id='word_1_380' title='bbox 385 3737 423 3798; x_wconf 89' lang='lat' dir='ltr'><strong>ad</strong></span> <span class='ocrx_word' id='word_1_381' title='bbox 454 3744 573 3815; x_wconf 84' lang='lat' dir='ltr'><strong>ternpus</strong></span> <span class='ocrx_word' id='word_1_382' title='bbox 603 3736 676 3799; x_wconf 87' lang='lat' dir='ltr'><strong>illud</strong></span> <span class='ocrx_word' id='word_1_383' title='bbox 700 3737 892 3816; x_wconf 85' lang='lat' dir='ltr'><strong>Philadelphi</strong></span> <span class='ocrx_word' id='word_1_384' title='bbox 922 3738 1103 3799; x_wconf 86' lang='lat' dir='ltr'><strong>assumsisse</strong></span> <span class='ocrx_word' id='word_1_385' title='bbox 1127 3737 1254 3797; x_wconf 86' lang='lat' dir='ltr'><strong>enodem</strong></span> <span class='ocrx_word' id='word_1_386' title='bbox 1277 3735 1396 3815; x_wconf 87' lang='lat' dir='ltr'><strong>quidem</strong></span> <span class='ocrx_word' id='word_1_387' title='bbox 1420 3751 1486 3794; x_wconf 77' lang='lat' dir='ltr'><strong>carn</strong></span> 
     </span>
     <span class='ocr_line' id='line_1_39' title="bbox 122 3819 1486 3906; baseline -0.003 -20"><span class='ocrx_word' id='word_1_388' title='bbox 122 3821 304 3902; x_wconf 81' lang='lat' dir='ltr'><strong>Copernico,</strong></span> <span class='ocrx_word' id='word_1_389' title='bbox 330 3824 390 3887; x_wconf 85' lang='lat' dir='ltr'><strong>vid.</strong></span> <span class='ocrx_word' id='word_1_390' title='bbox 420 3819 501 3889; x_wconf 75' lang='grc' dir='ltr'><strong>103ο</strong></span> <span class='ocrx_word' id='word_1_391' title='bbox 522 3822 577 3888; x_wconf 79' lang='grc'><strong>20</strong></span> <span class='ocrx_word' id='word_1_392' title='bbox 601 3844 620 3886; x_wconf 87' lang='lat' dir='ltr'><strong>a</strong></span> <span class='ocrx_word' id='word_1_393' title='bbox 643 3828 740 3906; x_wconf 89' lang='lat' dir='ltr'><strong>prima</strong></span> <span class='ocrx_word' id='word_1_394' title='bbox 763 3826 855 3887; x_wconf 85' lang='lat' dir='ltr'><strong>stella</strong></span> <span class='ocrx_word' id='word_1_395' title='bbox 878 3825 928 3900; x_wconf 70' lang='grc' dir='ltr'><strong>Υς</strong></span> <span class='ocrx_word' id='word_1_396' title='bbox 959 3833 992 3887; x_wconf 90' lang='lat' dir='ltr'><strong>at</strong></span> <span class='ocrx_word' id='word_1_397' title='bbox 1016 3827 1054 3886; x_wconf 92' lang='lat' dir='ltr'><strong>ad</strong></span> <span class='ocrx_word' id='word_1_398' title='bbox 1078 3825 1246 3886; x_wconf 86' lang='lat' dir='ltr'><strong>Ptolemaei</strong></span> <span class='ocrx_word' id='word_1_399' title='bbox 1270 3834 1388 3902; x_wconf 86' lang='lat' dir='ltr'><strong>tempus</strong></span> <span class='ocrx_word' id='word_1_400' title='bbox 1411 3822 1486 3883; x_wconf 88' lang='lat' dir='ltr'><strong>illud</strong></span> 
     </span>
     <span class='ocr_line' id='line_1_40' title="bbox 120 3910 1485 3994; baseline -0.003 -20"><span class='ocrx_word' id='word_1_401' title='bbox 120 3913 149 3974; x_wconf 87' lang='lat' dir='ltr'><strong>in</strong></span> <span class='ocrx_word' id='word_1_402' title='bbox 175 3914 272 3975; x_wconf 88' lang='lat' dir='ltr'><strong>locum</strong></span> <span class='ocrx_word' id='word_1_403' title='bbox 296 3913 384 3994; x_wconf 82' lang='lat' dir='ltr'><strong>longe</strong></span> <span class='ocrx_word' id='word_1_404' title='bbox 409 3914 537 3975; x_wconf 91' lang='lat' dir='ltr'><strong>alienum</strong></span> <span class='ocrx_word' id='word_1_405' title='bbox 563 3937 581 3976; x_wconf 91' lang='lat' dir='ltr'><strong>a</strong></span> <span class='ocrx_word' id='word_1_406' title='bbox 604 3914 777 3978; x_wconf 84' lang='lat' dir='ltr'><strong>manifestis</strong></span> <span class='ocrx_word' id='word_1_407' title='bbox 792 3914 961 3976; x_wconf 84' lang='lat' dir='ltr'><strong>Ptolemaei</strong></span> <span class='ocrx_word' id='word_1_408' title='bbox 985 3913 1247 3975; x_wconf 84' lang='lat' dir='ltr'><strong>observationibus</strong></span> <span class='ocrx_word' id='word_1_409' title='bbox 1271 3920 1301 3973; x_wconf 85' lang='lat' dir='ltr'><strong>et</strong></span> <span class='ocrx_word' id='word_1_410' title='bbox 1326 3910 1485 3989; x_wconf 88' lang='lat' dir='ltr'><strong>Copernici</strong></span> 
     </span>
     <span class='ocr_line' id='line_1_41' title="bbox 118 3996 1487 4083; baseline -0.003 -20"><span class='ocrx_word' id='word_1_411' title='bbox 118 4002 352 4064; x_wconf 87' lang='lat' dir='ltr'><strong>resumtiouibus</strong></span> <span class='ocrx_word' id='word_1_412' title='bbox 386 4003 478 4066; x_wconf 79' lang='lat' dir='ltr'><strong>cadit</strong></span> <span class='ocrx_word' id='word_1_413' title='bbox 537 4003 581 4066; x_wconf 91' lang='lat' dir='ltr'><strong>Ibi</strong></span> <span class='ocrx_word' id='word_1_414' title='bbox 612 4005 690 4067; x_wconf 88' lang='lat' dir='ltr'><strong>enirn</strong></span> <span class='ocrx_word' id='word_1_415' title='bbox 724 4005 806 4066; x_wconf 88' lang='lat' dir='ltr'><strong>locus</strong></span> <span class='ocrx_word' id='word_1_416' title='bbox 837 4004 904 4083; x_wconf 90' lang='lat' dir='ltr'><strong>ejus</strong></span> <span class='ocrx_word' id='word_1_417' title='bbox 932 4012 1124 4083; x_wconf 89' lang='lat' dir='ltr'><strong>computatur</strong></span> <span class='ocrx_word' id='word_1_418' title='bbox 1151 4020 1210 4062; x_wconf 92' lang='lat' dir='ltr'><strong>non</strong></span> <span class='ocrx_word' id='word_1_419' title='bbox 1243 3996 1327 4064; x_wconf 71' lang='grc' dir='ltr'><strong>183θ</strong></span> <span class='ocrx_word' id='word_1_420' title='bbox 1348 3997 1403 4062; x_wconf 79' lang='lat'><strong>20¹</strong></span> <span class='ocrx_word' id='word_1_421' title='bbox 1431 4017 1487 4060; x_wconf 88' lang='lat' dir='ltr'><strong>nec</strong></span> 
     </span>
     <span class='ocr_line' id='line_1_42' title="bbox 125 4086 1487 4170; baseline -0.003 -18"><span class='ocrx_word' id='word_1_422' title='bbox 125 4087 183 4155; x_wconf 82' lang='lat'><strong>10⁰</strong></span> <span class='ocrx_word' id='word_1_423' title='bbox 205 4101 267 4165; x_wconf 56' lang='grc' dir='ltr'><strong>ἐξ,</strong></span> <span class='ocrx_word' id='word_1_424' title='bbox 292 4092 346 4153; x_wconf 89' lang='lat' dir='ltr'><strong>sed</strong></span> <span class='ocrx_word' id='word_1_425' title='bbox 376 4087 456 4155; x_wconf 76' lang='grc' dir='ltr'><strong>100ο</strong></span> <span class='ocrx_word' id='word_1_426' title='bbox 478 4089 531 4156; x_wconf 87' lang='grc'><strong>50</strong></span> <span class='ocrx_word' id='word_1_427' title='bbox 555 4094 610 4156; x_wconf 92' lang='lat' dir='ltr'><strong>sub</strong></span> <span class='ocrx_word' id='word_1_428' title='bbox 635 4094 706 4156; x_wconf 88' lang='lat' dir='ltr'><strong>orbe</strong></span> <span class='ocrx_word' id='word_1_429' title='bbox 736 4094 876 4167; x_wconf 87' lang='lat' dir='ltr'><strong>stellato,</strong></span> <span class='ocrx_word' id='word_1_430' title='bbox 902 4100 933 4153; x_wconf 89' lang='lat' dir='ltr'><strong>et</strong></span> <span class='ocrx_word' id='word_1_431' title='bbox 959 4088 1019 4155; x_wconf 82' lang='lat'><strong>15⁰</strong></span> <span class='ocrx_word' id='word_1_432' title='bbox 1041 4089 1096 4157; x_wconf 87' lang='grc'><strong>30</strong></span> <span class='ocrx_word' id='word_1_433' title='bbox 1121 4101 1183 4165; x_wconf 56' lang='lat'><strong>2,</strong></span> <span class='ocrx_word' id='word_1_434' title='bbox 1215 4091 1340 4170; x_wconf 86' lang='lat' dir='ltr'><strong>ideoque</strong></span> <span class='ocrx_word' id='word_1_435' title='bbox 1372 4086 1487 4149; x_wconf 86' lang='lat' dir='ltr'><strong>numeri</strong></span> 
     </span>
     <span class='ocr_line' id='line_1_43' title="bbox 119 4178 1487 4261; baseline -0.004 -19"><span class='ocrx_word' id='word_1_436' title='bbox 119 4181 164 4243; x_wconf 92' lang='lat' dir='ltr'><strong>illi</strong></span> <span class='ocrx_word' id='word_1_437' title='bbox 187 4181 246 4242; x_wconf 89' lang='lat' dir='ltr'><strong>mei</strong></span> <span class='ocrx_word' id='word_1_438' title='bbox 270 4181 311 4243; x_wconf 86' lang='lat' dir='ltr'><strong>sd</strong></span> <span class='ocrx_word' id='word_1_439' title='bbox 332 4180 501 4244; x_wconf 85' lang='lat' dir='ltr'><strong>Ptolemaei</strong></span> <span class='ocrx_word' id='word_1_440' title='bbox 525 4182 644 4261; x_wconf 87' lang='lat' dir='ltr'><strong>quidem</strong></span> <span class='ocrx_word' id='word_1_441' title='bbox 667 4184 801 4246; x_wconf 89' lang='lat' dir='ltr'><strong>seculum</strong></span> <span class='ocrx_word' id='word_1_442' title='bbox 825 4182 1043 4244; x_wconf 87' lang='lat' dir='ltr'><strong>accommodati</strong></span> <span class='ocrx_word' id='word_1_443' title='bbox 1068 4178 1194 4255; x_wconf 85' lang='lat' dir='ltr'><strong>sunt,*)</strong></span> <span class='ocrx_word' id='word_1_444' title='bbox 1224 4199 1285 4243; x_wconf 91' lang='lat' dir='ltr'><strong>non</strong></span> <span class='ocrx_word' id='word_1_445' title='bbox 1311 4187 1429 4251; x_wconf 89' lang='lat' dir='ltr'><strong>autem,</strong></span> <span class='ocrx_word' id='word_1_446' title='bbox 1453 4185 1487 4238; x_wconf 90' lang='lat' dir='ltr'><strong>ut</strong></span> 
     </span>
     <span class='ocr_line' id='line_1_44' title="bbox 118 4265 1485 4350; baseline -0.004 -19"><span class='ocrx_word' id='word_1_447' title='bbox 118 4270 213 4333; x_wconf 89' lang='lat' dir='ltr'><strong>ceteri</strong></span> <span class='ocrx_word' id='word_1_448' title='bbox 235 4271 409 4350; x_wconf 88' lang='lat' dir='ltr'><strong>peremnia</strong></span> <span class='ocrx_word' id='word_1_449' title='bbox 431 4270 547 4333; x_wconf 88' lang='lat' dir='ltr'><strong>calculo</strong></span> <span class='ocrx_word' id='word_1_450' title='bbox 571 4271 742 4335; x_wconf 85' lang='lat' dir='ltr'><strong>tabularum</strong></span> <span class='ocrx_word' id='word_1_451' title='bbox 765 4271 1003 4345; x_wconf 86' lang='lat' dir='ltr'><strong>Proteoicarum,</strong></span> <span class='ocrx_word' id='word_1_452' title='bbox 1028 4272 1083 4332; x_wconf 90' lang='lat' dir='ltr'><strong>sed</strong></span> <span class='ocrx_word' id='word_1_453' title='bbox 1101 4268 1268 4332; x_wconf 85' lang='lat' dir='ltr'><strong>Ptolemaei</strong></span> <span class='ocrx_word' id='word_1_454' title='bbox 1293 4265 1485 4330; x_wconf 88' lang='lat' dir='ltr'><strong>observatio-</strong></span> 
     </span>
     <span class='ocr_line' id='line_1_45' title="bbox 117 4359 1531 4445; baseline -0.005 -23"><span class='ocrx_word' id='word_1_455' title='bbox 117 4359 205 4423; x_wconf 85' lang='lat' dir='ltr'><strong>nibus</strong></span> <span class='ocrx_word' id='word_1_456' title='bbox 234 4360 428 4433; x_wconf 85' lang='lat' dir='ltr'><strong>oonveniunt,</strong></span> <span class='ocrx_word' id='word_1_457' title='bbox 463 4380 516 4422; x_wconf 86' lang='lat' dir='ltr'><strong>eas</strong></span> <span class='ocrx_word' id='word_1_458' title='bbox 547 4359 627 4422; x_wconf 88' lang='lat' dir='ltr'><strong>enim</strong></span> <span class='ocrx_word' id='word_1_459' title='bbox 651 4359 835 4441; x_wconf 86' lang='lat' dir='ltr'><strong>Coperuicus</strong></span> <span class='ocrx_word' id='word_1_460' title='bbox 864 4379 980 4441; x_wconf 89' lang='lat' dir='ltr'><strong>quoque</strong></span> <span class='ocrx_word' id='word_1_461' title='bbox 1008 4370 1040 4421; x_wconf 88' lang='lat' dir='ltr'><strong>et</strong></span> <span class='ocrx_word' id='word_1_462' title='bbox 1068 4359 1191 4441; x_wconf 86' lang='lat' dir='ltr'><strong>retiquit</strong></span> <span class='ocrx_word' id='word_1_463' title='bbox 1220 4365 1252 4420; x_wconf 91' lang='lat' dir='ltr'><strong>et</strong></span> <span class='ocrx_word' id='word_1_464' title='bbox 1279 4364 1401 4419; x_wconf 86' lang='lat' dir='ltr'><strong>secutos</strong></span> <span class='ocrx_word' id='word_1_465' title='bbox 1425 4364 1485 4428; x_wconf 79' lang='lat' dir='ltr'><strong>est,</strong></span> <span class='ocrx_word' id='word_1_466' title='bbox 1527 4430 1531 4445; x_wconf 29' lang='grc' dir='ltr'>ι</span> 
     </span>
     <span class='ocr_line' id='line_1_46' title="bbox 119 4443 1485 4530; baseline -0.002 -20"><span class='ocrx_word' id='word_1_467' title='bbox 119 4456 210 4530; x_wconf 89' lang='lat' dir='ltr'><strong>atque</strong></span> <span class='ocrx_word' id='word_1_468' title='bbox 241 4449 364 4511; x_wconf 83' lang='lat' dir='ltr'><strong>eosdem</strong></span> <span class='ocrx_word' id='word_1_469' title='bbox 397 4449 466 4512; x_wconf 83' lang='lat' dir='ltr'><strong>iude</strong></span> <span class='ocrx_word' id='word_1_470' title='bbox 493 4468 632 4511; x_wconf 87' lang='lat' dir='ltr'><strong>numeros</strong></span> <span class='ocrx_word' id='word_1_471' title='bbox 664 4451 815 4528; x_wconf 84' lang='lat' dir='ltr'><strong>produxit.</strong></span> <span class='ocrx_word' id='word_1_472' title='bbox 862 4450 914 4512; x_wconf 86' lang='lat' dir='ltr'><strong>Ad</strong></span> <span class='ocrx_word' id='word_1_473' title='bbox 942 4456 1078 4510; x_wconf 85' lang='lat' dir='ltr'><strong>nostram</strong></span> <span class='ocrx_word' id='word_1_474' title='bbox 1106 4456 1209 4510; x_wconf 85' lang='lat' dir='ltr'><strong>antem</strong></span> <span class='ocrx_word' id='word_1_475' title='bbox 1235 4447 1300 4507; x_wconf 82' lang='lat' dir='ltr'><strong>sive</strong></span> <span class='ocrx_word' id='word_1_476' title='bbox 1325 4443 1485 4524; x_wconf 84' lang='lat' dir='ltr'><strong>Copemici</strong></span> 
     </span>
     <span class='ocr_line' id='line_1_47' title="bbox 118 4534 1484 4618; baseline -0.007 -14"><span class='ocrx_word' id='word_1_477' title='bbox 118 4546 253 4604; x_wconf 73' lang='lat' dir='ltr'><strong>aetatem</strong></span> <span class='ocrx_word' id='word_1_478' title='bbox 290 4557 430 4601; x_wconf 85' lang='lat' dir='ltr'><strong>numeros</strong></span> <span class='ocrx_word' id='word_1_479' title='bbox 463 4539 553 4601; x_wconf 86' lang='lat' dir='ltr'><strong>hosce</strong></span> <span class='ocrx_word' id='word_1_480' title='bbox 588 4546 764 4616; x_wconf 86' lang='lat' dir='ltr'><strong>computare</strong></span> <span class='ocrx_word' id='word_1_481' title='bbox 802 4557 860 4600; x_wconf 91' lang='lat' dir='ltr'><strong>non</strong></span> <span class='ocrx_word' id='word_1_482' title='bbox 896 4537 990 4611; x_wconf 88' lang='lat' dir='ltr'><strong>volui,</strong></span> <span class='ocrx_word' id='word_1_483' title='bbox 1026 4545 1189 4617; x_wconf 88' lang='lat' dir='ltr'><strong>propterea</strong></span> <span class='ocrx_word' id='word_1_484' title='bbox 1221 4536 1299 4618; x_wconf 92' lang='lat' dir='ltr'><strong>quod</strong></span> <span class='ocrx_word' id='word_1_485' title='bbox 1330 4535 1348 4594; x_wconf 93' lang='lat' dir='ltr'><strong>ii</strong></span> <span class='ocrx_word' id='word_1_486' title='bbox 1395 4534 1484 4612; x_wconf 86' lang='lat' dir='ltr'><strong>louge</strong></span> 
     </span>
     <span class='ocr_line' id='line_1_48' title="bbox 118 4621 1484 4707; baseline -0.005 -19"><span class='ocrx_word' id='word_1_487' title='bbox 118 4627 172 4688; x_wconf 92' lang='lat' dir='ltr'><strong>alii</strong></span> <span class='ocrx_word' id='word_1_488' title='bbox 193 4626 315 4696; x_wconf 83' lang='lat' dir='ltr'><strong>fierent,</strong></span> <span class='ocrx_word' id='word_1_489' title='bbox 346 4635 471 4707; x_wconf 87' lang='lat' dir='ltr'><strong>propter</strong></span> <span class='ocrx_word' id='word_1_490' title='bbox 494 4627 750 4689; x_wconf 85' lang='lat' dir='ltr'><strong>eccentricitatem</strong></span> <span class='ocrx_word' id='word_1_491' title='bbox 775 4627 857 4689; x_wconf 87' lang='lat' dir='ltr'><strong>orbis</strong></span> <span class='ocrx_word' id='word_1_492' title='bbox 880 4627 982 4707; x_wconf 77' lang='lat' dir='ltr'><strong>magni</strong></span> <span class='ocrx_word' id='word_1_493' title='bbox 1012 4627 1207 4701; x_wconf 68' lang='lat' dir='ltr'><strong>diminutam</strong></span> <span class='ocrx_word' id='word_1_494' title='bbox 1239 4633 1271 4687; x_wconf 88' lang='lat' dir='ltr'><strong>et</strong></span> <span class='ocrx_word' id='word_1_495' title='bbox 1301 4623 1380 4704; x_wconf 88' lang='lat' dir='ltr'><strong>quod</strong></span> <span class='ocrx_word' id='word_1_496' title='bbox 1404 4621 1484 4701; x_wconf 84' lang='lat' dir='ltr'><strong>apud</strong></span> 
     </span>
     <span class='ocr_line' id='line_1_49' title="bbox 119 4711 1486 4795; baseline -0.006 -16"><span class='ocrx_word' id='word_1_497' title='bbox 119 4713 319 4795; x_wconf 82' lang='lat' dir='ltr'><strong>Copernicum</strong></span> <span class='ocrx_word' id='word_1_498' title='bbox 352 4716 441 4778; x_wconf 91' lang='lat' dir='ltr'><strong>nullis</strong></span> <span class='ocrx_word' id='word_1_499' title='bbox 474 4716 690 4779; x_wconf 87' lang='lat' dir='ltr'><strong>recentioribus</strong></span> <span class='ocrx_word' id='word_1_500' title='bbox 724 4717 985 4779; x_wconf 81' lang='lat' dir='ltr'><strong>observationibus</strong></span> <span class='ocrx_word' id='word_1_501' title='bbox 1023 4714 1200 4794; x_wconf 83' lang='lat' dir='ltr'><strong>investigati</strong></span> <span class='ocrx_word' id='word_1_502' title='bbox 1233 4722 1265 4777; x_wconf 88' lang='lat' dir='ltr'><strong>et</strong></span> <span class='ocrx_word' id='word_1_503' title='bbox 1298 4711 1486 4790; x_wconf 85' lang='lat' dir='ltr'><strong>comprobati</strong></span> 
     </span>
    </p>
   </div>
   <div class='ocr_carea' id='block_1_6' title="bbox 126 4848 158 4856">
    <p class='ocr_par' dir='ltr' id='par_1_8' title="bbox 126 4848 158 4856">
     <span class='ocr_line' id='line_1_50' title="bbox 126 4848 158 4856; baseline 0 0"><span class='ocrx_word' id='word_1_504' title='bbox 126 4848 158 4856; x_wconf 74' lang='grc' dir='ltr'><strong>ι-</strong></span> 
     </span>
    </p>
   </div>
   <div class='ocr_carea' id='block_1_7' title="bbox 80 4906 1341 4977">
    <p class='ocr_par' dir='ltr' id='par_1_9' title="bbox 80 4906 1341 4977">
     <span class='ocr_line' id='line_1_51' title="bbox 80 4906 1341 4977; baseline -0.006 -14"><span class='ocrx_word' id='word_1_505' title='bbox 80 4948 87 4963; x_wconf 91' lang='grc'><em>,</em></span> <span class='ocrx_word' id='word_1_506' title='bbox 197 4907 276 4975; x_wconf 76' lang='lat' dir='ltr'><strong>‘rm</strong></span> <span class='ocrx_word' id='word_1_507' title='bbox 294 4912 391 4965; x_wconf 70' lang='lat' dir='ltr'><strong>sumes</strong></span> <span class='ocrx_word' id='word_1_508' title='bbox 408 4911 615 4965; x_wconf 69' lang='lat' dir='ltr'><strong>memsam</strong></span> <span class='ocrx_word' id='word_1_509' title='bbox 633 4911 663 4960; x_wconf 89' lang='lat' dir='ltr'><strong>v.</strong></span> <span class='ocrx_word' id='word_1_510' title='bbox 683 4907 731 4973; x_wconf 79' lang='lat' dir='ltr'><strong>(aa</strong></span> <span class='ocrx_word' id='word_1_511' title='bbox 750 4906 840 4971; x_wconf 73' lang='lat' dir='ltr'><strong>aar)</strong></span> <span class='ocrx_word' id='word_1_512' title='bbox 859 4924 923 4977; x_wconf 70' lang='lat' dir='ltr'><strong>quas</strong></span> <span class='ocrx_word' id='word_1_513' title='bbox 942 4909 1061 4976; x_wconf 57' lang='lat' dir='ltr'><strong>secas.</strong></span> <span class='ocrx_word' id='word_1_514' title='bbox 1080 4909 1135 4960; x_wconf 83' lang='lat' dir='ltr'><strong>xv.</strong></span> <span class='ocrx_word' id='word_1_515' title='bbox 1155 4909 1189 4958; x_wconf 70' lang='lat' dir='ltr'><strong>aa</strong></span> <span class='ocrx_word' id='word_1_516' title='bbox 1207 4906 1236 4973; x_wconf 69' lang='lat' dir='ltr'><strong>p.</strong></span> <span class='ocrx_word' id='word_1_517' title='bbox 1306 4907 1341 4958; x_wconf 77' lang='lat' dir='ltr'><strong>a.</strong></span> 
     </span>
    </p>
   </div>
   <div class='ocr_carea' id='block_1_8' title="bbox 0 0 1898 5828">
    <p class='ocr_par' dir='ltr' id='par_1_10' title="bbox 0 0 1898 5828">
     <span class='ocr_line' id='line_1_52' title="bbox 0 0 1898 5828; baseline 0 0"><span class='ocrx_word' id='word_1_518' title='bbox 0 0 1898 5828; x_wconf 95' lang='lat' dir='ltr'><strong> </strong></span> 
     </span>
    </p>
   </div>
  </div>
 </body>
</html>
