3838 5824
401 394 463 461 146
825 428 831 438 .
908 386 1020 448 Mystsrii
1039 382 1238 449 Cosmographici

399 556 564 615 uincendum,
590 569 643 622 quo
667 551 753 605 stella
776 545 967 618 octangnlan's
988 546 1173 600 associaretur
1196 543 1338 605 diametro,
1363 543 1414 595 suh
1433 544 1528 595 eodem
1549 541 1628 611 quasi
1647 552 1760 612 genere,

398 636 570 691 reclamante
584 640 696 685 natura.
737 629 825 682 Recte
840 626 927 698 igitur
941 627 1052 689 factum,
1076 625 1147 695 quod
1162 639 1216 676 non
1231 622 1355 692 acquievi
1370 622 1434 676 huic
1448 620 1646 676 distributioni.

407 758 411 762 .
478 707 519 781 w)
541 713 601 767 Hoc
623 712 708 780 plane
723 725 782 762 sum
797 713 909 761 secutus
934 706 960 758 iu
984 705 1032 758 lib.
1049 706 1082 758 V.
1099 702 1256 757 Hannonis.
1279 703 1325 755 sed
1352 703 1380 754 in
1404 700 1532 754 institute
1551 700 1669 754 diverso.
1711 697 1763 752 llic

400 795 471 850 euim
495 793 662 863 quaerebam
687 793 777 842 ortum
799 786 1002 840 harmoniarum
1016 784 1201 854 singularum
1223 790 1255 835 at
1277 782 1324 835 lib.
1340 783 1373 835 V.
1389 781 1616 835 harmonicorum
1638 780 1762 832 delectus

400 875 472 929 inter
491 873 551 941 jam
574 877 651 926 ortas
675 875 720 922 est
743 867 895 926 institutus,
920 880 993 934 quae
1011 862 1157 918 harmonia
1175 861 1272 931 quihus
1293 860 1423 930 planetis,
1445 875 1501 931 qna
1523 859 1660 913 mediante
1672 859 1765 929 thmra

400 953 490 1008 solida
503 951 719 1004 consociaretur.
762 947 839 1000 Cubo
860 945 948 1015 igitur
966 942 1018 996 etsi
1039 944 1093 997 non
1107 951 1181 995 recte
1202 942 1248 994 hic
1261 941 1425 995 adscribitur
1446 940 1506 1010 ipse
1521 945 1597 993 ortus
1612 953 1761 993 consonan-

401 1034 458 1087 tiae
482 1031 624 1100 diapason,
645 1033 722 1082 recte
745 1032 838 1080 tamen
861 1025 934 1077 dicto
957 1024 1005 1075 lih.
1026 1024 1058 1076 V.
1080 1020 1306 1075 Harmonicorum
1330 1019 1485 1075 associatur
1508 1019 1595 1091 ipspm
1614 1019 1763 1088 diapasou;

401 1129 455 1166 non
478 1126 564 1164 causa
587 1116 675 1170 crtus,
699 1108 746 1160 sed
770 1120 857 1159 causa
880 1101 1095 1156 cohabitationis
1119 1101 1191 1154 inter
1213 1101 1345 1169 planetas
1364 1101 1489 1162 eosdem
1510 1104 1586 1152 reete
1610 1098 1766 1152 associatur

401 1192 540 1252 ootatdro,
563 1190 634 1259 quod
650 1186 712 1241 cubi
726 1184 848 1257 conjunx
862 1190 914 1246 est,
930 1182 1114 1252 disdiapason,
1138 1178 1181 1233 cui
1202 1180 1230 1232 in
1244 1180 1404 1235 harmonica
1418 1179 1539 1233 sectione
1559 1177 1695 1232 adhaeret
1708 1175 1764 1229 dia·

391 1278 539 1325 *tussam
582 1267 651 1321 Vide
674 1266 721 1320 lib.
744 1266 781 1331 V,
801 1279 862 1332 cap.
885 1263 912 1316 9.
934 1278 1011 1332 prop.
1035 1260 1052 1315 8
1073 1268 1104 1314 et
1127 1259 1171 1314 12.

481 1345 515 1413 x)
536 1347 591 1402 Hic
604 1346 703 1400 iterum
718 1344 833 1398 fortuito
847 1339 964 1413 (quippe
986 1343 1012 1394 in
1027 1340 1218 1411 speculatione
1232 1355 1286 1392 uon
1301 1336 1425 1408 propria)
1445 1339 1472 1393 iu
1487 1354 1581 1392 verum
1603 1334 1684 1389 incidi
1698 1350 1765 1405 qua·

402 1432 556 1485 damtenus.
598 1427 668 1480 Nam
683 1441 762 1495 prop.
782 1423 815 1477 15
831 1422 923 1476 1121.
948 1421 1013 1474 dicti
1028 1419 1128 1489 ospitis
1143 1420 1169 1473 9.
1192 1419 1363 1471 dodemedro
1382 1418 1489 1488 quidem
1507 1418 1638 1487 diapente
1653 1413 1764 1485 obtigit,

402 1509 546 1562 iocsaddro
560 1523 626 1559 vero
640 1512 758 1574 utraque
774 1509 926 1565 sextarum,
948 1500 1039 1555 tertiis
1053 1500 1142 1553 locum
1156 1498 1260 1553 nullum
1274 1514 1336 1550 esse
1350 1499 1486 1566 probatur
1499 1512 1577 1567 prop.
1593 1497 1621 1551 6.
1752 1486 1762 1501 ’

482 1584 516 1658 y)
536 1587 580 1639 De
601 1586 656 1639 hac
676 1583 796 1637 materia
816 1589 861 1636 est
881 1597 957 1635 meus
978 1580 1050 1634 liber
1069 1580 1116 1633 IV.
1137 1577 1371 1633 Harmonicorum.

481 1661 512 1735 a)
533 1666 634 1720 Parum
658 1663 762 1733 aliquid
783 1663 810 1715 in
832 1663 886 1715 hac
899 1659 1105 1730 comparatione
1119 1658 1324 1720 emendandum,
1348 1657 1409 1711 ride
1424 1657 1471 1710 lib.
1487 1656 1533 1731 lV.
1549 1656 1644 1709 Herm.
1659 1669 1720 1723 cap.
1738 1652 1765 1708 6.

482 1758 529 1825 aa)
551 1760 730 1830 Nequaquam
755 1775 821 1811 vero
842 1746 960 1811 debilem
984 1755 1160 1826 experientia
1189 1760 1320 1817 testatur,
1353 1754 1401 1808 sed
1431 1752 1571 1807 fortiorem
1598 1768 1683 1822 saepe
1705 1750 1765 1821 ipso

401 1842 491 1902 trinos
517 1855 630 1893 causam
654 1856 691 1891 ex
714 1838 781 1891 meis
805 1835 946 1907 principiis
970 1837 1003 1887 do
1025 1834 1075 1889 lib.
1100 1834 1147 1888 1v.
1172 1834 1265 1887 Harm.

482 1916 532 1983 bb)
555 1918 629 1971 Puta
649 1917 676 1969 in
691 1916 853 1970 Tetrabiblo
877 1916 910 1968 de
928 1914 1093 1985 astrologia
1107 1913 1217 1983 scripto.
1233 1905 1272 1980 ⁸⁸)
1313 1916 1353 1967 At
1366 1912 1394 1966 in
1408 1910 1589 1976 Harmonicis,
1614 1926 1685 1981 quae
1700 1916 1766 1963 tunc

403 2001 522 2054 undum
535 1997 665 2057 videram,
688 2011 801 2049 causam
817 1995 890 2048 hanc
905 1993 1005 2065 tangit,
1024 1995 1071 2047 sed
1091 1993 1173 2056 male,
1195 1999 1228 2045 ut
1241 2010 1277 2046 ex
1292 1992 1359 2047 meis
1373 1990 1446 2045 notis
1461 1994 1497 2047 ad
1511 1992 1700 2046 Ptolemaeum
1714 2004 1765 2059 pa·

404 2078 487 2133 tebit:
512 2075 619 2130 omniuo
644 2075 715 2128 enim
738 2082 769 2127 et
790 2084 874 2127 uuum
894 2081 924 2126 et
938 2073 1056 2143 quinque
1081 2073 1164 2144 signa
1186 2078 1316 2141 aspectus
1345 2072 1517 2127 constituunt
1538 2071 1674 2134 efficaces,
1696 2084 1766 2139 quos

404 2156 518 2227 appello
543 2155 724 2208 semisextum
747 2160 777 2206 et
797 2152 985 2223 quincuncem.

485 2232 527 2299 cc)
548 2235 609 2288 Hoc
623 2235 660 2288 ad
677 2233 786 2286 literam
800 2232 902 2285 falsum
917 2238 969 2285 est.
1012 2231 1082 2284 Nam
1100 2230 1173 2284 inter
1187 2231 1303 2286 chordas
1321 2233 1332 2286 1
1350 2230 1432 2286 et12
1450 2237 1494 2285 est
1507 2229 1695 2300 trisdiapasou
1709 2226 1767 2297 epi·

404 2316 544 2384 diapente,
570 2313 609 2366 sic
631 2313 704 2366 iuter
729 2313 844 2366 chordas
861 2311 878 2364 h
893 2317 924 2363 et
941 2309 975 2364 12
1001 2319 1044 2364 est
1067 2310 1152 2364 tertia
1175 2310 1262 2364 minor
1283 2326 1369 2381 supra
1389 2311 1532 2382 diapason.
1573 2308 1657 2364 Aliud
1682 2305 1768 2379 igitm

404 2395 545 2449 habebam
558 2393 585 2446 in
602 2393 692 2446 animo
707 2408 766 2445 cum
781 2392 852 2444 haec
862 2391 948 2444 rerba
962 2389 1118 2452 scriberem,
1134 2390 1249 2453 scilicet,
1264 2391 1368 2444 nnllam
1383 2407 1444 2444 esse
1459 2388 1608 2445 sectionem
1622 2387 1769 2458 tripliciter

404 2473 599 2536 harmonicam,
625 2488 697 2543 quae
717 2471 885 2541 respondeat
905 2469 980 2523 hisce
1003 2468 1181 2523 divisionibus
1200 2469 1303 2535 circuli,
1328 2470 1394 2541 quia
1414 2470 1468 2524 etsi
1485 2471 1509 2524 1.
1528 2469 1577 2533 12,
1594 2469 1659 2523 item
1675 2466 1702 2522 5.
1722 2466 1766 2521 12.

401 2560 560 2616 consonent,
585 2557 616 2607 at
633 2551 745 2605 residua
762 2552 794 2604 11
812 2550 874 2604 117
894 2550 1046 2604 abhorrent
1068 2548 1103 2601 ab
1124 2548 1248 2619 utrisque
1268 2549 1399 2605 terminis.
1441 2553 1480 2603 At
1500 2564 1554 2602 nou
1576 2565 1639 2602 esse
1653 2548 1769 2601 eandem

400 2635 537 2689 rationem
552 2637 715 2701 aspectuum
739 2646 810 2701 quae
833 2636 878 2684 est
892 2628 1140 2692 consonantiarum,
1164 2631 1248 2682 doceo
1271 2646 1321 2698 per
1341 2635 1429 2683 totum
1446 2628 1546 2682 librum
1560 2628 1608 2682 lV.
1623 2626 1768 2682 Harmoni-

403 2728 505 2777 corum,
526 2711 677 2781 praecipue
698 2726 758 2781 cap.
781 2712 810 2764 6.

482 2785 531 2860 dd)
552 2790 665 2844 Minime
691 2808 727 2844 ex
756 2790 813 2853 his,
853 2795 884 2842 at
911 2790 982 2861 hene
1010 2806 1046 2842 ex
1074 2788 1170 2859 hgun‘s
1198 2786 1303 2858 planis,
1337 2802 1450 2858 quarum
1478 2804 1532 2841 uon
1560 2783 1762 2859 ignobilissima

404 2874 509 2926 dodeca
531 2887 607 2924 onus.

487 2888 532 3016 aeg)
554 2952 614 3003 Hoc
637 2949 715 3003 initio
740 2949 815 3002 facto
838 2948 916 3019 coepi
938 2965 1044 3020 augere
1067 2963 1208 3002 numerum
1229 2954 1404 3015 aspectuum:
1429 2945 1482 3000 etsi
1500 2947 1573 3002 male
1592 2934 1695 3001 adscivi
1712 2957 1769 2997 ses·

405 3032 548 3103 quadrum,
571 3047 620 3084 seu
633 3031 738 3100 greum
755 3027 821 3092 135,
840 3030 913 3083 male
928 3030 1005 3083 omisi
1021 3027 1198 3082 semisextum
1218 3043 1267 3081 seu
1281 3043 1326 3099 gr.
1341 3024 1389 3081 30.
1429 3027 1499 3081 Vide
1514 3043 1599 3099 saepe
1614 3026 1770 3096 allegatum

405 3120 468 3183 c'ap.
491 3114 520 3166 6.
544 3110 661 3174 lib.,IV.
685 3110 817 3162 Harmon.

484 3204 516 3273 r)
541 3209 669 3261 Frustra:
693 3222 756 3259 nam
780 3204 921 3258 confirmat
942 3203 1118 3273 experientia
1140 3202 1283 3274 quintilem
1303 3210 1334 3257 et
1352 3202 1538 3274 hiquintilcm3
1562 3204 1595 3256 dc
1619 3202 1770 3272 sesquadro

404 3304 479 3349 rero,
504 3303 553 3339 cur
575 3286 624 3338 ille
638 3285 725 3337 miuus
749 3283 787 3337 sit
810 3284 919 3346 efficax,
945 3299 1026 3353 quam
1049 3282 1147 3352 reliqui
1171 3300 1273 3347 omues,
1298 3299 1401 3336 causae
1425 3284 1474 3338 lib.
1488 3284 1536 3339 IV.
1551 3284 1646 3337 Harua
1662 3297 1724 3351 cap.
1740 3276 1769 3334 5.

341 3420 346 3427 ,
405 3369 553 3421 traduntur
577 3366 661 3433 longe
685 3363 820 3416 diuersae.
872 3363 947 3415 Istae
971 3378 1036 3414 vero
1067 3361 1112 3414 hic
1134 3362 1289 3416 recensitae
1317 3362 1436 3433 quinque
1460 3379 1562 3418 causae
1595 3369 1661 3417 sunt
1690 3358 1770 3415 nobis

405 3447 504 3499 iterum
524 3444 698 3503 refutandae,
725 3460 760 3494 uc
781 3446 898 3495 teneant
920 3440 1064 3509 quintilem
1085 3448 1115 3494 et
1135 3439 1316 3511 biquintilem.

485 3524 555 3576 Nam
570 3523 642 3592 quod
657 3536 770 3574 causam
784 3520 901 3588 primam
916 3518 1026 3581 attinet,
1052 3519 1123 3573 sicut
1142 3537 1201 3576 cum
1217 3521 1289 3575 trino
1304 3519 1414 3575 sextilis
1434 3521 1532 3592 implet
1545 3519 1685 3583 circulum,
1710 3536 1771 3574 oum

406 3605 542 3674 quadrato
557 3602 709 3671 quadratus
724 3598 805 3662 alius,
831 3600 871 3653 sic
884 3598 969 3652 etiam
984 3614 1044 3652 curn
1058 3599 1167 3670 quintili
1190 3601 1330 3666 tridecilis,
1353 3617 1413 3655 cum
1431 3600 1570 3673 biquiutili
1585 3599 1688 3664 decilis,
1710 3617 1772 3654 cum

405 3674 557 3754 sesquadro
579 3681 731 3751 sequadrus
752 3676 869 3748 implent
883 3676 1089 3744 semicirculum,
1115 3698 1166 3735 nec
1185 3681 1312 3751 repudiat
1331 3681 1381 3735 hos
1396 3681 1509 3736 musica.
1551 3680 1612 3736 Nou
1627 3686 1671 3734 est
1684 3679 1773 3754 igitur

405 3762 532 3817 efficacia
554 3761 665 3814 abhuc
687 3757 889 3828 adaequatione
911 3757 1082 3814 semicirculi.

485 3842 612 3895 Secunda
636 3855 722 3892 causa
745 3840 781 3891 ad
802 3854 860 3892 rem
875 3845 933 3892 est:
956 3844 987 3890 at
1009 3838 1060 3891 illa
1081 3857 1134 3893 non
1155 3840 1266 3909 penitus
1287 3840 1417 3911 repudiat
1433 3841 1584 3911 quintilem,
1608 3843 1656 3894 sed
1671 3841 1772 3895 solum-

407 3925 485 3976 modo
500 3920 731 3989 imperfectiorem
753 3917 821 3971 facit
843 3919 914 3971 uiuo
929 3924 958 3970 et
972 3917 1077 3983 sextili,
1102 3926 1234 3989 quantum
1249 3921 1355 3990 quidem
1370 3920 1433 3991 ipsa
1447 3921 1545 3990 pollet,
1567 3932 1627 3975 cum
1641 3921 1704 3974 sola
1718 3939 1773 3976 non

405 4002 450 4055 sit.
493 3999 662 4054 lrrutionale
693 4005 787 4051 autem
810 3997 849 4051 sic
872 4013 999 4066 nuncupo
1021 4015 1081 4052 cum
1104 4000 1204 4070 vulgo,
1237 4001 1308 4071 quod
1331 4000 1359 4054 iu
1382 4000 1554 4055 Harmonicis
1584 4000 1650 4056 mihi
1673 4000 1775 4055 dicitur

406 4079 555 4133 ineffabile.

484 4159 581 4213 Tertia
601 4174 687 4211 causa
704 4157 832 4212 coincidit
846 4174 907 4209 cum
920 4156 1021 4226 prima;
1044 4157 1130 4210 omnis
1150 4158 1221 4211 enim
1243 4157 1270 4211 in
1285 4158 1456 4213 semicirculo
1471 4160 1592 4230 angulus
1611 4167 1703 4213 rectus
1718 4166 1771 4213 est.

405 4239 480 4293 Etsi
502 4237 586 4293 aliter
599 4238 762 4292 informetur
776 4239 846 4291 haec
860 4253 955 4299 causa,
980 4239 1050 4307 quod
1071 4236 1127 4291 hiui
1144 4253 1253 4306 semper
1272 4245 1402 4307 aspectus
1417 4238 1541 4293 efficiant
1560 4254 1692 4294 summam
1705 4241 1773 4293 duo·

404 4335 464 4372 rum
486 4326 631 4381 rectorum,
654 4335 724 4371 nunc
744 4317 932 4370 semicirculus
954 4317 1054 4371 iterum
1073 4325 1119 4370 est
1139 4333 1232 4371 eorum
1253 4333 1391 4371 mensura.

486 4398 595 4460 Quarta
608 4413 694 4451 causa
708 4396 795 4450 utilis
811 4405 863 4460 est,
887 4397 996 4450 sienim
1011 4397 1097 4452 tertia
1110 4397 1200 4450 mollis
1216 4397 1276 4452 ideo
1291 4404 1335 4450 est
1347 4399 1543 4468 quodammodo
1557 4398 1691 4468 perfecta
1707 4398 1773 4468 quia

404 4476 493 4531 utifru
507 4478 603 4530 eadem
618 4476 750 4531 divisione
766 4494 827 4549 cum
840 4476 980 4546 perfectis,
1000 4476 1060 4530 scil.
1076 4476 1255 4541 duodenaria,
1270 4492 1345 4539 „sane
1359 4484 1389 4531 et
1403 4474 1499 4532 divisio
1517 4477 1657 4532 vicenario
1671 4477 1773 4531 consti·

404 4556 494 4611 tuitus
508 4555 668 4625 adjumento
682 4556 888 4627 quaternariae,
913 4563 943 4609 ct
956 4556 1147 4626 sexagenaria
1161 4557 1310 4611 terumiae.
1352 4557 1381 4611 Si
1401 4557 1487 4611 tertia
1500 4560 1570 4612 dura
1585 4575 1640 4612 uon
1655 4560 1774 4628 quadrat

405 4638 440 4689 ad
462 4635 667 4700 duodenarium,
683 4636 782 4705 majori
796 4635 913 4690 termino
924 4635 951 4697 5,
977 4652 1044 4688 saue
1068 4652 1157 4705 neque
1181 4637 1267 4690 tertia
1288 4636 1380 4690 mollis
1400 4639 1521 4708 quadrat
1542 4638 1577 4692 ad
1595 4636 1772 4701 vicenarium,

404 4715 502 4784 mqjori
517 4715 633 4768 termino
648 4717 676 4770 6.
717 4717 837 4770 Rursum
855 4715 879 4769 si
898 4714 985 4769 tertia
1003 4714 1093 4769 mollis
1115 4715 1177 4769 ideo
1191 4716 1313 4770 hahetur
1331 4732 1382 4786 pro
1400 4716 1536 4787 perfecta,
1559 4716 1626 4789 qnia
1638 4724 1684 4772 est
1696 4717 1773 4772 dimi·

404 4794 478 4850 dium
491 4794 578 4865 ipsius
592 4794 732 4866 diapente,
756 4795 847 4867 magis
862 4794 949 4849 tertia
962 4795 1031 4848 dura
1045 4794 1196 4850 habebitur
1216 4813 1268 4866 pro
1283 4797 1418 4866 perfecta,
1441 4796 1506 4867 quia
1519 4803 1550 4852 et
1563 4796 1625 4867 ipsa
1639 4803 1684 4852 est
1696 4797 1774 4852 dimi·

404 4875 478 4931 dium
491 4875 578 4946 ipsius
593 4873 725 4947 diapente
739 4892 875 4945 superans
891 4880 1008 4938 tautum
1030 4881 1163 4945 quantum
1179 4875 1266 4931 tertia
1279 4875 1370 4931 mollis
1385 4876 1476 4932 delicit
1490 4893 1508 4935 1
1521 4877 1639 4933 dimidio.
1676 4878 1775 4950 ltaque
