3872 5836
416 353 482 421 303
835 350 937 403 Literna
954 349 1059 416 Keplsrl
1077 349 1236 415 stempas·
1243 338 1350 402 1111111

414 516 442 569 tn
459 515 539 581 prima
557 514 684 564 creatione
702 517 797 564 certum
815 515 955 577 respectum
974 509 1051 575 sigru'e
1072 508 1383 573 etplanetirattrlbniase,
1403 508 1695 565 mhawrelsdsloea
1710 521 1774 575 prus

416 586 471 636 aliis
491 584 632 635 afficienda.

488 654 553 715 Quid
579 655 656 704 sends
682 654 713 703 de
738 653 832 718 ignium
858 652 936 717 globis
963 649 1091 701 exedre?
1126 650 1180 715 Ego
1205 655 1264 713 puto
1284 665 1338 701 esse
1365 651 1511 714 imperfecta
1528 651 1652 715 quaedam
1671 665 1775 715 corpora

418 728 548 787 cometiae,
568 739 617 774 nou
637 726 699 774 eade
717 724 859 779 sublimatae
880 739 910 773 ex
928 723 1035 771 materia
1053 722 1150 771 dlroma
1169 726 1195 770 et
1212 722 1259 770 sibi
1279 723 1404 771 tenueris
1422 727 1544 772 11111111.

486 797 545 846 lam
564 796 681 845 describit
698 797 853 845 observatam
872 808 889 843 a
906 809 933 843 ee
951 793 1081 843 stellam
1104 793 1295 842 variabilem
1317 793 1343 842 ln
1361 798 1418 843 ceto
1437 796 1464 843 et
1480 793 1517 843 sic
1535 792 1673 842 concludit:
1696 790 1772 851 Vela

416 870 480 934 rige,
499 867 574 917 llere!
611 865 684 916 Brevi
702 867 773 929 plura
791 865 939 915 1111111111
957 871 1000 913 tuo
1019 870 1045 913 et
1064 864 1248 914 1111111111δί1.
1286 862 1372 914 Scribe
1397 864 1582 928 1111111111,
1609 876 1675 929 qnae
1699 863 1776 913 iuuit

415 939 543 988 reriseirrm
559 939 700 1002 praecessio
719 937 930 1000 aequinoctiorum
955 943 1065 998 tempore
1083 934 1235 995 Ptolemaei,
1261 934 1360 999 qualem
1384 941 1412 984 tu
1438 941 1543 1000 tuusque
1561 933 1718 999 Hipparchus
1744 948 1777 984 ex

417 1009 530 1074 diligenti
548 1014 658 1058 soterum
678 1008 848 1057 observatione
865 1007 988 1055 lurenltis.
1028 1004 1105 1065 Vale,
1125 1007 1158 1055 mi
1177 1007 1347 1056 amantissime
1367 1005 1490 1070 Keplere‚
1517 1012 1543 1056 et
1561 1007 1703 1056 diuturnum
1720 1007 1774 1055 rire

417 1094 448 1131 at
466 1081 535 1135 vale.
559 1086 589 1129 nt
605 1085 725 1144 tanquam
744 1078 816 1127 Atlas
835 1077 930 1127 coelum
956 1091 987 1127 ae
1005 1077 1136 1140 sphaeram
1159 1081 1204 1126 tua
1221 1077 1326 1127 scientis
1350 1077 1449 1134 inlclre,
1475 1078 1525 1126 imo
1543 1090 1662 1128 renovare
1688 1076 1774 1141 possis

419 1151 490 1202 Dens
509 1149 597 1201 111.
616 1150 661 1199 titi
679 1151 743 1200 rires
761 1163 792 1199 ao
810 1161 882 1198 suam
900 1149 1009 1213 gratim
1026 1147 1164 1212 lmglsetme
1184 1147 1217 1197 ad
1234 1148 1260 1197 id
1277 1162 1338 1211 opus
1357 1148 1535 1197 communicet!
1561 1151 1649 1198 Amen.
1688 1147 1778 1199 salnes

416 1228 487 1273 tuam
504 1224 572 1286 pium
590 1235 690 1270 uxorem
714 1228 740 1270 et
757 1233 843 1270 omnes
861 1218 1024 1282 Tychonioos.
1062 1217 1202 1282 (hrodpslt
1228 1219 1275 1268 loar
1293 1218 1380 1269 literas
1402 1220 1453 1269 sic:
1479 1219 1692 1270 Enmdenthsine
1709 1217 1777 1268 Ose-

417 1306 506 1344 sareae
524 1292 665 1355 Maiestatis
685 1293 831 1341 Armouomo
855 1304 885 1341 ae
902 1290 1047 1340 Ptolemaeo
1066 1290 1214 1340 Germanico
1232 1290 1265 1339 D.
1284 1289 1308 1340 J.
1328 1290 1451 1354 Keplero,
1471 1291 1550 1340 amieo
1568 1305 1613 1341 suo
1630 1289 1776 1339 1111111111

418 1370 445 1414 et
461 1365 577 1420 uranico,
602 1364 704 1413 uranico
718 1367 743 1412 et
760 1362 835 1411 unice
853 1358 977 1422 colendo.)
998 1385 1031 1395 -
1051 1361 1089 1410 Ea
1101 1375 1165 1426 quae
1178 1361 1273 1425 reliqua
1284 1366 1343 1409 sunt
1354 1361 1443 1410 111111
1456 1361 1615 1424 epistolarum
1627 1360 1777 1410 notabiliora

418 1435 637 1492 relerendsennt,
667 1438 696 1482 11
713 1434 826 1490 diximus,
855 1433 979 1482 adlibros
997 1431 1099 1495 Kepleri
1127 1432 1159 1482 de
1177 1431 1307 1495 Optica‚
1335 1430 1424 1481 Nora
1442 1431 1551 1481 Stella
1575 1432 1728 1482 etmarinna
1747 1444 1778 1480 ex

418 1511 489 1570 parte
508 1506 545 1556 de
563 1504 684 1563 Marte,
704 1504 735 1555 de
752 1519 801 1569 qno
812 1504 939 1555 Fabricius
957 1504 1080 1567 permulta
1092 1517 1171 1568 saque
1183 1518 1234 1553 uon
1246 1503 1345 1553 omuino
1358 1503 1494 1566 rejicienda
1505 1503 1538 1554 ad
1550 1503 1687 1568 Keplernm
1698 1502 1778 1552 dedit.

492 1786 564 1849 Quae
590 1800 647 1837 cum
666 1787 721 1836 allis
739 1786 898 1850 Keplernr
922 1801 967 1850 per
983 1786 1068 1837 litem
1093 1787 1145 1851 egit
1169 1786 1294 1836 derebus
1317 1783 1470 1851 astrologicis
1489 1784 1692 1851 Calendarileqne
1718 1788 1780 1844 1111,

420 1861 510 1925 partim
528 1873 604 1922 supra
621 1860 798 1923 proposuimus,
817 1859 908 1923 partim
925 1860 1024 1922 propius
1043 1859 1171 1923 attingunt
1188 1857 1276 1908 librum
1294 1857 1326 1908 de
1344 1854 1425 1907 Stella
1438 1856 1517 1907 Nora
1555 1857 1702 1910 munue-
1713 1859 1781 1911 hoco

420 1937 519 1983 tautum
537 1930 665 1981 addimus:

491 2000 646 2052 Nicolaue
670 1999 773 2049 Viclre
793 1998 956 2061 (Vicianius,
986 1998 1061 2059 ,San
1081 1998 1154 2049 Caes.
1174 1997 1317 2060 Maiestatis
1336 1997 1459 2062 depiler‘⁴.
1485 2005 1585 2063 postea:
1613 2011 1647 2058 ,a
1671 1999 1782 2049 oondliis

423 2067 583 2132 metallicis‘·)
602 2071 674 2134 plura
692 2072 743 2133 ogit
760 2085 804 2134 per
821 2070 906 2119 literas
926 2086 980 2120 cum
998 2069 1108 2133 Keplero
1128 2070 1301 2123 asuonomica.
1321 2068 1364 2119 sed
1383 2083 1447 2133 quae
1466 2076 1609 2133 spectarent
1626 2071 1740 2120 maxima
1751 2085 1782 2121 ex

421 2150 494 2207 parte
513 2142 670 2207 astrologica.
690 2139 787 2205 (Comp.
807 2140 919 2190 llanscls.
938 2157 963 2204 p.
983 2136 1146 2200 aot-aee.)
1183 2139 1286 2190 Praeter
1304 2140 1355 2190 alia
1372 2140 1471 2203 saepius
1490 2155 1506 2190 a
1524 2141 1633 2205 Keploro
1651 2142 1729 2205 petit.
1753 2148 1782 2191 nt

421 2215 469 2277 ipsi
494 2214 574 2263 varios
598 2212 751 2277 „dirigendi“
771 2213 857 2262 modos
884 2212 998 2275 explicet
1034 2211 1075 2262 ud
1098 2212 1163 2263 heco
1187 2211 1314 2276 rospondit
1329 2211 1493 2275 Keplerus
1516 2209 1782 2275 (1111111111)

423 2285 489 2335 huno
506 2284 533 2334 in
550 2284 662 2334 modum:

637 2369 832 2434 Nobilissime
855 2370 993 2446 Domine,
1017 2372 1132 2433 Fautor
1155 2369 1386 2435 Coleudissime.

512 2460 588 2539 Legi
612 2460 776 2523 Ptolemaei
801 2460 899 2522 locum
922 2478 988 2522 cum
1003 2460 1182 2535 attentione,
1206 2468 1237 2522 et
1255 2460 1360 2522 videor
1373 2458 1445 2523 mihi
1460 2478 1580 2521 sensum
1594 2466 1677 2522 recte
1693 2478 1782 2523 com-

424 2549 636 2630 prehendisse,
671 2568 759 2630 quem
790 2548 963 2627 explicabo,
994 2549 1087 2610 misso
1112 2547 1269 2624 Cardono,
1303 2549 1388 2628 qu'us
1416 2548 1686 2611 commentationes
1709 2558 1785 2612 suut

425 2637 613 2701 obscuriores
637 2637 702 2717 ipso
726 2637 897 2699 Ptolemaei
919 2645 1015 2711 textu,
1039 2646 1112 2718 puto
1135 2637 1321 2718 prolixitate,
1345 2639 1494 2701 vadente
1520 2637 1781 2717 imaginationum,

425 2727 527 2789 taedio
551 2726 689 2790 lectionis
709 2734 741 2788 et
763 2727 923 2807 praecipue
945 2726 1029 2788 vitiis
1054 2719 1332 2808 typographicis’)

513 2816 581 2878 Duo
596 2815 688 2894 igitur
712 2815 826 2877 dicam:
855 2813 888 2889 1)
911 2814 1130 2878 Doctriuam
1155 2815 1408 2878 directionum
1431 2833 1469 2874 ex
1487 2813 1781 2877 mentePtolemaei.

426 2902 462 2979 2)
484 2904 682 2966 Rationem
706 2904 965 2966 constituendi
989 2905 1114 2966 domos
1138 2906 1343 2978 coelestes,
1368 2922 1406 2965 ex
1429 2902 1534 2967 eodem
1559 2910 1693 2966 auctore.

514 2994 561 3056 De
574 2991 681 3074 primo.
718 2992 799 3055 Fieri
826 3000 943 3073 potest,
968 3000 1002 3055 ut
1025 2991 1183 3057 Cardenus
1201 2994 1250 3056 hic
1272 2992 1478 3055 Ptolemaeum
1503 3010 1561 3053 111
1584 2992 1663 3054 male
1687 2990 1782 3054 intel·

427 3082 549 3156 lexerit3
573 3100 630 3143 uon
651 3081 848 3144 enimomnes
864 3080 997 3144 Cardani
1011 3083 1219 3162 paragraphos
1234 3080 1433 3144 consideravi.
1467 3081 1513 3143 At
1527 3079 1635 3143 Stadio
1655 3080 1783 3143 multum

427 3172 597 3251 deestque
621 3170 718 3232 minus
742 3189 863 3232 sensum
887 3178 992 3232 teneat
1006 3171 1148 3245 auctoris,
1173 3170 1243 3252 quia
1259 3170 1395 3232 omnibus
1410 3169 1556 3231 machinis
1570 3169 1627 3232 hoc
1651 3170 1725 3247 agit,
1751 3177 1785 3232 11

428 3279 465 3320 ex
478 3258 666 3321 Ptolemaiou
682 3256 830 3336 dirigendi
845 3257 933 3319 modo
948 3252 1088 3320 exstruat
1102 3259 1221 3320 modum
1237 3259 1370 3339 erigendi
1386 3260 1496 3338 figuras
1512 3258 1670 3321 coelestes.
1706 3257 1784 3341 Pte-
1819 3274 1824 3282 ·

428 3346 535 3410 lemaei
559 3346 711 3407 sententia
733 3345 809 3407 haec
832 3353 896 3406 est:
929 3346 1089 3408 videndum
1113 3366 1197 3422 esse,
1226 3357 1299 3429 quot
1322 3349 1466 3426 graduum
1490 3347 1665 3427 aequatoris
1692 3348 1783 3409 volu-

425 3435 506 3498 tione
530 3432 742 3513 eiguificatoris
766 3433 858 3496 situm
881 3443 1062 3514 assequatur
1085 3436 1257 3515 promissor.
1305 3434 1385 3506 Quia
1400 3455 1472 3498 vero
1486 3436 1628 3499 zodiacus
1643 3435 1784 3516 obliquus

428 3532 485 3598 est,
511 3522 634 3601 ejusque
658 3530 773 3602 partes,
798 3522 855 3584 uisi
871 3523 982 3585 luerint
997 3524 1160 3598 antisciae,
1183 3535 1335 3605 nequeunt
1357 3526 1436 3587 idem
1460 3525 1617 3586 meridiani
1642 3534 1674 3587 et
1697 3524 1785 3587 hori·

426 3611 523 3676 zontis
539 3616 681 3691 puuctum
696 3611 840 3687 transire,
865 3611 933 3673 ideo
949 3610 1052 3675 delinit
1065 3613 1275 3688 Ptolemaeus,
1300 3615 1370 3695 quid
1390 3613 1432 3675 sit
1445 3612 1591 3676 identitas
1611 3614 1689 3676 situs
1703 3614 1785 3676 inter

425 3710 530 3783 partes
544 3700 658 3763 zodiaci
674 3719 733 3762 uon
748 3700 902 3764 antiociae.
948 3700 1025 3764 Eam
1049 3702 1184 3765 delinivit
1197 3722 1251 3784 per
1269 3703 1446 3766 identitates
1466 3702 1567 3764 circuli
1582 3703 1785 3782 positionum

426 3801 497 3853 tunc
521 3791 599 3852 enim
622 3790 835 3872 promissorem
859 3791 995 3853 obtinere
1019 3791 1147 3854 similem
1171 3792 1261 3856 situm
1288 3791 1384 3868 illius,
1416 3810 1506 3871 quem
1530 3792 1664 3854 habebat
1686 3790 1784 3870 signi-

426 3881 541 3952 ficator,
557 3879 583 3941 si
598 3881 761 3956 promissor
779 3879 921 3942 inciderit
935 3881 964 3941 iu
982 3880 1124 3943 circulum
1139 3881 1308 3961 positionis,
1329 3900 1416 3960 quem
1432 3880 1618 3960 significator
1632 3889 1784 3943 tenuerat.

426 3970 543 4032 Deinde
558 3968 678 4047 quaerit
695 3968 775 4029 viam
791 3977 822 4030 et
836 3969 1018 4045 methodum,
1043 3971 1190 4050 quomodo
1204 3971 1384 4050 perducatur
1397 3970 1563 4049 promissor
1576 3970 1614 4031 ad
1629 3969 1707 4031 huno
1722 3970 1784 4031 cir-

428 4058 536 4120 culum.
584 4053 683 4125 Quum
707 4064 807 4117 eutem
831 4077 889 4119 non
906 4066 1063 4120 exstarent
1078 4060 1209 4132 tabulae,
1234 4058 1348 4120 similes
1364 4059 1426 4120 tab.
1452 4058 1647 4121 directionum
1666 4058 1784 4138 Regio-

429 4143 578 4219 monteui,
612 4144 718 4223 quibus
751 4146 977 4226 expeditissime
1003 4147 1157 4227 negotium
1189 4148 1228 4208 ad
1262 4157 1393 4209 mentem
1423 4147 1589 4209 Ptolemaei
1622 4147 1784 4226 perficitur,

429 4234 497 4295 ideo
528 4232 663 4311 confugit
686 4233 879 4297 Ptolemaeus
910 4237 948 4297 ad
972 4236 1093 4299 horaria
1123 4243 1274 4315 tempora,
1305 4247 1335 4299 et
1360 4235 1447 4309 dicit,
1477 4243 1547 4298 tunc
1574 4255 1643 4298 esee
1667 4235 1788 4298 diversa

428 4320 544 4384 zodiaci
572 4330 685 4399 puncto
707 4342 797 4403 super
820 4325 925 4386 eodem
940 4325 1050 4387 circulo
1064 4324 1233 4405 positionis,
1258 4326 1287 4387 h.
1308 4345 1336 4388 o.
1356 4326 1385 4386 in
1406 4324 1497 4386 simili
1512 4325 1582 4399 situ,
1605 4344 1672 4387 curn
1688 4325 1785 4405 quod·

430 4409 506 4472 libet
524 4427 626 4471 eorum
649 4429 702 4489 per
717 4430 788 4472 suae
802 4414 940 4492 proprias
955 4415 1046 4475 horas
1062 4414 1244 4494 temporales
1268 4416 1337 4487 (seu
1351 4413 1554 4494 planetarias)
1578 4414 1698 4493 aequali
1718 4431 1785 4475 cum

429 4497 539 4561 ceteris
563 4516 686 4559 numero
710 4509 841 4575 sumtas,
876 4502 1084 4564 ameridiauo
1113 4503 1268 4566 distiterit.
1314 4503 1384 4565 Jam
1413 4503 1506 4582 igitur
1536 4504 1593 4565 huo
1616 4501 1787 4564 devolvitur

430 4586 594 4666 negotium,
618 4595 653 4648 ut
669 4595 825 4651 teneamus
840 4590 985 4652 rationem
1005 4599 1038 4653 et
1051 4592 1233 4665 methodum,
1260 4612 1319 4671 qua
1333 4592 1391 4653 duo
1407 4592 1527 4653 diversa
1542 4591 1658 4653 zodiaci
1672 4598 1787 4671 puncta

431 4675 552 4756 aequali
575 4674 740 4739 interstitio
764 4678 903 4741 horarum
928 4681 1032 4760 cuique
1056 4682 1242 4759 propriarum
1263 4682 1306 4742 M.
1324 4678 1360 4742 C.
1382 4679 1614 4756 admoveantur,
1639 4689 1673 4743 ut
1695 4678 1784 4743 simul

431 4774 533 4827 tamen
556 4762 738 4841 innotescat,
762 4776 834 4846 quot
848 4769 961 4846 gradus
976 4769 1151 4849 aequatoris
1165 4770 1361 4831 meridianum
1379 4776 1539 4830 transeant
1555 4770 1685 4842 interim,
1710 4770 1781 4831 duro

416 4873 507 4917 ,unua
529 4853 614 4916 locus
638 4856 813 4934 postellum
829 4858 868 4918 ad
882 4858 958 4919 hunc
973 4857 1141 4937 quaesitum
1157 4858 1338 4939 pervenerit.
1378 4857 1427 4919 Ad
1443 4857 1499 4920 hoc
1514 4868 1548 4921 11
1562 4857 1783 4941 perveniamus,
