3814 5818
753 305 843 351 semes
859 297 957 353 nm
1190 288 1196 295 ’
1468 294 1536 367 m

171 452 284 519 mesto
306 448 383 530 De,
406 454 471 518 sies
493 455 524 519 is
547 455 714 536 sngnshosi
735 457 795 520 ΚΒ
816 465 984 521 morentur.
1028 454 1071 520 Ει
1094 457 1188 519 sitii
1209 456 1301 521 stsits
1328 458 1359 520 in
1383 474 1529 539 spogseo,

173 543 232 605 erit
248 544 358 623 itspne
376 546 484 624 innota
505 543 579 606 Soli
627 545 840 608 Transieratnr
863 564 1030 626 apogaeum
1054 547 1178 627 eiusque
1207 549 1287 609 linea
1306 547 1375 622 ΕΗ,
1402 555 1539 610 centmm

174 650 218 694 se.
241 632 403 694 socestriei
426 633 471 706 N,
503 650 542 693 ex
563 651 600 694 eo
624 634 692 696 ioon
713 634 743 696 in
766 634 809 709 Ε,
840 636 940 715 simne
969 637 1052 697 iocus
1075 636 1203 717 apogsei
1226 636 1256 697 in
1280 638 1310 698 Δ
1337 637 1446 697 itemm
1471 654 1538 698 cnm

175 719 206 782 G
228 720 277 781 sel
300 719 423 784 LSoie.
468 720 570 784 Staiis
591 740 663 784 nero
686 731 845 786 mereatur
868 745 888 786 a
911 726 992 787 lines
1013 725 1141 804 apogaei
1165 725 1195 785 in
1217 732 1333 804 psrtem
1354 725 1537 786 contrariam

174 815 259 873 mes
281 809 534 882 commutationis,
559 829 597 872 ex
618 812 649 872 A
672 831 716 873 sc.
741 812 771 874 in
794 813 830 875 B.
878 813 989 888 Patet,
1014 814 1092 893 qnod
1117 813 1279 892 quotannis
1303 813 1365 874 iere
1388 814 1484 874 semei
1506 812 1537 875 in

174 896 350 977 perigenem
371 897 495 972 insidat,
520 900 579 961 etsi
603 918 661 961 non
687 902 725 962 sd
744 901 901 981 oppositas
915 910 1022 981 partes
1036 902 1151 963 zodiaci
1167 903 1288 964 meost.
1335 899 1405 972 Qua
1418 901 1536 963 ratione

175 986 217 1060 ht,
242 995 277 1048 nt
299 987 340 1048 sd
363 1004 518 1049 sconsum
541 986 624 1050 Solis
647 989 686 1050 ad
710 1009 744 1050 se
767 990 894 1052 tollatur
917 991 947 1051 in
969 991 1075 1062 eitum,
1100 1009 1167 1052 cum
1190 990 1356 1052 decedente
1370 988 1535 1052 Solensese

175 1074 264 1137 simul
285 1074 439 1137 demittam
484 1076 603 1138 Eadem
625 1082 696 1139 vero
711 1078 860 1161 Tychnnis
882 1097 998 1159 qnoque
1018 1079 1202 1160 hypotheses
1226 1078 1348 1140 habent.
1394 1076 1446 1140 Sic
1470 1096 1536 1140 cnm

174 1163 357 1243 Apeilcsins
380 1163 454 1226 dicit
474 1164 505 1225 D
528 1166 576 1227 vei
599 1166 642 1240 K,
664 1164 695 1227 G
717 1167 808 1228 reiL
830 1165 942 1241 Sotem,
967 1174 1000 1228 et
1023 1168 1065 1241 N,
1085 1167 1113 1229 Ε
1132 1175 1268 1229 centrum
1291 1166 1452 1229 eccentrici
1468 1184 1538 1228 esse

175 1253 206 1314 in
234 1253 341 1315 eedem
367 1251 463 1324 lines,
495 1254 599 1334 Tycha
623 1254 710 1327 dicit,
736 1255 780 1327 N,
803 1255 831 1316 Ε
854 1265 988 1317 centrum
1013 1256 1172 1318 eccentriei
1201 1276 1269 1318 esse
1300 1257 1399 1335 ipsum
1424 1253 1536 1318 Solem.

176 1339 229 1403 ἢ
251 1360 319 1403 cum
340 1342 417 1403 haec
440 1342 597 1420 Apoiionii
619 1343 773 1405 sententis
795 1344 893 1406 iocum
915 1344 1007 1406 aliter
1029 1346 1140 1407 habere
1164 1363 1222 1405 non
1246 1345 1353 1423 possit,
1378 1343 1436 1406 nisi
1452 1343 1539 1423 justa

174 1430 218 1491 sit
240 1429 397 1512 proportio
420 1429 474 1492 FE
497 1431 736 1494 eccentricitatis
759 1432 797 1494 ad
820 1431 878 1494 ΕΔ
901 1433 1020 1494 redium
1042 1434 1173 1495 eccentri
1198 1434 1303 1505 (ahter
1326 1433 1413 1512 justa
1426 1439 1537 1494 retro·

176 1518 389 1599 padomum
411 1519 568 1598 quantitas
590 1538 648 1581 nnn
672 1521 878 1594 conficietur),
905 1523 961 1583 iiat
982 1522 1085 1601 ntique
1109 1524 1138 1583 in
1163 1524 1255 1584 steila
1276 1522 1404 1595 Martis,
1429 1529 1463 1583 ut
1485 1520 1538 1582 ΕΡ

175 1607 367 1669 ιωιιιιιιιι
395 1613 482 1670 secet
502 1605 559 1676 ΡΟ
588 1608 731 1671 circulum
758 1629 777 1670 a
808 1619 912 1671 centro
940 1612 1100 1672 eccentrici
1126 1612 1329 1690 descriptum:
1362 1610 1395 1671 id
1419 1609 1538 1690 quidem

176 1715 215 1758 ιι
236 1695 413 1775 cumposita
435 1696 641 1775 suppositione
657 1696 809 1777 Apoiienii
831 1698 958 1760 tirmiter
980 1698 1145 1761 deducitur.
1191 1698 1269 1762 Cum
1287 1699 1367 1760 enim
1379 1698 1435 1759 ΒΤ
1453 1704 1553 1759 recte«

175 1785 268 1847 doeta
290 1785 333 1846 sis
355 1792 444 1847 extre
466 1785 651 1846 oentrnmE
683 1794 716 1846 et
738 1785 800 1847 elia
823 1787 878 1848 ΔΡ
905 1805 960 1865 per
987 1796 1123 1850 centrum
1146 1788 1189 1864 Ε,
1222 1806 1314 1866 quare
1338 1787 1396 1848 ΛΡ
1419 1784 1538 1866 longior
1566 1778 1575 1785 ”

176 1872 235 1935 erit
266 1892 357 1953 quam
379 1873 445 1935 ΒΤ.
490 1872 550 1934 Ειι
573 1882 675 1935 antem
697 1874 755 1935 ΑΡ
778 1874 877 1937 divisa
905 1876 1044 1937 bifariam
1067 1877 1098 1939 in
1121 1877 1148 1937 Ε
1172 1884 1291 1948 centnm
1325 1884 1358 1937 et
1378 1874 1434 1935 ΒΤ
1455 1871 1537 1935 inO

177 1980 217 2023 ex
242 1962 418 2044 hypothesi,
441 1978 533 2041 qnare
556 1980 611 2040 pes
633 1982 818 2025 communem
842 1964 1068 2042 conceptionem
1093 1965 1247 2027 dimidium
1268 1963 1323 2025 ΕΡ
1346 1962 1469 2029 dimidio
1481 1960 1539 2023 OT

178 2068 297 2132 mque
326 2050 425 2130 majas
455 2059 514 2112 est.
561 2051 719 2131 Ammius,
752 2070 819 2113 oum
852 2073 872 2113 a
899 2062 1011 2131 puncto
1034 2054 1060 2115 F
1087 2063 1175 2116 extra
1201 2060 1335 2115 centrum
1359 2051 1463 2114 cuculi
1486 2048 1540 2113 ΟΡ

177 2140 326 2201 ducantm
348 2139 452 2212 bium,
487 2158 547 2201 nnn
568 2158 607 2200 ex
629 2147 734 2202 centro
755 2141 880 2203 veniens
903 2141 967 2216 FP,
992 2143 1089 2204 ultera
1112 2161 1201 2204 secus
1223 2141 1289 2216 Fr,
1313 2140 1484 2203 incidentes
1507 2137 1538 2206 it

177 2224 453 2291 decumierentiam
472 2227 540 2301 PF3
563 2228 625 2290 erit
645 2228 699 2290 FT
720 2229 819 2308 maim
841 2249 931 2309 qnam
950 2230 1010 2292 FP.
1056 2232 1127 2293 Jem
1150 2248 1243 2310 supra
1265 2228 1386 2291 dixerat
1406 2228 1538 2306 Apollo·
1666 2294 1671 2301 ,

176 2315 245 2378 sins
267 2314 325 2377 OT
354 2315 400 2377 sio
423 2333 491 2377 esse
523 2317 562 2377 ad
586 2317 654 2390 ΤΕ,
686 2325 721 2380 ιιι
747 2318 895 2380 velocitas
923 2319 1018 2381 centri
1046 2319 1207 2381 eccentrici
1241 2318 1381 2391 (Martis)
1408 2316 1468 2381 ΝΕ
1500 2314 1538 2376 sd

176 2404 370 2467 ssioeitsmm
400 2403 510 2465 stelias
532 2423 586 2468 ssu
616 2414 730 2469 metum
748 2406 992 2469 commutationis
1016 2409 1072 2471 AB
1102 2408 1131 2471 h.
1156 2427 1183 2469 s.
1208 2414 1243 2469 ut
1265 2403 1309 2470 59
1333 2406 1374 2469 sd
1396 2403 1440 2469 28
1462 2405 1537 2467 iere.

177 2490 255 2555 cnm
280 2492 375 2572 igitur
401 2492 538 2571 ejusdem
567 2494 662 2555 totins
686 2496 724 2555 ad
749 2495 895 2574 majorem
923 2514 961 2557 ex
984 2494 1004 2557 2
1027 2498 1166 2577 partibus
1194 2496 1292 2558 minor
1313 2494 1357 2556 sit
1384 2492 1538 2573 proporh's

177 2598 269 2661 quam
296 2582 335 2645 sd
357 2582 515 2659 minorem,
537 2580 607 2643 *erit
638 2583 734 2661 major
759 2585 914 2664 proportio
939 2583 995 2646 ΟΤ
1018 2586 1056 2646 ad
1079 2586 1131 2648 FP
1164 2603 1252 2664 qnam
1276 2581 1320 2648 59
1348 2585 1388 2646 sd
1411 2580 1473 2656 283
1506 2589 1539 2642 et

177 2687 305 2743 ruma,
328 2688 397 2732 mm
421 2688 460 2730 ex
484 2670 600 2731 duabus
629 2672 793 2751 majoribus
822 2690 899 2751 quae
924 2672 1043 2751 longior
1070 2680 1120 2734 est
1147 2673 1293 2751 majorem
1314 2670 1538 2751 proportionem

177 2758 293 2820 hebeat
315 2758 355 2819 sd
374 2758 528 2833 minorem,
552 2777 643 2837 qnam
666 2778 742 2840 qnae
766 2760 905 2833 brevior;
937 2761 1035 2839 major
1057 2762 1149 2839 igitur
1172 2761 1232 2823 erit
1249 2759 1403 2839 proportio
1421 2757 1536 2841 EPnd
1641 2828 1644 2835 ¹

179 2847 232 2909 PF
254 2866 343 2927 onem
367 2845 423 2909 ΟΤ
445 2847 484 2907 nd
508 2847 569 2909 PF.
616 2847 703 2910 Prius
725 2867 798 2910 vern
821 2855 853 2909 et
876 2846 956 2911 OT:
973 2850 1075 2924 PF>
1094 2845 1137 2912 59
1155 2867 1162 2909 :
1178 2845 1231 2917 28,
1254 2848 1348 2909 multo
1363 2845 1454 2925 igitur
1468 2864 1535 2906 ma·

175 2936 225 3015 jor
252 2943 302 2998 est
331 2935 485 3016 propertio
513 2935 568 2998 ΕΡ
583 2956 591 2997 :
606 2935 658 2997 PF
689 2955 779 3016 qnam
807 2932 850 2999 59
866 2957 875 2996 :
889 2932 943 2999 28.
990 2935 1126 3017 Cumque
1154 2932 1197 2999 59
1214 2956 1221 2995 :
1237 2931 1282 2998 28
1307 2934 1463 3015 proportio
1495 2933 1538 2994 sit

179 3024 275 3103 major
294 3025 397 3103 dupio,
421 3024 518 3087 tribus
541 3024 634 3103 igitur
657 3024 825 3087 nominibus
848 3023 902 3086 ΕΡ
918 3025 993 3087 :PF
1015 3026 1114 3104 major
1135 3023 1328 3104 proportione
1351 3022 1453 3101 dupla.
1501 3020 1536 3082 st

178 3111 232 3174 ΕΡ
252 3112 323 3192 pies
345 3121 396 3175 est
417 3132 508 3193 quam
529 3112 652 3190 duplum
667 3114 725 3187 PF,
752 3132 823 3194 ergo
837 3113 889 3174 PF
912 3114 1010 3178 minor
1023 3123 1074 3176 est
1094 3131 1184 3194 mam
1199 3111 1352 3174 dimidium
1364 3110 1420 3172 ΕΡ
1442 3110 1536 3171 semi·

177 3199 318 3264 dismstd
349 3200 490 3264 eccentri.
536 3201 654 3264 Abists
680 3203 773 3282 igitrrr
794 3204 847 3267 PF
877 3201 974 3265 minor
1002 3203 1128 3266 dimidia
1158 3200 1302 3281 relinquit
1322 3200 1376 3263 FF}
1410 3198 1460 3261 rei
1481 3197 1539 3271 FQ

178 3290 336 3370 oeqnsiem
364 3290 511 3370 majorem
540 3290 663 3353 dimidia
694 3299 792 3371 parte.
837 3293 945 3373 ltsque
968 3292 1020 3353 FP
1050 3292 1199 3354 distentis
1228 3290 1373 3371 perigene
1402 3308 1423 3351 a
1444 3286 1540 3350 Terra
1609 3322 1613 3329 ·

179 3379 277 3441 minse
308 3386 358 3442 est
385 3377 442 3449 Fe
473 3378 698 3443 semidiametro
730 3380 850 3454 circuti,
883 3382 933 3460 qni
966 3390 1101 3444 centrum
1124 3379 1285 3443 eccsntrici
1314 3379 1407 3440 vehit.
1453 3377 1539 3439 Idem

177 3475 281 3531 mem
314 3468 426 3531 asserit
451 3466 554 3548 Tycha
586 3468 624 3528 de
650 3468 764 3529 circulo
787 3477 814 3537 d
841 3479 966 3531 secante
990 3470 1134 3532 circulum
1159 3467 1210 3547 Θ.
1257 3468 1305 3530 Ex
1333 3469 1417 3531 hisce
1447 3466 1539 3546 igitur

178 3565 310 3636 apparet
332 3577 379 3630 en,
404 3574 494 3636 quam
517 3554 590 3632 dixi,
614 3556 755 3636 munatio
778 3556 987 3638 hypothesium
1002 3558 1152 3640 iyehonis
1174 3577 1241 3621 cnm
1264 3556 1446 3637 geometrico
1464 3573 1539 3636 pro-

178 3645 311 3712 hienae
333 3643 497 3726 Apollonii.
1386 3715 1390 3721 ¹

267 3735 374 3797 Atax
396 3734 444 3795 his
465 3741 570 3795 tamen
587 3731 717 3794 nondmn
740 3731 875 3812 seqnitur
896 3734 942 3807 id,
971 3735 1051 3812 quod
1073 3734 1104 3796 in
1127 3748 1220 3796 cansa
1243 3742 1401 3795 versatur:
1434 3731 1536 3811 Apei-

179 3824 292 3885 ionium
310 3823 495 3906 hypotheses
518 3821 651 3883 edidisse
667 3821 886 3883 astronomicas
909 3822 1044 3901 legitime
1068 3823 1232 3902 etproprie
1247 3821 1292 3883 sic
1306 3822 1415 3895 dictas,
1440 3820 1536 3882 mutto

180 3912 279 3975 minus
301 3930 373 3974 vero
396 3911 441 3986 id,
465 3912 544 3993 qnod
562 3910 630 3973 sine
651 3910 731 3973 omni
753 3910 957 3972 haesitatione
981 3911 1186 3973 affirmaverat
1207 3911 1317 3985 Ursus,
1343 3908 1537 3989 Apollonium

181 4002 316 4063 secunde
338 4001 548 4063 immutatione
562 3999 861 4063 Aristarchiansrnm
884 4000 976 4073 facta,
1000 4001 1079 4062 hanc
1104 4001 1230 4062 formem
1253 3998 1431 4080 systematis
1450 4016 1539 4059 mnn-

180 4089 262 4163 dum,
287 4108 363 4170 quse
386 4088 475 4152 hodie
498 4087 633 4170 Tychoni
654 4089 767 4168 placet,
790 4088 988 4167 expressisse.
1035 4089 1167 4151 Primum
1192 4088 1271 4151 enim
1287 4088 1374 4150 initio
1398 4103 1456 4148 nen
1480 4085 1540 4148 init

180 4178 362 4259 Apollonius
383 4186 574 4240 mundemus
594 4178 800 4256 professione,
825 4178 880 4238 sed
898 4184 1071 4257 geometra,
1097 4180 1233 4259 quodque
1257 4174 1479 4240 demonstreris
1501 4188 1539 4235 ex

179 4267 367 4330 ”mnemia
389 4274 607 4329 traussnmtnm
629 4265 800 4346 problema,
828 4265 858 4327 id
881 4285 940 4328 non
964 4266 1044 4345 ipse,
1073 4275 1107 4328 ut
1131 4266 1297 4331 astronomi
1319 4264 1445 4345 requirit
1468 4263 1537 4326 nid-

180 4356 269 4429 oium,
294 4356 335 4417 sd
357 4374 442 4418 nsum
467 4353 619 4427 adhibuit,
652 4362 688 4416 nt
714 4355 772 4416 hac
795 4362 932 4416 memte
964 4354 1126 4436 hypothesi
1153 4355 1297 4434 planetae
1319 4354 1410 4416 ullius
1438 4359 1539 4414 motus

179 4462 220 4506 ex
247 4443 510 4506 observationibus
542 4444 705 4505 deduceret
732 4451 764 4503 et
787 4443 1021 4518 demonstraret,
1051 4444 1104 4504 sed
1138 4442 1425 4505 demonstrationem
1457 4458 1538 4501 mere

180 4532 396 4611 geometricam
414 4534 453 4594 ad
475 4538 675 4605 oeconomos,
700 4538 844 4610 tanquam
866 4532 993 4611 propola
1015 4532 1119 4593 cissos
1143 4538 1198 4592 ant
1220 4531 1349 4593 securim
1372 4531 1412 4591 ad
1436 4527 1538 4590 archi·

180 4628 281 4683 tactos
304 4620 417 4696 attulit,
442 4621 470 4683 si
494 4620 561 4701 quis
584 4627 677 4692 esset,
699 4620 785 4699 cnjus
799 4620 903 4682 usibus
925 4622 988 4682 ista
1001 4620 1160 4683 servirent.
1206 4618 1334 4692 Deinde,
1359 4637 1425 4680 cum
1439 4617 1538 4699 hypo-

181 4708 286 4772 theses
309 4709 528 4773 sstrnnnmicss
550 4727 643 4788 supra
666 4727 733 4772 cnm
756 4706 835 4770 Urso
859 4709 1050 4771 definiremus
1078 4716 1193 4771 sermm
1221 4708 1353 4788 adquam
1375 4707 1413 4767 de
1436 4703 1538 4767 mnndi

181 4798 278 4861 torma
309 4814 523 4885 onrpmumspre
554 4797 731 4864 coelestium
763 4795 962 4885 dispositione
994 4796 1242 4884 conceptionem:
1276 4794 1431 4878 Apollonii
1462 4793 1538 4859 haec
