3788 5828
393 340 459 407 222
993 338 1157 390 Prooemium

395 520 473 563 anuo
501 496 544 563 94
577 498 746 577 dimiserat,
780 518 932 581 nunquam
962 504 1026 559 222
1055 496 1237 576 exquisitam
1264 495 1337 557 mibi
1365 495 1654 560 commendationem
1681 498 1756 579 (222

394 600 504 663 tamen,
529 588 599 648 222
622 589 735 664 vixero,
759 588 973 661 inferiorem)
997 585 1226 665 impertivisset.
1263 585 1371 665 Itaque
1394 586 1452 648 hac
1476 604 1532 667 ego
1556 587 1656 668 specie
1681 587 1755 650 doc·

394 679 491 740 trinae
518 676 549 738 in
578 679 765 756 praeclaram
796 675 964 757 opinionem
988 676 1025 737 de
1051 675 1130 737 Urso
1155 681 1275 736 erectus
1297 674 1392 736 incidi
1415 672 1525 754 postea
1555 675 1586 738 in
1611 676 1756 756 quosdam

395 786 433 828 ex
456 764 614 827 nobilitate
633 765 790 848 Styriaoa,
819 765 1034 827 mathematum
1059 771 1214 838 amantes,
1244 762 1351 842 quibus
1375 764 1453 844 quod
1477 771 1562 826 22222
1583 765 1758 827 necessaria

394 853 519 916 subinde
549 873 635 917 mora
661 855 693 916 in
717 853 971 925 subcaesoria,
1004 852 1076 915 Ursi
1100 852 1209 913 notitia
1232 858 1308 913 erat.
1356 852 1405 914 Illi
1428 853 1558 915 bominis
1581 853 1757 932 praedicare

394 943 554 1021 ingenium,
579 943 713 1020 iuventa,
738 943 855 1005 hortari
878 958 934 1016 me,
959 949 994 1002 ut
1017 941 1169 1002 anniterer
1192 940 1221 1001 in
1246 940 1312 1019 ejus
1329 940 1568 1003 familiaritatem
1588 942 1756 1021 pervenire,

394 1031 530 1113 polliceri
553 1036 640 1095 suam
663 1052 795 1113 operam.
843 1029 906 1093 Sed
928 1030 1097 1105 Diogenem
1121 1028 1291 1109 quempiam
1320 1029 1394 1091 milri
1416 1030 1631 1093 describebant
1654 1031 1756 1112 aliqui,

395 1119 442 1182 cui
465 1120 523 1193 nisi
548 1129 601 1182 aut
630 1122 733 1183 lubeat
757 1130 809 1182 aut
832 1139 899 1183 cum
922 1119 1116 1197 improbitate
1140 1117 1244 1197 aliqua
1267 1120 1439 1198 extorqueri
1462 1119 1534 1181 nihil
1558 1119 1667 1199 possit.
1701 1118 1759 1181 His

396 1228 453 1289 ego
484 1210 521 1271 de
550 1211 650 1272 causis
681 1211 805 1272 inventa
832 1211 922 1289 paulo
950 1216 1021 1286 post
1049 1207 1256 1286 speculatione
1285 1227 1367 1284 mea,
1396 1227 1463 1270 222
1492 1227 1551 1270 222
1576 1216 1659 1270 esset
1685 1208 1759 1269 mibi

397 1299 525 1360 vicinior
547 1299 788 1374 mathematicus,
814 1300 958 1379 222222
980 1296 1163 1358 commodius
1187 1296 1360 1371 scriberem,
1385 1298 1425 1359 ad
1443 1296 1632 1360 scribendum
1646 1297 1758 1378 impul-

397 1408 463 1462 sus,
499 1389 623 1450 formam
646 1389 744 1469 ipsam
766 1387 877 1468 partim
901 1386 940 1448 ad
964 1384 1093 1447 hominis
1116 1393 1257 1447 naturam
1289 1403 1365 1464 quae
1385 1386 1553 1462 ferebatur,
1580 1386 1694 1465 partim
1717 1385 1757 1447 22

396 1496 464 1545 222,
498 1495 572 1556 2222
602 1485 667 1539 222
696 1479 775 1539 forte
800 1475 923 1538 fortuito
957 1475 1112 1553 legebam,
1148 1473 1378 1535 efficacissimae
1407 1473 1567 1536 brevitatis
1600 1474 1758 1553 epistolas,

396 1566 543 1627 dissoluto
566 1566 597 1627 iu
620 1585 763 1648 pompam
787 1565 887 1626 animo
918 1583 955 1624 ex
978 1563 1094 1624 recenti
1116 1561 1408 1647 inventionismeae
1432 1582 1552 1636 amore,
1586 1581 1756 1625 accommo-

396 1655 475 1729 davi,
500 1673 622 1717 securus
646 1655 683 1716 de
707 1655 764 1716 hoc
787 1662 909 1715 eventu.
956 1649 1024 1722 Quo
1048 1651 1135 1713 modo
1159 1652 1186 1713 si
1210 1650 1280 1730 quid
1304 1652 1376 1713 mihi
1400 1652 1513 1714 excidit
1534 1652 1624 1732 paulo
1648 1653 1757 1732 majus,

396 1744 546 1824 quamde
570 1744 635 1822 ipso
660 1762 824 1817 senseram,
850 1742 879 1803 in
903 1742 1032 1819 gratiam
1057 1740 1248 1802 laudatorum
1270 1740 1365 1820 ipsius
1390 1748 1422 1802 22
1444 1742 1504 1802 221
1521 1741 1621 1821 ipsius
1644 1760 1757 1816 amore,

397 1839 496 1893 totum
519 1832 550 1893 id
570 1832 714 1911 juvenilis
737 1829 919 1893 temeritatis
938 1837 996 1904 est,
1020 1849 1075 1890 uec
1099 1829 1189 1890 aliter
1210 1847 1331 1905 excuso,
1357 1830 1515 1891 dummodo
1539 1830 1663 1892 sceleris
1687 1849 1757 1891 sus·

309 1910 314 1917 ’
396 1920 545 1999 picionem
576 1920 724 1982 aboleam.
770 1919 819 1981 Ex
843 1919 896 1994 iis,
922 1936 999 1997 quae
1023 1919 1102 1992 dixi,
1127 1918 1213 1980 vides
1235 1918 1373 1996 primum,
1401 1937 1448 1980 me
1472 1919 1551 1980 bona
1574 1918 1759 1980 couscientia

402 2008 571 2087 „gloriam“
595 2008 654 2089 ipsi
673 2007 825 2084 tribuisse,
851 2027 910 2088 qua
923 2008 1081 2069 videbatur
1094 2026 1221 2087 regnare
1236 2009 1265 2070 in
1290 2007 1360 2067 aula
1375 2004 1518 2069 Caesaris
1543 2014 1574 2068 et
1596 2008 1675 2089 apud
1690 2027 1757 2069 ma-

396 2098 596 2171 thematicos,
621 2116 695 2177 quos
719 2098 749 2158 in
774 2097 876 2159 libello
892 2114 945 2157 suo
962 2094 1180 2176 alloquebatur.
1230 2095 1509 2171 „illustrissimam“
1526 2104 1627 2158 autem
1641 2116 1695 2159 cur
1710 2096 1757 2158 di·
1869 2166 1870 2169 Ἴ

397 2185 507 2259 iterim,
538 2204 660 2247 causam
691 2205 748 2251 non
773 2186 910 2265 reperio,
945 2185 1002 2247 nisi
1031 2186 1108 2265 quod
1138 2185 1272 2246 illustres
1301 2184 1397 2246 nostri
1425 2203 1492 2246 eum
1518 2186 1697 2264 praedicant
1729 2192 1760 2246 et

400 2274 629 2335 illustrissimus
652 2275 828 2354 praedicare
852 2274 987 2347 videtur,
1012 2274 1081 2335 dum
1105 2293 1171 2335 eum
1194 2273 1223 2336 in
1248 2273 1318 2335 aula
1336 2273 1440 2346 habet,
1472 2281 1504 2334 et
1528 2274 1605 2354 quod
1627 2292 1757 2354 pompo-

400 2382 465 2424 sum
484 2363 634 2443 ingenium
659 2363 750 2426 facile
773 2382 906 2424 muscam
929 2364 1129 2442 conspicatur,
1156 2382 1192 2424 ex
1208 2382 1266 2443 qua
1290 2362 1384 2423 faeiat
1398 2362 1600 2441 elephantum.
1641 2361 1758 2425 Eodem

398 2452 496 2513 refero
521 2459 553 2513 22
575 2451 615 2527 12,
641 2452 719 2532 2222
743 2471 808 2514 222
832 2459 988 2513 constaret
1011 2452 1048 2514 22
1072 2450 1231 2533 aliquibus,
1256 2450 1318 2513 dixi
1343 2450 1384 2526 (si
1402 2451 1583 2525 mododixi)
1607 2451 1646 2512 ab
1661 2452 1758 2513 omni·
1869 2446 1870 2471 *

397 2540 453 2601 bus
489 2540 586 2602 doctis
617 2540 715 2620 ipsum
748 2540 929 2621 magnifieri3
964 2551 1045 2604 certe
1079 2542 1158 2603 enim
1189 2539 1386 2603 Maestlinum
1419 2547 1451 2601 et
1478 2541 1648 2622 Tychouem
1681 2541 1760 2602 inter

399 2630 504 2690 doctos
537 2628 695 2705 habebam,
731 2649 805 2710 quos
838 2628 970 2690 sciebam
1000 2649 1057 2692 non
1093 2630 1253 2692 admodum
1285 2631 1440 2708 praeclare
1468 2630 1506 2690 de
1538 2629 1604 2710 ipso
1633 2629 1757 2691 sentire.

398 2715 486 2787 Quod
511 2726 612 2780 autem
636 2719 727 2781 etiam
751 2720 845 2801 plura·
868 2719 897 2780 in
921 2718 999 2780 huuc
1022 2719 1143 2780 modum
1168 2718 1391 2780 declamaturus
1415 2717 1554 2795 fuissem,
1588 2719 1615 2779 si
1637 2727 1759 2798 tempus

397 2807 527 2883 tulisset,
553 2808 583 2870 id
607 2828 665 2869 non
690 2808 809 2870 memini
830 2828 876 2869 me
900 2808 1045 2888 polliceri.
1093 2808 1157 2869 Imo
1181 2808 1236 2869 illa
1259 2807 1296 2868 de
1320 2808 1500 2887 garrulitate
1524 2806 1624 2887 aliena
1648 2828 1667 2868 2
1690 2827 1759 2869 22-

397 2895 570 2958 thematicis
594 2899 776 2977 protestatio
805 2916 863 2958 non
895 2897 1111 2958 1222222222
1135 2896 1310 2959 excusanda
1333 2897 1425 2958 etiam
1453 2896 1539 2976 plura
1566 2892 1757 2975 hujusmodi:

307 3034 313 3042 .
397 2985 451 3046 222
474 2985 575 3064 potius
599 2986 637 3047 ad
661 2985 838 3067 corrigenda
861 2985 970 3065 priora.
1017 2983 1106 3056 Quod
1130 2986 1156 3047 si
1180 3003 1251 3047 vero
1282 3004 1351 3045 222
1373 2993 1444 3046 2222
1462 2985 1561 3046 22212
1584 2992 1615 3045 22
1638 2984 1760 3065 singula

395 3073 460 3134 ista
482 3076 586 3149 verba,
614 3074 714 3154 „quod
736 3075 969 3136 mathematicos
992 3074 1079 3155 hujus
1103 3073 1169 3135 aevi
1193 3082 1311 3135 tantum
1325 3072 1489 3153 praecedat
1502 3091 1590 3148 unus,
1615 3080 1760 3153 quantum

397 3162 567 3224 Phoebeius
583 3162 665 3224 orbis
680 3162 795 3224 minuta
810 3164 950 3224 sidera“:
977 3182 1025 3224 22
1050 3161 1190 3225 Christe!
1214 3182 1354 3242 magnam
1377 3163 1514 3242 injuriam
1540 3162 1642 3224 multis
1665 3180 1758 3242 prae-

398 3251 575 3312 clarissimis
597 3250 671 3312 viris
699 3259 789 3330 atque
814 3252 890 3312 adeo
918 3251 976 3312 mei
1004 3250 1100 3329 ipsius
1123 3251 1326 3314 conscientiae
1357 3252 1532 3331 imprudens
1563 3250 1631 3312 feci.
1679 3250 1759 3313 Illud

396 3338 554 3399 verissime
579 3339 677 3400 dicere
700 3357 837 3419 possum,
862 3357 1011 3419 nunquam
1036 3340 1083 3401 nie
1106 3341 1167 3402 ullo
1190 3340 1279 3403 modo
1302 3340 1391 3415 serio,
1420 3359 1475 3421 per
1498 3341 1602 3415 lusum,
1627 3339 1757 3419 publice,

396 3427 556 3508 privatim,
588 3427 617 3487 in
650 3446 752 3488 ossan
782 3446 821 3487 ex
848 3427 963 3502 animo,
998 3428 1148 3491 volentem
1173 3439 1204 3492 et
1231 3431 1406 3509 prudentem
1437 3430 1494 3490 hoc
1513 3428 1642 3504 dixisse,
1678 3429 1757 3509 quod

396 3514 656 3594 Regiomontano,
680 3512 861 3594 Oopamico‚
886 3517 1026 3594 Rhetico,
1051 3516 1235 3594 Reinholdo,
1261 3518 1417 3601 Tycboni,
1435 3518 1620 3591 Maestliuo,
1644 3518 1757 3579 ceteris

397 3623 473 3665 unns
496 3603 594 3667 Ursus
626 3605 840 3683 praeferendus
863 3605 914 3667 sit.
961 3606 1121 3688 Nunquam
1153 3609 1252 3684 22221,
1285 3626 1435 3688 2222222
1466 3606 1620 3687 praesenti
1655 3607 1757 3667 auimo

397 3693 514 3772 scripsi,
539 3712 687 3774 nunquam
711 3702 774 3755 tam
797 3696 981 3775 flagitiosam
1004 3696 1206 3759 adulationem
1228 3697 1363 3775 probavi.
1411 3694 1500 3767 Quod
1524 3695 1550 3756 si
1569 3695 1665 3759 verba
1688 3715 1758 3757 mea

397 3781 526 3862 genuina
548 3784 610 3845 tale
630 3784 700 3862 quid
723 3792 842 3859 sonant,
868 3786 946 3866 quod
969 3785 1081 3857 nescio,
1105 3805 1193 3847 casus
1217 3785 1356 3864 inculpa
1378 3793 1426 3847 est
1448 3803 1573 3865 meaque
1588 3784 1755 3859 festinatio,

398 3878 429 3932 et
453 3871 531 3950 quod
561 3871 630 3953 qnid
654 3872 827 3952 scripserim
858 3892 915 3935 nou
941 3875 1044 3955 relegi.
1092 3874 1263 3947 Poeticum,
1288 3882 1323 3934 ut
1345 3874 1446 3951 vides,
1480 3882 1578 3936 totum
1599 3873 1632 3957 id
1655 3883 1704 3935 222
1728 3883 1759 3934 22

398 3979 436 4021 ex
459 3962 551 4039 poeta
575 3961 751 4037 desumtum‚
778 3969 810 4023 et
831 3963 952 4042 poetico
977 3964 1085 4044 spiritu
1108 3962 1236 4049 dictum:
1262 3964 1421 4043 2222222
1446 3971 1564 4024 ta'ntum
1584 3963 1652 4042 jam
1676 3963 1755 4036 nolo,

305 4112 307 4115 ,
398 4048 602 4124 22222222,
627 4068 692 4111 222
717 4051 839 4130 scripsi,
863 4053 1000 4114 nolebam
1026 4052 1167 4113 aliorsum
1186 4051 1280 4130 rapi,·
1297 4053 1436 4113 uolebam
1462 4052 1552 4113 aliam
1577 4069 1758 4131 repraesen-

398 4138 457 4199 tari
478 4138 674 4214 sententiam,
700 4157 788 4218 quam
813 4142 891 4219 quod
916 4141 1081 4203 antecellat
1104 4140 1223 4219 vulgus,
1248 4141 1373 4221 vulgus,
1398 4141 1535 4220 iuquam,
1559 4140 1757 4202 matbemati-

398 4245 512 4301 corum,
537 4228 616 4309 qnod
640 4236 670 4288 et
702 4228 860 4290 credebam
895 4238 926 4292 et
948 4231 1025 4292 citra
1056 4228 1249 4308 praecipuam
1277 4230 1405 4309 gloriam
1433 4229 1497 4292 lieri
1528 4234 1645 4309 potest:
1689 4230 1757 4291 Nou

397 4323 584 4394 protestarer
605 4324 695 4377 tanta
718 4317 944 4381 asseveratione
968 4327 1074 4381 contra
1096 4317 1260 4380 manifesta
1279 4320 1372 4381 verba
1396 4318 1545 4392 (simodo
1569 4318 1756 4391 tulissent),

398 4403 456 4464 nisi
485 4404 515 4464 in
535 4406 607 4483 ¹ipsa
637 4405 690 4466 illa
713 4405 843 4485 epistola
867 4408 1075 4470 documentum
1103 4407 1265 4469 maximum
1289 4415 1410 4469 extaret
1437 4427 1524 4469 2222
1556 4407 1755 4480 innocentiae,

398 4492 435 4553 22
460 4512 517 4573 222
541 4512 640 4573 supra.
686 4494 767 4561 Nam
791 4495 866 4568 etsi,
899 4497 1006 4577 quibus
1029 4496 1129 4557 verbis
1153 4497 1304 4578 12212212
1327 4496 1510 4559 mentionem
1537 4496 1674 4571 fecerim,
1702 4514 1756 4558 ne-

399 4581 470 4656 scio,
497 4581 606 4644 fecisse
629 4591 730 4645 tamen
755 4584 833 4646 scio:
858 4593 890 4646 et
913 4585 1060 4665 ejusmodi
1083 4584 1266 4647 mentionem
1290 4586 1410 4666 quidem
1435 4593 1525 4665 atque
1548 4604 1587 4647 ex
1611 4582 1757 4665 ejusmodi

398 4670 538 4748 opinione
561 4670 742 4751 profectam,
768 4691 844 4754 quae
868 4676 974 4737 merito
998 4674 1108 4737 Ursum
1131 4682 1266 4756 pungat,
1299 4675 1325 4736 si
1350 4694 1415 4736 eum
1437 4682 1501 4736 tam
1525 4673 1655 4736 feliciter
1678 4672 1755 4735 titil-

398 4758 463 4819 lant
487 4759 561 4822 baec
585 4761 747 4842 suiipsius
772 4763 881 4841 elogia.
928 4762 990 4825 Sed
1015 4771 1113 4837 caute,
1145 4771 1179 4825 ut
1202 4763 1302 4837 vides,
1321 4764 1450 4844 posthac
1473 4762 1665 4826 scribendum
1688 4762 1754 4825 erit.

398 4846 486 4911 Adeo
508 4868 657 4932 nunquam
688 4870 745 4913 non
770 4850 904 4914 salutare
929 4851 1081 4935 quippiam
1112 4852 1174 4916 ursi
1201 4852 1231 4915 in
1263 4872 1365 4917 aurem
1391 4852 1615 4916 insusurrando-
1634 4851 1755 4933 222221-
