3788 5828
380 374 445 448 Μ
978 380 1139 431 Rem.

380 544 459 607 tanti
490 543 566 604 naut
587 540 736 620 epistolae
765 550 840 620 quas
863 540 956 601 iuudo
987 539 1026 601 ab
1048 539 1100 615 iis,
1125 540 1232 621 quibus
1256 556 1304 602 me
1327 539 1449 601 honoris
1471 558 1566 601 causa
1588 546 1623 601 ut
1646 539 1742 602 disci-

378 634 466 717 pulus
490 630 651 693 submitto:
677 644 733 709 age
748 635 779 690 et
795 627 866 690 mihi
885 648 969 691 meae
985 629 1132 708 epistolae
1148 637 1236 691 eruut
1258 629 1288 690 iu
1304 628 1411 709 pretio,
1436 628 1596 691 scribam
1618 637 1740 705 caute,

379 720 549 784 retinebo
581 717 814 798 exemplaria.
861 718 978 780 Morem
1001 717 1163 779 Frieohliui
1196 718 1344 800 sequitur,
1377 717 1451 779 viris
1479 717 1566 780 bunis
1600 717 1743 798 injuriare

379 810 472 884 iacit,
505 808 692 870 humanitate
727 806 860 868 affluas·
882 807 980 886 magis
1012 825 1101 886 qnam
1125 807 1205 868 serio
1234 806 1429 868 scribentium
1461 808 1501 867 ad
1530 807 1743 869 instruendam

377 914 463 961 snam
484 896 600 959 rabiem
623 896 767 957 abutitur.
814 895 912 957 Tanto
935 903 1044 975 peccat
1066 896 1204 975 gravius,
1230 896 1310 977 quod
1332 896 1429 956 virum
1453 912 1614 969 summurn,
1649 915 1739 976 quem

378 1007 425 1050 me
449 984 591 1048 admirari
613 985 710 1059 videt,
740 983 816 1045 meis
839 982 939 1045 verbis
964 984 1132 1046 deformare
1156 985 1268 1045 studet.
1314 980 1546 1045 jurisconsultis
1571 984 1609 1045 do
1633 983 1740 1045 discu-

377 1076 513 1141 tiendam
535 1075 592 1136 boc
616 1074 737 1139 crimen.
784 1072 847 1135 Sed
872 1074 943 1152 quid
964 1091 1040 1151 opus
1065 1082 1113 1134 est
1144 1092 1192 1134 me
1215 1073 1273 1151 ipsi
1303 1072 1452 1146 scribere,
1490 1092 1557 1137 cum
1583 1073 1627 1135 sit
1660 1073 1741 1135 mele

378 1165 506 1227 furiatus
521 1163 620 1237 homo,
644 1170 679 1224 ut
701 1161 797 1236 video,
822 1180 914 1241 aquo
928 1161 1035 1224 merito
1050 1160 1216 1222 cavendum
1235 1168 1292 1231 est,
1316 1179 1355 1222 ue
1375 1179 1466 1239 porro
1482 1179 1598 1241 quoque
1622 1162 1741 1223 laedat.

379 1254 510 1315 Videtur
532 1252 589 1313 boe
612 1251 708 1330 ipamu
731 1250 762 1311 iu
785 1268 882 1311 meam
906 1268 963 1312 nou
985 1250 1082 1311 miuus
1106 1268 1196 1330 quam
1211 1249 1362 1331 bebonis
1385 1250 1495 1310 iecisse
1515 1250 1739 1312 coutumeliam,

381 1341 457 1405 Cum
486 1341 562 1402 euim
586 1358 633 1402 me
655 1339 740 1419 prius
769 1339 945 1413 laudasset,
978 1346 1088 1422 postea
1111 1346 1279 1416 comperto,
1309 1338 1462 1418 suspicere
1485 1354 1533 1400 me
1558 1338 1741 1420 lychnum,
1780 1332 1784 1337 ’

378 1431 473 1493 iratus
496 1430 552 1491 hoo
575 1444 621 1489 me
645 1434 811 1490 scommate
834 1435 867 1489 et
889 1426 1017 1489 ludibrio
1036 1427 1203 1505 insignivit.
1250 1427 1374 1489 Utinam
1392 1445 1463 1487 vero
1478 1434 1645 1488 monstrum
1663 1426 1740 1489 illud

378 1518 505 1594 videam,
531 1518 610 1598 quod
633 1533 732 1577 rusam
754 1517 838 1578 iilam
852 1516 1013 1595 epistelam
1028 1516 1167 1578 cornibus
1186 1515 1368 1577 circumibrt.
1416 1513 1559 1578 Ceterum
1577 1515 1741 1577 abstinebo

378 1604 499 1687 penitus
522 1606 561 1667 ab
585 1605 702 1667 homine
726 1613 758 1667 et
780 1625 828 1667 ma
853 1605 927 1667 data
950 1604 1110 1666 teutsinus
1132 1605 1269 1684 purgabo
1294 1603 1438 1685 Tyoboul,
1477 1604 1554 1683 quod
1579 1611 1611 1664 et
1632 1611 1665 1665 te
1689 1620 1742 1665 oro

378 1703 411 1758 ut
435 1694 541 1757 iacias.
587 1692 731 1756 Mittatnr
753 1694 826 1755 mibi
850 1694 1005 1773 exemplar
1028 1711 1114 1754 meae
1136 1694 1304 1774 impressae
1328 1691 1487 1771 epistolae,
1511 1692 1655 1753 tametsi
1668 1708 1744 1753 ver·
1813 1744 1817 1749 ,

377 1784 481 1846 borum
507 1783 572 1863 jam
599 1791 672 1863 poet
698 1789 817 1844 tautum
845 1782 989 1861 temporis
1017 1800 1075 1843 uon
1100 1800 1166 1843 sura
1193 1781 1322 1859 amplius
1352 1798 1479 1855 memor,
1513 1780 1604 1842 facile
1637 1788 1742 1843 umen

378 1890 556 1953 meam,
590 1871 709 1952 siquid
733 1889 789 1950 ego
813 1871 921 1949 scripsi
944 1870 1030 1949 sique
1049 1871 1174 1932 ulterius
1197 1870 1250 1932 ille
1275 1876 1436 1950 grassatus
1460 1876 1521 1945 eat,
1551 1868 1646 1931 verba
1668 1869 1744 1932 mihi

379 1962 457 2023 forte
480 1960 626 2033 tribuens,
651 1976 728 2039 quae
752 1978 821 2020 mea
843 1974 901 2020 nou
925 1967 1007 2019 suut.
1053 1959 1122 2020 Nou
1146 1978 1271 2039 possum
1293 1960 1427 2028 credere,
1452 1959 1529 2021 adeo
1544 1970 1592 2021 lue
1615 1958 1744 2021 saumae

379 2049 407 2110 lu
431 2049 498 2130 ipso
523 2047 683 2121 laudando,
707 2055 742 2109 ut
765 2046 921 2128 superbire
945 2047 1049 2108 miuus
1072 2048 1179 2109 merito
1204 2055 1322 2128 posset.
1338 2050 1354 2081 “

378 2275 425 2339 (12
449 2206 716 2337 {putaminarum
744 2206 777 2259 ed
797 2205 934 2271 Ksplerum
960 2205 1076 2259 datarum
1101 2207 1185 2269 capias
1202 2207 1374 2256 uausmittm
1392 2204 1584 2279 Koestlinua
1617 2207 1746 2273 mandit

428 2312 433 2325 .
473 2291 515 2331 aa.
569 2288 604 2326 .:

447 2383 549 2439 utrem
561 2384 606 2435 ieri
619 2383 675 2438 Uri
687 2385 777 2448 pedus
799 2396 874 2448 qmm
884 2385 936 2434 rari
954 2384 1060 2434 hominis
1073 2381 1293 2449 (quemadmodum
1305 2382 1390 2446 Tycha
1413 2397 1471 2433 eum
1484 2378 1606 2447 appellat)
1621 2397 1670 2449 ego
1683 2399 1743 2450 que·

377 2470 425 2521 que
446 2471 497 2505 aon
516 2456 572 2505 ridi.
610 2454 704 2505 Varum
724 2470 754 2506 ex
774 2455 822 2505 bac
845 2455 950 2519 epistole
962 2454 1087 2519 Tyehouia
1108 2455 1191 2505 ridere
1215 2455 1258 2504 tibi
1278 2453 1346 2511 licet,
1369 2467 1435 2503 aune
1448 2453 1524 2505 rerba
1544 2460 1590 2507 tue
1609 2469 1744 2521 agam

378 2524 472 2588 Quodsi
490 2527 563 2591 plura
581 2527 625 2576 tibi
638 2526 735 2576 affinxit
749 2524 826 2591 (qued
839 2541 885 2591 ego
897 2525 1007 2590 proiecto
1029 2526 1089 2576 milri
1110 2527 1209 2575 omuino
1229 2523 1378 2589 persuadeo)
1391 2527 1484 2589 puteris
1502 2539 1551 2574 nou
1564 2532 1663 2576 tautum
1677 2526 1744 2591 apud

377 2596 520 2661 mbonsm
540 2610 565 2647 te
578 2608 698 2648 merum
711 2595 797 2662 (quam
817 2596 897 2661 ipsam
909 2597 941 2645 ob
952 2608 1055 2647 eausam
1076 2611 1122 2662 ego
1135 2611 1231 2661 quoque
1251 2597 1374 2647 haetenus
1387 2610 1530 2659 responsum
1553 2596 1586 2645 ad
1598 2594 1743 2659 Typhonem

377 2668 641 2726 emendicamus
654 2669 716 2719 eard
727 2668 786 2733 quid
797 2682 830 2718 sa
841 2667 873 2718 de
885 2682 912 2718 re
925 2665 1125 2732 cognoscerem),
1147 2668 1192 2718 sed
1211 2669 1286 2718 stiam
1304 2668 1463 2718 occuluntur
1483 2667 1523 2717 vsi
1543 2681 1587 2731 per
1598 2667 1685 2718 dtsras
1704 2668 1743 2719 vel

378 2740 426 2790 alie
438 2740 510 2791 medo
531 2740 562 2790 id
568 2740 632 2790 Urso
654 2739 816 2804 exprobrandi
838 2752 965 2804 quumrs.
1003 2739 1053 2789 Sed
1065 2740 1098 2789 ibi
1112 2740 1213 2790 counio
1232 2739 1272 2789 rel
1284 2739 1424 2790 coasultme
1442 2744 1502 2802 puto
1515 2744 1543 2789 te
1555 2753 1606 2791 uon
1619 2739 1742 2805 indigere.

378 2810 446 2862 Male
457 2806 563 2886 ipriatus
576 2818 643 2865 certe
655 2818 694 2862 est
705 2810 778 2861 bomo
790 2811 838 2861 iate
850 2825 922 2861 serus
935 2810 1038 2861 etiarm
1051 2825 1132 2861 ursus

446 2952 602 3017 Keplerus
626 2953 764 3003 nammisit
783 2950 921 3017 Masurius,
943 2951 1028 3002 literas
1045 2965 1104 3001 ruas
1122 2949 1357 3016 gsxpurgstunad‘,
1384 2954 1425 3016 qui
1450 2964 1494 3002 aas
1518 2958 1664 3019 „gratautar
1680 2954 1744 3021 legit

374 3026 468 3091 sitique
490 3032 517 3074 et
533 3023 643 3089 Keplero
661 3024 692 3074 rie
713 3024 860 3090 purgatione
879 3037 926 3073 sua
941 3023 1100 3073 vehementer
1120 3022 1286 3089 grmulatur“.
1326 3020 1418 3087 Spero,
1441 3026 1530 3088 pergit,
1552 3025 1742 3089 ipsussysba

375 3112 433 3148 uem
462 3096 538 3146 edam
560 3098 658 3146 omniuo
685 3094 901 3146 mutentumiore.
945 3094 999 3160 Ego
1012 3095 1093 3144 eidem
1114 3094 1224 3144 noudum
1246 3093 1361 3158 respondi
1379 3093 1418 3143 his
1440 3094 1535 3144 duabus
1562 3096 1643 3147 causis
1664 3097 1743 3161 imps-

335 3170 337 3173 ’
375 3168 451 3218 ditus:
470 3162 781 3231 primoquiaquidprote
801 3166 999 3230 respondendum
1012 3173 1085 3224 esset,
1109 3166 1270 3230 ignorabam
1291 3165 1486 3227 exspectandum
1499 3180 1557 3231 ergo
1586 3167 1645 3216 mihi
1665 3168 1743 3219 inisse

375 3239 470 3299 camni,
492 3243 521 3286 ut
532 3237 704 3301 intelligerem,
725 3250 757 3286 au
776 3236 929 3286 illasllterar
951 3236 1085 3286 deerum
1107 3250 1264 3301 agnosoeres.
1302 3236 1400 3285 Etenim
1423 3236 1521 3285 omuino
1543 3238 1624 3295 medo,
1651 3238 1742 3288 Forum

374 3310 443 3358 illum
455 3306 576 3357 nonnulla
588 3307 619 3357 da
631 3318 675 3356 suu
688 3308 725 3357 eis
737 3306 871 3357 aliamue.
907 3306 981 3357 Nunc
994 3312 1079 3356 autem
1091 3320 1170 3370 spero.
1193 3306 1335 3370 Tychouem
1354 3306 1403 3357 hae
1415 3313 1461 3358 tua
1479 3315 1507 3357 ut
1519 3307 1569 3357 diri
1588 3311 1739 3375 purgatione

375 3381 468 3443 wdme
478 3383 623 3428 amiantum
635 3379 695 3427 iure.
721 3376 807 3427 Altera
819 3391 898 3428 cama
909 3383 957 3435 sat.
970 3377 1034 3442 qnod
1045 3377 1147 3427 ubinam
1159 3384 1280 3428 terrum
1292 3379 1325 3427 rit
1336 3377 1421 3440 hoho
1434 3380 1542 3429 incertus
1555 3394 1617 3429 aum.
1655 3380 1737 3430 Ham-

375 3451 447 3515 burgl
458 3449 525 3498 euim
537 3462 594 3499 sum
614 3464 665 3499 nou
679 3447 782 3510 amplius
795 3462 858 3505 eras,
881 3449 914 3498 ad
926 3464 966 3499 me
978 3461 1119 3513 quanquam
1139 3451 1233 3499 incerto
1250 3450 1341 3499 nuncio
1363 3449 1474 3500 delatum
1485 3450 1540 3500 init.
1579 3449 1646 3511 Quia
1663 3453 1742 3503 etiam

297 3520 309 3531 '
375 3520 508 3574 iurabatur,
528 3519 608 3582 ipsum
622 3518 753 3582 aliquando
772 3520 895 3582 superiore
913 3534 978 3570 auno
999 3533 1048 3567 uon
1060 3519 1144 3582 procul
1156 3519 1213 3569 binc
1226 3516 1282 3582 (sed
1294 3521 1336 3569 ubi
1357 3525 1383 3570 et
1395 3535 1470 3585 quarn
1489 3520 1584 3585 procul,
1607 3529 1653 3572 eut
1673 3537 1738 3573 aaa

376 3587 469 3640 dareta
481 3590 519 3639 rel
531 3589 635 3638 sinistris
647 3590 781 3639 resciscere
793 3604 843 3638 nou
854 3589 936 3654 potui)
949 3591 1084 3647 nausimus,
1107 3605 1182 3655 quara
1195 3606 1242 3655 quo
1260 3592 1384 3642 mitterem
1395 3590 1481 3642 literne
1498 3593 1678 3644 incenderimus
1693 3593 1739 3644 iai.

377 3660 427 3722 (Ex
445 3658 550 3724 epistula
568 3658 591 3708 d.
612 3659 635 3710 d
656 3659 699 3709 22.
719 3661 778 3725 Apr-
798 3657 863 3722 bb).

379 3866 381 3879 Ι
446 3800 479 3850 D.
502 3796 545 3852 29.
566 3804 632 3867 Aug.
656 3797 698 3852 99.
717 3801 843 3867 Kapisrus
860 3801 925 3854 haec
942 3802 974 3854 de
992 3803 1055 3854 Urso
1078 3803 1146 3853 dedit
1167 3801 1315 3855 Massdiuo:

465 3907 568 3990 Tycha
590 3907 788 3989 Witebergae
810 3917 876 3983 est;
900 3910 1000 3989 agitur
1026 3917 1061 3971 ut
1082 3909 1214 3989 Pragam
1237 3916 1385 3971 trauseat.
1431 3909 1542 3972 Libelli
1568 3910 1651 3974 illius
1674 3913 1739 3994 Ty-

375 3995 612 4077 cbouomastigis
635 4000 791 4078 exemplar
813 3999 852 4061 ad
875 4017 922 4060 me
945 3998 1028 4061 misit
1050 3998 1089 4059 D.
1114 3997 1304 4073 Heruartus,
1333 3998 1380 4059 vir
1402 3997 1526 4074 nobilis,
1556 4000 1644 4061 aulae
1668 4001 1735 4063 Ba·

376 4085 497 4148 rsricaa
529 4086 742 4163 cancellarius,
777 4088 806 4149 iu
835 4088 914 4150 omui
939 4086 1141 4149 doctrinarum
1171 4102 1280 4163 genere
1311 4086 1594 4150 exercitatissimus.
1640 4089 1677 4150 Iu
1701 4108 1736 4151 eo

376 4174 500 4236 tandem
527 4172 588 4234 vidi
620 4174 781 4254 epistolam
809 4194 921 4251 meam,
954 4194 1044 4257 quam
1076 4175 1132 4235 boc
1160 4173 1286 4237 consilio
1314 4176 1455 4237 inseruit:
1489 4172 1648 4257 proposuit
1679 4178 1736 4240 sibi

376 4262 549 4345 Tycbouem
572 4270 605 4324 et
630 4263 808 4327 Reesliaum
839 4264 1041 4346 exagitandos
1074 4281 1142 4335 cum
1164 4263 1295 4325 inventis
1324 4270 1357 4325 et
1379 4264 1636 4344 speculationibus
1661 4267 1733 4329 suis.

377 4350 522 4414 Roesliuo
557 4349 662 4432 objicit
688 4352 917 4433 amplitudinem
944 4352 1026 4415 orbis
1048 4351 1154 4414 Martii
1183 4352 1367 4415 contrariam
1395 4352 1671 4429 observationibus,
1705 4362 1737 4416 st

376 4438 566 4503 demonstrat
588 4440 736 4503 radonem
758 4434 927 4523 inquirendi
950 4440 1115 4503 distantias
1138 4459 1176 4502 ex
1199 4440 1360 4504 anomalia.
1408 4441 1481 4503 lude
1507 4441 1611 4504 addit:
1638 4440 1735 4518 „israe

377 4527 471 4591 mam
494 4528 666 4592 examinare
689 4529 776 4606 lieet,
802 4550 880 4592 aune
902 4547 957 4608 per
979 4529 1080 4592 emnia
1102 4548 1176 4593 vera
1198 4530 1239 4591 sit
1263 4529 1423 4602 (venerem
1448 4530 1526 4593 euim
1550 4531 1614 4593 scio
1637 4532 1733 4614 hypu-

376 4616 513 4680 tbtsibus
535 4617 686 4693 Roeslini)
710 4619 863 4682 sannatia
884 4619 924 4680 Ι).
947 4618 1085 4698 Kepleri‚
1110 4632 1200 4700 quam
1223 4619 1332 4680 adme
1355 4618 1532 4698 perscripsit
1559 4619 1644 4683 bisce
1669 4621 1732 4682 lune

376 4705 476 4786 dignis
491 4705 622 4769 literis,“
646 4705 723 4771 cum
737 4708 919 4772 mentionem
934 4707 1029 4769 iaciat
1043 4707 1178 4787 opusculi
1193 4707 1250 4770 mei
1265 4706 1405 4769 nundinis
1420 4708 1732 4771 Francoserdeusibus

375 4794 531 4876 publicati,
552 4794 653 4857 nescio
676 4814 729 4860 cur
751 4796 818 4860 luce
841 4796 949 4878 dignas
972 4795 1029 4858 bas
1043 4803 1166 4859 censeat
1182 4796 1297 4870 literas,
1322 4794 1380 4857 uisi
1395 4796 1465 4876 quia
1479 4796 1577 4875 ipsum
1598 4797 1730 4860 laudaut

376 4883 407 4947 Δ
429 4883 538 4966 quibus
560 4900 599 4946 su
622 4885 736 4968 aliquid
759 4884 950 4964 desumsarlt,
973 4884 1093 4948 amin:
1116 4900 1193 4968 quaa
1207 4885 1303 4967 punit,
1328 4885 1512 4948 omniamea
1535 4892 1615 4951 suat
1656 4883 1730 4950 Cura
