3788 5828
932 399 1057 464 ΑΜ·
1073 399 1201 462 hemis

971 696 1094 796 Caput
1119 695 1149 769 Ι.

639 820 645 827 ’
762 850 852 932 oar
872 852 915 917 aa
937 852 1119 937 apportas
1140 856 1364 921 arsames.
1412 921 1418 926 ,

471 1001 506 1062 In
539 998 741 1079 descriptione
771 995 981 1076 hypostasium
1013 996 1057 1057 sia
1087 995 1219 1075 loquitur
1241 996 1354 1071 Ursus,
1382 995 1473 1075 'quasi
1501 1016 1561 1059 nen
1589 997 1629 1058 ad
1662 999 1744 1061 aliud

383 1097 576 1170 eomparatae
599 1094 704 1150 essent
725 1085 930 1165 hypotheses,
955 1103 1044 1165 qnam
1067 1084 1108 1145 ad
1130 1084 1219 1146 lraios
1241 1084 1414 1147 hendnibus
1439 1085 1603 1149 satiendas.
1642 1084 1745 1179 Qupm

382 1182 421 1243 ad
443 1198 507 1241 rem
529 1197 588 1239 non
611 1176 690 1238 satis
712 1173 869 1237 uerborum
887 1173 1023 1248 invent*
1046 1172 1153 1253 quibus
1178 1192 1267 1253 qnam
1289 1173 1353 1236 lieri
1376 1182 1482 1252 potest
1504 1176 1744 1238 oommtissime

383 1271 420 1339 de
443 1268 500 1329 hoc
523 1282 633 1346 genere
655 1263 859 1325 inventionum
882 1262 1040 1342 loquatur:
1065 1280 1120 1323 uec
1134 1262 1218 1341 prius
1231 1270 1334 1324 cessat
1347 1262 1515 1325 orationem
1529 1283 1614 1326 suam
1629 1265 1742 1327 distin·

383 1375 488 1437 guero,
510 1353 762 1431 subdistinguere,
787 1369 875 1431 quan
899 1368 932 1411 se
955 1352 1053 1430 ipsum
1068 1351 1286 1430 quodammodo
1301 1351 1499 1431 superaverit
1544 1352 1621 1414 Nos
1639 1372 1744 1416 msam

382 1443 594 1527 hypothesium
615 1449 755 1503 naturam
776 1439 903 1521 primm
917 1437 1134 1518 explicabimus
1141 1458 1150 1513 ;
1174 1449 1283 1518 postea
1301 1440 1385 1502 varie
1410 1439 1625 1521 impingentem
1648 1461 1743 1523 seque

382 1534 481 1613 ipsam
503 1531 711 1593 eonlieientem
724 1527 796 1591 Ursi
820 1528 1002 1590 senteutiam
1025 1527 1231 1606 particulatim
1253 1529 1472 1607 expendemus:
1497 1548 1535 1590 ne
1550 1530 1621 1610 quid
1634 1538 1742 1607 redet,

370 1622 464 1703 ,quod
488 1620 646 1700 imperitus
669 1619 766 1680 lector
788 1617 867 1679 Urso
890 1625 1013 1695 propter
1036 1616 1147 1696 ingenii
1171 1617 1284 1678 famam
1308 1618 1423 1679 frustra
1445 1617 1561 1680 credat.

473 1711 541 1771 Non
566 1707 671 1770 statim
695 1724 761 1768 oum
784 1706 853 1784 ipsa
876 1704 953 1767 eneli
977 1705 1158 1767 obseruandi
1182 1705 1397 1767 consuetudine
1420 1714 1574 1767 natusest
1592 1707 1745 1784 moeste,

383 1807 530 1880 utquam
554 1797 679 1878 quisque
698 1794 945 1874 philosophorum
969 1813 1010 1857 ex
1031 1792 1141 1856 intuitu
1163 1793 1240 1855 eseli
1263 1796 1300 1855 de
1323 1794 1424 1856 mundi
1447 1795 1645 1877 dispositione
1669 1815 1747 1859 eon·

383 1888 519 1968 aepisset
550 1885 735 1965 opinionem,
774 1902 814 1943 ea
847 1900 955 1945 nomen
993 1881 1114 1961 aliquod
1150 1881 1278 1964 haberet
1314 1882 1554 1964 hypothesisque
1583 1884 1743 1948 diceretur.

382 1974 604 2055 Longinquitas
629 1971 771 2051 temporis
794 1970 1098 2050 philosophorumque
1122 1972 1288 2045 masserio,
1319 1978 1353 2033 ut
1374 1979 1478 2033 cetera
1501 1991 1582 2053 quae
1601 1992 1744 2037 vocamus
1791 1980 1794 1984 “

384 2064 534 2150 secundae
557 2060 734 2124 intentionis
749 2058 906 2134 voeabula,
931 2058 1046 2121 siolum
1061 2077 1177 2140 quoque
1192 2059 1222 2121 iu
1243 2061 1430 2122 astronomia
1444 2060 1607 2124 stabilivit.
1624 2063 1746 2140 ,Prima

382 2153 468 2214 vonis
499 2151 654 2231 usurpatio
688 2149 745 2211 fuit
776 2148 855 2229 apud
883 2156 1128 2227 geometras,
1167 2148 1218 2228 qui
1250 2156 1322 2210 ante
1349 2157 1454 2211 natam
1485 2150 1615 2230 logicam
1642 2152 1746 2231 pbilo-

384 2242 508 2322 sophiae
536 2248 672 2320 partem,
705 2237 837 2299 naturali
866 2237 980 2300 mentis
1008 2236 1118 2299 lumine
1141 2236 1415 2300 demonstrationes
1442 2257 1515 2300 suas
1544 2241 1747 2319 geometriane

383 2350 452 2392 eum
475 2329 589 2390 vellent
612 2326 768 2406 expedire,
798 2325 881 2388 soliti
905 2335 975 2389 sunt
998 2345 1017 2386 a
1040 2334 1124 2387 nerto
1147 2327 1277 2405 quodam
1299 2326 1388 2389 initio
1412 2325 1578 2389 doctrinam
1601 2329 1744 2409 insipere.

384 2417 645 2490 Quemadmodum
669 2415 749 2477 euim
769 2412 800 2475 in
819 2414 1023 2476 arehiteotura
1045 2414 1122 2475 satis
1151 2415 1244 2476 habet
1267 2413 1383 2495 opifex,
1418 2416 1520 2494 sipro
1544 2416 1645 2479 lutura
1667 2420 1745 2480 mole

386 2509 493 2570 domus
515 2506 711 2568 fundamenta
733 2503 812 2565 inira
835 2510 948 2564 terram
971 2509 1119 2576 emtruat,
1142 2522 1239 2583 neque
1262 2503 1413 2565 sollicitus
1425 2512 1483 2579 est,
1506 2512 1641 2567 utteua
1663 2507 1745 2569 inie-

384 2598 446 2659 rior
468 2596 516 2656 uel
539 2602 610 2656 rust
635 2593 686 2654 vel
708 2591 739 2655 in
762 2611 831 2654 sese
858 2584 983 2654 re'eedat
1009 2609 1103 2670 usque
1127 2591 1166 2654 ad
1189 2599 1341 2666 centrum,
1370 2592 1418 2654 ita
1446 2593 1477 2654 iu
1500 2612 1532 2655 re
1560 2596 1748 2674 geometriae

385 2685 472 2767 primi
496 2690 634 2745 auctores
658 2701 715 2765 non
739 2679 784 2742 ita
812 2680 915 2742 stolidi
943 2681 1080 2755 luerunt,
1114 2687 1149 2742 ut
1179 2681 1229 2760 qni
1258 2689 1330 2763 post
1352 2681 1450 2743 seeuti
1482 2690 1553 2744 suut
1574 2680 1749 2764 Pyrrbnuii,

385 2783 419 2836 ut
445 2775 547 2857 emnia
567 2771 684 2833 vellent
710 2769 898 2846 addubitare,
931 2769 1006 2832 nihil
1033 2768 1182 2847 arripere,
1208 2789 1299 2850 snper
1326 2770 1406 2850 quod
1432 2788 1488 2832 oeu
1520 2771 1746 2836 fundamentum

385 2870 500 2925 eertum
528 2868 562 2923 et
588 2855 725 2922 omnibus
753 2860 924 2921 contessum
951 2866 1054 2920 cetera
1084 2858 1198 2919 vellent
1225 2858 1485 2939 superaedilinsro.
1533 2856 1620 2930 Quae
1642 2863 1746 2943 itaque

385 2960 470 3014 eerta
493 2958 525 3013 et
548 2949 627 3030 apud
643 2967 746 3010 omnes
760 2947 896 3009 homines
919 2947 1061 3010 ooniessa
1075 2955 1187 3021 essent,
1213 2966 1251 3008 ea
1270 2947 1394 3026 spaniali
1406 2946 1538 3009 ,nemine
1557 2946 1747 3027 ἀξιωματα

382 3041 569 3115 dimiserunt,
595 3056 650 3099 eeu
672 3037 839 3099 sententias
859 3036 1004 3111 dicerent,
1029 3053 1105 3116 quae
1128 3036 1275 3097 haberent
1297 3036 1512 3099 auctoritatem
1536 3039 1616 3117 apud
1631 3058 1745 3102 omnm.

383 3129 542 3200 Quaedam
564 3125 734 3206 hujusmodi
757 3125 970 3205 principiorum
997 3124 1042 3186 sio
1065 3131 1153 3186 erant
1175 3132 1366 3203 eomparata,
1390 3133 1425 3187 ut
1447 3126 1583 3206 quamvis
1615 3144 1675 3190 neu
1707 3130 1746 3191 ab
1870 3146 1871 3149 ¹

385 3217 525 3280 omnibus
547 3215 752 3288 mederentur,
776 3213 852 3292 ipsis
874 3221 979 3275 tarsen
1000 3212 1173 3277 sudoribus
1188 3213 1266 3274 satis
1281 3220 1369 3275 erant
1382 3222 1467 3287 uota,
1488 3222 1524 3276 ut
1540 3232 1600 3277 nou
1623 3217 1747 3280 dubita-

383 3315 452 3370 rent
483 3325 523 3366 ea
538 3304 610 3365 'alia
637 3301 894 3364 demonstratione
920 3307 1006 3362 serta
1029 3308 1060 3361 et
1083 3318 1157 3362 uera
1184 3302 1357 3377 ostendere,
1392 3303 1423 3364 id
1451 3310 1553 3364 autem
1576 3310 1610 3366 ut
1632 3305 1666 3367 iss
1687 3307 1745 3371 sibi

382 3394 543 3475 proposita
571 3388 828 3453 demonstratione
856 3395 1044 3468 perstarent,
1076 3391 1125 3452 vel
1154 3389 1242 3452 nimis
1271 3390 1392 3470 longum
1425 3400 1494 3453 erat
1524 3393 1657 3456 futurum
1696 3397 1746 3459 rel

383 3480 647 3563 intempestivum,
675 3487 710 3538 ut
733 3476 880 3556 ejusumdi
905 3477 1074 3539 sententiae
1097 3497 1165 3540 enm
1188 3479 1257 3541 aliis
1281 3479 1383 3555 rebus,
1414 3480 1452 3541 de
1474 3480 1582 3560 qt'bus
1612 3483 1645 3544 in
1667 3502 1744 3564 gee-

384 3573 494 3633 metria
516 3588 574 3630 uon
598 3567 784 3645 disputatur,
809 3567 936 3629 innexas
960 3573 992 3627 et
1013 3567 1159 3630 confusae
1180 3575 1294 3630 essent
1340 3568 1405 3629 Hes
1425 3568 1567 3632 dixerunt
1586 3570 1746 3649 sternata,
1870 3622 1871 3627 ,

384 3669 488 3738 utpote
513 3676 589 3738 quae
614 3677 633 3717 a
655 3655 792 3717 ducenta
814 3654 874 3717 sibi
897 3655 1019 3717 concedi
1043 3676 1062 3718 a
1084 3656 1232 3737 principio
1255 3658 1455 3736 postularent.
1502 3657 1568 3720 Hoc
1585 3667 1651 3722 tum
1673 3680 1743 3723 ma·

383 3749 463 3811 sime
495 3766 552 3809 usn
579 3744 677 3818 vemt,
710 3762 777 3806 eum
804 3743 834 3807 in
862 3743 1039 3825 figuratione
1062 3747 1203 3826 angulum
1234 3746 1284 3806 vel
1316 3745 1426 3811 lineam
1457 3747 1554 3808 talem
1584 3747 1743 3829 designare
1859 3724 1871 3807 ιῘ

384 3838 507 3905 vellent,
531 3836 628 3916 qualis
651 3853 742 3895 manu
764 3833 900 3914 praecise
928 3833 993 3896 fieri
1020 3835 1134 3915 nequit.
1181 3834 1264 3896 Tune
1296 3836 1375 3896 enim
1404 3834 1560 3910 dicebant,
1589 3835 1653 3910 ε’ςω.
1672 3840 1744 3902 talis

383 3925 432 3987 vel
455 3925 537 3987 talis.
584 3923 644 3986 Est
667 3931 698 3985 et
721 3923 802 3984 aliud
826 3941 934 4003 genus,
960 3940 1042 3993 oum,
1067 3942 1144 4005 quae
1165 3923 1215 3983 vel
1239 3941 1306 3984 esse
1329 3933 1482 4003 nequeunt
1508 3926 1558 3988 vel
1581 3944 1638 3987 nou
1663 3936 1743 4002 sunt,

383 4024 528 4095 tanquam
551 4021 655 4074 essent
677 4020 884 4081 assumuntur,
913 4018 947 4073 ut
969 4010 1225 4074 demonstratione
1248 4012 1377 4091 patefiat
1404 4013 1474 4094 quid
1497 4022 1670 4078 secuturum
1695 4018 1743 4078 fo-

384 4111 439 4178 ret,
465 4103 490 4164 si
514 4102 568 4163 illa
591 4108 703 4163 essent.
744 4101 815 4162 ,Hoc
839 4118 954 4180 quoqne
978 4119 1073 4181 genus
1105 4108 1167 4161 tum
1191 4100 1288 4161 locum
1312 4100 1418 4174 babet,
1445 4120 1513 4163 oum
1536 4121 1552 4162 s
1576 4107 1744 4182 geometria

383 4191 500 4271 egressi
522 4191 554 4252 in
577 4197 725 4269 cognatas
745 4187 889 4251 scientias
904 4188 1172 4251 demonstrationis
1185 4188 1359 4267 methodum
1376 4191 1572 4254 transierunt.
1614 4192 1741 4255 Utrum·

384 4299 441 4361 que
464 4298 559 4360 genus
586 4286 619 4340 et
641 4296 717 4359 qnae
741 4277 802 4337 alia
824 4276 983 4339 brevitatis
1006 4297 1099 4340 causa
1127 4277 1311 4352 intermitto,
1346 4280 1465 4358 quando
1495 4280 1534 4340 ad
1557 4288 1658 4343 actum
1689 4284 1741 4344 de·

384 4367 612 4430 monstrationis
639 4365 811 4440 veniebant,
840 4362 1000 4437 duodenem
1031 4385 1085 4428 seu
1111 4365 1334 4446 suppositiones
1358 4366 1569 4446 appellabant,
1602 4381 1743 4451 respectu

384 4457 503 4519 scilieet
526 4457 605 4535 ejus,
631 4456 709 4536 quod
733 4455 942 4517 demonstrare
965 4455 1166 4517 intenderent.
1214 4453 1470 4535 Suppouebantur
1502 4457 1581 4519 enim
1608 4466 1683 4521 uota
1714 4467 1743 4521 et

382 4564 472 4625 super
494 4543 555 4607 illis
579 4542 811 4607 exstruebantur
832 4542 984 4623 ignotiora
1007 4543 1302 4625 ostendebanturque
1326 4543 1464 4606 discenti.

470 4633 557 4695 Haec
585 4632 668 4712 origo
691 4633 790 4708 eoois,
824 4632 872 4693 hic
905 4652 980 4695 nsua
1008 4633 1087 4712 apud
1119 4640 1299 4713 geometras.
1347 4631 1461 4695 Statim
1488 4633 1520 4696 in
1549 4634 1741 4714 geometricis

385 4721 489 4804 liguris
512 4730 545 4784 et
567 4721 708 4795 numeris,
732 4738 838 4799 nempe
862 4721 890 4781 in
914 4740 947 4782 re
971 4720 1065 4782 totius
1084 4730 1210 4784 naturae
1233 4721 1402 4783 clarissima
1424 4723 1575 4803 mentique
1595 4724 1740 4786 humanae

384 4810 513 4873 maxime
538 4817 630 4891 apta,
652 4808 915 4889 deprehenderunt
937 4827 1035 4871 rerum
1058 4811 1311 4890 contemplatores
1334 4810 1431 4872 lumen
1455 4812 1530 4872 illud
1552 4813 1663 4875 mentis
1686 4832 1740 4874 no·

383 4909 480 4977 strae,
513 4901 593 4982 quod
622 4898 791 4962 rectissime
815 4898 934 4979 quidem
956 4897 987 4960 in
1017 4898 1135 4979 liguris,
1168 4899 1223 4962 sed
1253 4905 1354 4961 temen
1384 4898 1476 4963 etiam
1504 4900 1535 4963 iu
1559 4900 1628 4962 aliis
1651 4900 1739 4964 rebus
