3814 5818
410 370 477 438 260
958 364 1080 432 trehet·
1097 362 1222 427 betoni·

411 541 461 594 est
493 530 606 609 primus
641 526 793 607 perfectus
816 521 851 599 6,
885 542 1027 587 numerus
1059 521 1286 586 restituentium
1313 516 1334 599 ij
1366 524 1398 580 et
1425 518 1476 594 'li;
1510 525 1560 582 est
1587 518 1772 600 quaternarii

412 619 590 700 quadratum
611 612 668 690 16,
699 632 840 676 numerus
862 611 1089 675 restituentium
1110 612 1141 673 in
1163 607 1186 674 4
1209 609 1344 683 ultimis;
1375 614 1425 670 est
1443 607 1570 687 quinarii
1594 608 1773 688 quadratum

411 706 462 780 25,
488 723 628 767 numerus
652 703 812 764 ferentium
834 702 865 763 in
889 699 909 764 5
932 701 1070 774 nitimis3
1105 708 1154 762 est
1177 698 1303 779 deniqne
1327 696 1492 777 septenarii
1515 697 1696 776 quadratum
1717 692 1771 771 49,

412 814 530 858 summa
557 792 702 866 omnium,
737 789 846 852 demtis
880 791 972 851 etiam
996 787 1116 869 Calippi
1144 786 1347 849 additionibus
1376 784 1406 846 in
1429 782 1502 847 Sole
1525 792 1558 847 et
1579 785 1684 858 Luna,
1717 802 1772 846 neu

410 891 536 964 patente
561 900 653 944 causa
674 880 747 954 ulla,
773 880 888 940 sedne
911 877 1082 957 suspicione
1106 876 1235 957 quidem,
1260 895 1312 936 cur
1327 873 1511 936 Aristoteles
1534 874 1613 936 hano
1635 873 1773 937 additio·

411 991 480 1035 nem
497 970 527 1031 in
547 969 619 1049 Sole
644 977 676 1030 et
693 968 781 1031 Luna
803 985 1021 1046 supervacuam
1034 964 1197 1046 putaverit,
1220 983 1279 1027 non
1293 963 1367 1025 item
1389 961 1420 1025 in
1435 962 1555 1038 ceteris,
1578 970 1614 1025 nt
1630 961 1773 1024 videatur

414 1059 598 1123 Aristoteles
623 1057 719 1119 sulum
742 1074 896 1118 nnmemm
916 1054 1114 1136 quaesivisse.
1159 1052 1227 1116 Nisi
1244 1053 1337 1115 toties
1351 1051 1538 1114 Aristoteles
1551 1050 1773 1134 Pythagoricos

413 1147 598 1229 explosieset
620 1164 768 1220 numeros,
793 1144 955 1219 crederem,
980 1143 1064 1207 illum
1088 1144 1125 1205 de
1149 1141 1300 1205 industria
1319 1138 1495 1220 conquisitis
1517 1139 1696 1202 ratiunculis
1720 1139 1771 1202 ai·

413 1238 527 1299 sectare
557 1235 736 1315 quadratum
763 1234 942 1315 septenarii,
975 1250 1060 1313 quem
1087 1233 1220 1294 Dsomm
1253 1248 1409 1292 numerum
1436 1229 1538 1291 forsan
1571 1248 1611 1290 ex
1630 1228 1772 1309 alicujus

412 1324 566 1405 religionis
589 1322 731 1405 mysterio
753 1340 931 1401 persuasum
953 1320 1102 1384 habuerit.
1147 1321 1228 1383 Num
1252 1318 1327 1381 liber
1352 1339 1372 1379 a
1394 1317 1644 1399 superstitionum
1666 1317 1770 1398 suspi-

412 1416 498 1477 cione
520 1411 715 1485 Aristoteles,
740 1429 779 1471 an
803 1411 878 1472 haec
900 1410 944 1473 ita
967 1407 1132 1488 scripserit,
1151 1408 1221 1488 jure
1245 1407 1359 1470 dubito.
1406 1405 1531 1469 Summa
1552 1406 1646 1469 haec:
1670 1405 1770 1468 Prae-

413 1504 526 1564 elamm
554 1500 619 1580 ejus
646 1499 817 1561 institutum
846 1498 916 1573 fuit,
949 1516 1004 1578 per
1027 1504 1267 1560 astronomorum
1285 1495 1388 1560 oculos
1416 1504 1449 1558 et
1475 1495 1705 1558 observationes
1729 1493 1771 1556 ad

412 1592 572 1653 obscuram
595 1607 691 1650 rerum
715 1595 856 1649 naturam
878 1586 1079 1649 contendere:
1102 1585 1334 1666 vituperandum
1356 1602 1438 1654 vero,
1463 1585 1542 1665 quod
1556 1581 1771 1646 astronomicis

412 1676 674 1741 observationibus
706 1696 762 1738 sua
793 1676 915 1738 miscuit
951 1673 1110 1737 ratiocinia
1147 1674 1356 1755 philosophica
1394 1679 1460 1735 toto
1493 1690 1603 1753 genere
1635 1671 1770 1734 dversa

411 1765 492 1838 Quid
520 1766 600 1828 enim
622 1783 777 1826 commune
802 1762 839 1827 31
868 1764 990 1827 orbibus
1014 1762 1134 1844 Calippi
1162 1762 1290 1825 totidem
1319 1770 1453 1825 motuum
1485 1780 1552 1823 cum
1575 1759 1616 1824 21
1641 1760 1772 1827 Aristo·

410 1855 496 1930 telis,
514 1854 580 1934 'qui
608 1872 719 1915 novum
745 1853 858 1915 nullum
887 1860 1001 1914 motum
1027 1851 1183 1914 iuiemut?
1227 1850 1271 1913 Et
1299 1850 1343 1913 sic
1367 1869 1400 1917 se
1432 1850 1526 1913 habet
1552 1849 1682 1913 celebris
1709 1849 1773 1913 iate

410 1945 494 2007 locus
517 1942 705 2016 Aristotelis,
738 1960 777 2002 er
799 1941 884 2020 cujus
908 1940 1106 2022 explicatione
1130 1947 1259 2019 apparet
1280 1939 1360 2020 quod
1378 1939 1452 2015 dixi,
1476 1937 1637 2001 confidenti
1659 1938 1773 2002 Ursum

411 2032 548 2093 oratioue
571 2048 657 2092 nsum
680 2029 709 2090 in
734 2049 789 2090 sna
812 2029 849 2091 de
873 2029 1091 2111 hypothesibus
1114 2028 1254 2105 historia,
1288 2028 1358 2091 dum
1381 2027 1440 2103 ait,
1463 2027 1623 2091 Eudoxum
1645 2033 1679 2089 et
1702 2024 1772 2090 Oa·

409 2120 523 2200 lippum
546 2118 745 2180 concentricis
768 2136 847 2191 usos,
873 2119 951 2197 quod
975 2117 1058 2180 nulla
1079 2117 1196 2180 ratione
1219 2136 1257 2178 ex
1272 2124 1359 2180 textu
1380 2116 1527 2178 deducere
1542 2110 1650 2196 potnit
1687 2116 1771 2178 Fra-

410 2217 567 2271 nestoreos
591 2225 662 2269 vero
685 2206 832 2286 hujnsrei
856 2212 962 2268 auctor
985 2214 1113 2269 estnon
1137 2206 1273 2277 idoneus,
1296 2203 1487 2268 concentrica
1509 2224 1577 2267 cum
1600 2203 1771 2284 scripserit,

409 2304 531 2359 veteres
554 2296 593 2357 ad
616 2313 650 2359 se
675 2295 833 2357 traducere
858 2294 971 2357 nititur.
1017 2295 1064 2357 De
1088 2302 1190 2357 cetero
1214 2297 1327 2357 fatetur
1349 2293 1425 2373 ipse,
1447 2293 1522 2356 nihil
1544 2294 1582 2355 ds
1601 2292 1662 2355 illis
1685 2292 1770 2368 sciri,

409 2384 466 2447 nisi
480 2399 519 2447 ex
532 2384 659 2446 obscuro
674 2385 739 2445 loco
753 2383 942 2445 Aristotelis.
957 2377 999 2457 ¹¹)
1045 2381 1135 2453 Quod
1152 2402 1223 2446 vero
1238 2382 1291 2458 ait,
1315 2382 1545 2466 Pythagoraeos
1568 2388 1640 2462 post
1657 2382 1771 2444 Plato-

409 2492 492 2549 nem,
517 2472 650 2554 explosis
672 2471 791 2534 Eudoxi
813 2479 847 2533 et
869 2469 988 2552 Calippi
1012 2490 1071 2534 nou
1095 2471 1312 2535 sufficientibus
1336 2470 1550 2543 concentricis,
1580 2469 1772 2533 eccsntricos

410 2562 602 2636 assumsisse,
626 2560 723 2623 trihus
747 2559 918 2623 nominibus
941 2560 1146 2623 temeritatem
1166 2559 1351 2641 narrationis
1375 2580 1449 2622 suae
1476 2559 1588 2639 prodit.
1634 2558 1772 2621 Primum

410 2651 440 2712 id
464 2648 610 2731 Calippus
632 2649 697 2730 ipse
721 2648 795 2710 iecit
816 2648 845 2710 in
865 2647 983 2711 Eudoxi
1005 2648 1223 2732 hypothesibus
1246 2649 1444 2729 corrigendis,
1466 2656 1502 2711 ut
1524 2649 1661 2711 delectus
1684 2647 1772 2728 ipsas

411 2747 560 2819 argueret,
585 2736 745 2818 orbemque
768 2756 867 2807 unum,
893 2738 942 2817 qni
966 2739 1098 2800 maxima
1116 2737 1376 2800 verisimilitudine
1399 2736 1656 2800 eccentricitatem
1679 2735 1772 2797 inve·
1894 2774 1895 2777 =

408 2828 491 2891 risse
514 2828 730 2906 credipotest,
754 2826 901 2899 adderet;
935 2845 992 2889 non
1017 2827 1074 2889 init
1097 2827 1189 2907 igitur
1211 2845 1351 2899 necesse,
1385 2834 1419 2889 ut
1440 2826 1497 2889 hoc
1520 2824 1642 2907 (lalippi
1665 2843 1773 2888 corre·

409 2916 502 2979 otioui
525 2916 677 2979 accideret
704 2923 775 2994 post
797 2916 971 2988 Platonem,
1006 2915 1064 2978 nisi
1084 2916 1171 2977 torte
1200 2914 1232 2977 in
1255 2910 1276 2992 h
1301 2923 1333 2976 et
1355 2914 1400 2990 ll,
1434 2933 1559 2995 quorum
1585 2922 1685 2976 motus
1708 2920 1772 2976 nou

408 3006 485 3067 bene
513 3005 578 3085 ipse
606 3005 829 3085 exploraverat.
876 3002 993 3066 Deinde
1022 3005 1091 3067 dum
1114 3004 1273 3066 Eudoxum
1296 3023 1316 3065 a
1337 3002 1560 3086 Pythagoraeis
1588 3002 1633 3066 ait
1659 3003 1771 3084 explo-

356 3118 364 3132 ·
409 3114 485 3169 sum,
510 3112 569 3156 non
591 3093 637 3155 ita
659 3093 735 3155 bens
759 3112 844 3155 enam
869 3093 1038 3155 orationem
1052 3092 1246 3155 historiarum
1259 3085 1392 3155 notitiae
1405 3099 1598 3173 attemperat,
1623 3089 1668 3154 nti
1687 3090 1772 3154 iliius

410 3190 516 3245 tenore
538 3183 616 3244 hanc
635 3182 746 3260 jactat
791 3181 936 3243 Eudoxus
960 3181 1039 3243 enirn
1063 3191 1096 3243 et
1117 3181 1183 3261 ipse
1207 3181 1265 3244 fuit
1287 3200 1362 3243 uuus
1385 3181 1423 3242 de
1437 3190 1523 3243 seete
1536 3181 1772 3264 Pythagoreos·
1894 3206 1895 3269 3

407 3289 484 3344 rum,
508 3271 658 3331 referente
681 3269 815 3331 Laertio.
862 3271 907 3331 nt
930 3271 996 3351 quis
1019 3270 1094 3332 haec
1118 3290 1156 3333 ex
1169 3270 1242 3334 Ursi
1260 3268 1397 3331 oratione
1419 3270 1595 3350 colligeret?
1630 3269 1772 3351 Denique
1894 3286 1895 3299 ¹

410 3358 499 3420 veiim
522 3358 562 3419 ah
585 3356 636 3420 illo
661 3357 787 3428 discere,
812 3376 887 3437 qnos
911 3358 1311 3441 appelleththugoraeos?
1351 3357 1387 3421 Si
1410 3376 1611 3439 quoscunque,
1634 3358 1686 3439 qui
1708 3358 1771 3421 ali·
1894 3364 1895 3375 ¹

411 3447 489 3527 quod
522 3446 714 3528 Pythagorae
747 3446 921 3524 dogmatum
952 3447 1186 3526 amplectuntur,
1220 3447 1449 3531 Pythagoraeos
1477 3446 1583 3521 habet,
1612 3446 1678 3527 jam
1709 3465 1771 3510 non
1894 3472 1895 3475 ¹

411 3535 543 3613 loquitur
575 3534 614 3595 ad
642 3532 887 3597 cousuetudinem
915 3533 1077 3610 historiae,
1107 3535 1193 3616 anus
1215 3535 1415 3617 coguitionem
1444 3535 1502 3598 sibi
1530 3543 1665 3617 arrogat.
1712 3534 1771 3599 Sin

411 3640 464 3684 eos
488 3640 555 3683 cum
578 3621 731 3684 historicis
753 3622 983 3703 Pythagoraeos
1007 3624 1094 3699 dicit,
1118 3625 1168 3705 qui
1192 3633 1295 3688 sectae
1319 3625 1387 3687 hnic
1410 3624 1539 3699 addicti,
1566 3625 1682 3706 placita
1704 3625 1773 3706 ejus

411 3709 682 3789 disputationibus,
707 3710 847 3772 instituto
867 3712 964 3787 vitae,
987 3713 1120 3776 moribus
1142 3714 1205 3777 suis
1228 3713 1412 3794 exprimunt,
1444 3714 1550 3776 audiat
1572 3732 1610 3776 ex
1632 3713 1769 3788 Laertio,
1894 3784 1895 3787 Ἴ

411 3809 526 3861 sectam
550 3801 632 3862 iliam
656 3801 686 3862 in
710 3800 872 3879 Epicurum
895 3802 1033 3865 desiisse.
1078 3803 1179 3865 Natus
1199 3810 1301 3864 autem
1324 3809 1374 3864 est
1390 3801 1539 3882 Epicurus
1558 3801 1624 3882 jam
1647 3803 1770 3865 demum

412 3889 629 3951 inclarescente
653 3890 838 3962 Aristotele,
871 3890 919 3971 qui
949 3891 1054 3953 eudem
1083 3894 1146 3954 iere
1174 3899 1310 3970 ternpore
1333 3890 1492 3953 Platonem
1521 3890 1680 3953 audiverat
1711 3909 1771 3972 quo

408 3976 562 4039 Eudoxus.
610 3976 689 4038 Ecce
713 3988 815 4040 autem
834 3978 950 4041 Eudoxi
974 3980 1088 4059 piacita
1111 3981 1200 4057 longo
1223 3986 1294 4058 post
1304 3987 1461 4059 tempore,
1481 3979 1548 4060 jam
1571 3979 1675 4042 adulto
1688 3978 1769 4060 Epi-

407 4084 488 4137 curo,
512 4067 697 4128 Aristoteles
721 4067 841 4129 celeber
863 4067 1060 4148 philosophus
1089 4069 1256 4147 usurpabat
1284 4067 1372 4148 inque
1395 4068 1489 4132 libros
1515 4086 1587 4131 snos
1609 4067 1648 4130 de
1673 4065 1769 4132 Ocelo

408 4164 440 4214 et
462 4155 675 4235 Metaphysica
699 4155 860 4218 referebat.
907 4157 1055 4237 Epicurus
1078 4175 1160 4234 vero,
1184 4156 1463 4239 Pythagoraeomm
1485 4156 1618 4232 ultimus,
1641 4156 1716 4238 quid
1738 4155 1768 4217 in

408 4245 593 4306 astronomia
616 4243 781 4323 scripserit,
806 4245 854 4325 qui
879 4246 1019 4307 mundum
1042 4265 1080 4306 ex
1104 4244 1213 4308 smmis
1232 4245 1461 4308 constituebat?
1506 4246 1614 4326 Itaque
1637 4253 1671 4307 et
1693 4245 1769 4307 haee

408 4332 544 4394 namatio
567 4333 707 4394 vanescit
729 4333 826 4394 instar
850 4334 932 4397 fumi.
953 4365 994 4377 —
1028 4333 1091 4397 Sed
1114 4334 1344 4414 Hipparchus
1369 4335 1447 4397 torte
1469 4353 1525 4415 pro
1548 4332 1670 4415 Oelippi
1693 4352 1768 4396 cou-

407 4421 548 4483 ceutricis
571 4421 757 4483 eccentricos
782 4423 946 4485 resumsit?
990 4424 1039 4485 De
1065 4422 1185 4503 Calippi
1208 4422 1406 4486 courcentricis
1438 4422 1574 4485 fabulam
1596 4440 1690 4503 snpra
1710 4440 1768 4485 en·

406 4510 516 4589 pedivi.
564 4510 728 4590 Hipparchi
745 4529 816 4572 vero
841 4529 986 4591 quosnam
1005 4513 1190 4574 eccentsicos
1214 4514 1441 4593 (praeterquam
1464 4510 1495 4574 iu
1510 4510 1768 4574 demonstratione

406 4600 534 4677 apogaei
558 4600 644 4660 nnius
659 4598 750 4675 Solis,
776 4600 1041 4663 demonstrationis
1066 4601 1215 4664 facilitate
1238 4602 1361 4664 schema
1380 4600 1581 4664 eccsnhieum
1605 4600 1768 4673 suadmte)

404 4687 599 4750 Ptolemaeus
622 4687 736 4758 innuat,
761 4689 899 4752 nesciunt
922 4690 988 4769 ejus
1012 4689 1158 4766 lectores;
1182 4698 1215 4751 et
1232 4689 1425 4753 Cardenus
1448 4689 1502 4766 (de
1515 4687 1630 4752 Remm
1653 4688 1768 4752 Varie·

403 4777 524 4839 tuteli.
543 4776 600 4853 il)
624 4776 714 4838 iidem
731 4778 821 4858 hujus
845 4778 1025 4841 assertionis
1049 4779 1087 4840 ad
1103 4787 1258 4843 auctorem
1272 4780 1508 4841 momerium
1526 4778 1665 4841 remittit
1702 4777 1768 4840 Hau

403 4866 505 4950 potius
529 4867 609 4948 apud
632 4866 713 4929 Ptol.
737 4867 861 4949 Almag.
886 4869 938 4931 lib.
962 4868 1019 4930 IX.
1044 4885 1111 4950 cap.
1136 4868 1169 4932 2.
1192 4868 1365 4942 inveniunt,
1387 4865 1594 4951 Hipparchum
1615 4866 1769 4931 enosihu
