3872 5836
709 391 833 445 δ’*
849 392 1012 459 W
1475 391 1544 459 tot

182 548 452 626 uidendum
487 549 636 613 Mentis
657 550 871 632 significatoria
892 572 912 613 s
934 550 1099 615 meridiane
1120 550 1269 632 mornado
1292 552 1380 616 detur
1405 554 1437 615 in
1459 560 1540 619 tem.

182 638 339 720 pcrslibus
362 638 448 700 boris
471 659 511 700 sn
536 641 565 701 iu
588 640 775 722 sequalibue,
799 640 830 703 le.
855 660 883 701 e.
907 639 937 701 iu
961 660 1025 703 esc.
1049 640 1154 702 reeta?
1199 639 1242 702 Et
1263 640 1291 701 si
1313 642 1380 717 boo,
1404 642 1540 706 utbodie

182 745 305 809 semper
328 728 373 800 fit,
398 735 470 790 tnue
493 729 586 792 debes
610 748 648 790 ex
671 730 773 810 aliqua
786 729 893 792 tabula
915 747 1077 809 excerpere
1099 729 1220 791 bonaria
1233 738 1371 810 tempora
1384 732 1539 810 siguifica-

181 818 275 889 torist
305 834 362 897 per
383 834 423 878 ee
449 817 566 880 divides
589 818 790 881 differentiam
823 837 886 879 aso.
910 826 1013 880 rectae
1040 818 1131 881 medii
1153 819 1230 880 ooeli
1255 827 1287 879 et
1314 819 1537 898 significatoria,

179 905 284 986 prodit
305 923 448 967 numeres
472 906 613 969 bererum
636 905 846 984 temporalium
869 906 1092 984 significatoris.
1138 906 1274 968 Habebis
1293 908 1351 968 boo
1365 914 1455 985 pacto
1479 909 1539 971 dno

180 1013 219 1055 ex
241 1001 330 1074 parte
354 993 587 1073 significatoria:
619 1016 682 1057 asc.
706 1005 821 1057 rectam
844 995 1037 1057 eulminantis
1060 995 1164 1076 puncti
1187 1003 1219 1057 et
1241 995 1418 1057 distantiam
1443 996 1540 1077 signi-

179 1082 313 1145 ficatoria
337 1103 357 1144 a
379 1082 545 1145 meridiano
568 1084 598 1146 in
622 1084 704 1149 beris
728 1084 940 1165 significatoria
963 1085 1103 1165 propriis.
1150 1082 1281 1163 Oportet
1296 1104 1373 1145 nnuc
1387 1085 1464 1147 tolie
1478 1086 1537 1148 duo

179 1172 274 1235 etiem
296 1190 442 1251 quaerere
465 1190 504 1234 ex
526 1182 614 1251 perte
636 1172 843 1253 promissoris,
875 1172 907 1234 id
930 1180 992 1246 est,
1021 1180 1142 1253 oportet
1165 1173 1248 1235 illum
1270 1173 1377 1234 eodem
1399 1173 1540 1236 bererum

177 1259 366 1341 propriarum
398 1278 522 1322 nomem
555 1262 691 1325 adbiberi
723 1261 800 1323 coeli
831 1261 948 1335 medio,
987 1267 1020 1322 et
1055 1270 1128 1324 tuuc
1160 1278 1303 1339 quaerere
1340 1262 1416 1322 coeli
1447 1262 1539 1324 medii

179 1367 245 1411 sse.
277 1357 406 1409 rectam.
458 1347 511 1410 Sic
539 1348 631 1429 igitur
659 1369 748 1429 ages:
784 1368 912 1430 excerpe
944 1350 1066 1413 horaria
1096 1357 1234 1430 tempora
1265 1348 1471 1429 promissoris;
1503 1370 1541 1412 ea

178 1436 349 1516 multlplice
376 1435 407 1499 iu
441 1456 593 1500 numemm
625 1438 779 1501 inventum
805 1437 945 1501 horarum
969 1438 1178 1518 temporalium
1206 1436 1433 1517 significatoria,
1465 1457 1539 1519 pro·

177 1526 301 1589 mm
330 1525 417 1589 eules
445 1526 485 1587 ab
518 1544 581 1588 asc.
611 1537 698 1590 reete
719 1520 930 1606 'promiserim
965 1528 1067 1606 prodit
1098 1547 1161 1589 sse.
1193 1538 1280 1589 reeta
1308 1527 1353 1588 M.
1387 1526 1439 1596 G..
1472 1546 1539 1590 oum

180 1614 349 1694 promissor
380 1621 428 1676 tot
463 1613 524 1681 tuis
559 1616 776 1696 temporalibus
806 1615 889 1678 boris
916 1616 1006 1678 abest
1038 1636 1058 1677 a
1087 1616 1130 1678 Μ.
1160 1613 1212 1689 C„
1248 1623 1322 1694 quot
1354 1615 1539 1695 significator

178 1702 285 1765 itidem
308 1702 372 1764 suis
395 1701 512 1765 aberat
559 1703 726 1766 Subtraeta
740 1704 841 1784 ¹igitur
854 1723 917 1769 aee.
943 1713 1029 1767 recte
1045 1705 1091 1767 Μ.
1111 1702 1148 1767 Ο.
1167 1722 1222 1784 pro
1246 1702 1449 1783 significatore
1465 1705 1539 1767 dats

175 1792 216 1854 ab
239 1810 303 1853 asc.
318 1799 404 1854 recta
416 1792 462 1854 Μ.
478 1789 516 1853 C.
541 1792 589 1855 bio
606 1792 731 1855 inventa
745 1812 800 1874 pro
817 1795 1010 1873 promissore,
1035 1794 1219 1874 relinquetur
1232 1810 1370 1856 numerus
1385 1792 1540 1872 quaesitus

178 1882 326 1962 graduum
348 1880 531 1943 dimetienda
882 1930 886 1935 .

264 1968 352 2031 Haeo
382 1968 476 2049 igitur
502 1977 552 2032 est
574 1970 764 2033 Ptolemaios
785 1971 864 2033 ratio
889 1970 1052 2051 dirigendi,
1086 1970 1124 2032 de
1148 1988 1208 2048 qua
1235 1978 1337 2031 tamen
1361 1968 1536 2042 notandum,

176 2057 256 2138 quod
279 2057 474 2121 Ptolemaeus
498 2077 564 2120 eam
589 2077 648 2121 nou
670 2060 806 2138 proferat
829 2060 917 2122 modo
932 2058 1185 2139 Regiomoutuni3
1209 2077 1279 2120 nam
1304 2057 1398 2136 primo
1423 2057 1537 2117 fatetur

176 2155 293 2227 aperte,
318 2166 387 2208 eam
410 2168 431 2208 a
452 2166 544 2226 scopo
568 2146 702 2211 nonnihil
725 2149 897 2211 deflectere.
944 2147 1023 2211 Oum
1046 2147 1125 2210 enim
1148 2145 1323 2226 principalis
1346 2154 1431 2206 esset
1458 2145 1533 2205 Pto-

176 2238 293 2299 lemeeo
317 2253 429 2315 eoopus
452 2235 531 2298 idem
554 2235 605 2317 qni
627 2244 660 2297 et
681 2226 935 2316 Regiomontano,
959 2246 993 2298 ut
1006 2255 1050 2299 so.
1074 2236 1241 2316 promissor
1254 2234 1372 2296 veniret
1395 2233 1423 2294 in
1438 2232 1536 2311 siuni-

176 2323 309 2387 lloatorie
327 2323 471 2387 circulum
492 2323 670 2404 positionis,
694 2325 889 2388 Ptolemaeus
913 2344 971 2387 non
988 2324 1076 2394 dicit.
1098 2325 1156 2386 boo
1176 2322 1305 2386 obtineri
1319 2320 1458 2402 praecise
1482 2340 1537 2401 per

175 2414 266 2475 berse
292 2414 488 2492 temporales,
522 2413 577 2475 sed
599 2414 694 2475 utitur
716 2432 791 2476 voce
816 2416 1084 2495 ,propemodum,“
1117 2424 1148 2475 et
1170 2413 1202 2475 in
1225 2412 1373 2491 exemplis
1398 2409 1534 2473 ostendit

174 2502 419 2581 dimrepestiam.
464 2501 582 2565 Deinde
605 2501 795 2565 certitudinis
819 2511 852 2565 et
871 2503 1040 2582 compendii
1058 2522 1150 2564 eausa
1175 2501 1300 2580 ableget
1313 2518 1369 2562 nos
1383 2497 1536 2578 adipsum

175 2591 296 2653 modum
318 2589 569 2669 Reginmoutsni‚
590 2590 717 2670 jubens,
743 2591 773 2653 in
796 2591 980 2653 aecendmte
1004 2590 1134 2670 dirigere
1158 2608 1214 2670 per
1236 2608 1299 2653 use.
1323 2588 1479 2667 obliquas,
1504 2585 1534 2647 in

174 2678 492 2760 temperemus.
539 2677 602 2741 Sed
633 2680 704 2759 quia
732 2698 786 2760 pro
814 2679 890 2741 locis
921 2679 1109 2743 intermediis
1137 2697 1195 2739 non
1224 2676 1388 2739 exstabant
1411 2673 1534 2741 tabulae

176 2768 390 2842 directionum,
423 2766 491 2829 ideo
522 2769 715 2830 commendat
741 2767 910 2831 nobishoc
932 2766 1156 2848 compendium,
1191 2773 1224 2826 ut
1253 2764 1419 2843 dirigamus
1441 2762 1535 2823 talem

175 2856 422 2937 significatorem,
457 2856 506 2936 qui
534 2856 713 2918 intermedio
739 2856 805 2919 loco
838 2855 943 2931 fuerit,
976 2866 1010 2918 ot
1037 2874 1091 2935 psr
1117 2861 1218 2916 rectae
1251 2860 1285 2914 et
1311 2870 1366 2931 per
1394 2850 1533 2930 obliquos

175 2965 253 3020 aso,
278 2954 311 3008 et
333 2944 535 3009 differentiam
558 2944 714 3025 utriusque
737 2943 912 3006 direptionis
935 2943 1203 3024 proportionaliter
1225 2940 1410 3022 applicemus
1439 2939 1533 3000 hora-

175 3034 237 3099 riae
265 3033 430 3097 dumosa
458 3033 672 3113 significatoria
705 3032 922 3097 ameridisno.
967 3032 1065 3112 Atqui
1093 3031 1133 3093 ad
1161 3031 1222 3093 ists
1248 3028 1366 3099 omnia,
1400 3035 1433 3091 et
1455 3044 1533 3106 quae

173 3122 626 3291 effigqgtqgggffi
648 3141 800 3292 ‘tlt
816 3112 1532 3286 ‘ttlmtttl‘l‘llltt‘lrllt

176 3300 325 3381 dirigendi
339 3294 573 3376 Ptolemaioo.')

264 3390 336 3453 Jem
367 3390 446 3468 qnod
477 3390 630 3469 negotium
663 3391 774 3455 attinet
809 3388 976 3468 erigendi
1014 3389 1138 3455 domos
1174 3384 1386 3455 coelestes,
1426 3379 1534 3443 Ptole-

177 3498 280 3542 maeus
307 3478 389 3541 nullo
417 3478 507 3558 plene
535 3497 573 3540 ue
601 3479 723 3541 minimo
752 3480 873 3559 quidem
895 3477 1019 3541 verbulo
1050 3476 1133 3541 illem
1164 3475 1213 3536 hin
1242 3472 1320 3535 inter
1353 3468 1534 3532 directiones

177 3568 312 3649 attingit
359 3564 494 3645 Cumque
526 3585 593 3629 eam
617 3586 654 3628 ne
682 3567 802 3647 quidem
829 3567 901 3629 alibi
924 3564 1076 3639 doo'uerit,
1110 3566 1167 3627 boo
1190 3561 1387 3627 lentissimum
1411 3566 1460 3621 est
1482 3577 1535 3621 sr-

176 3664 364 3737 gnmentum,
398 3655 465 3734 ejus
496 3675 608 3722 eesoee
640 3656 723 3716 nulle
749 3655 883 3731 indigere
916 3653 1121 3731 inquisitione,
1155 3669 1192 3712 eo
1217 3649 1342 3730 proinde
1362 3647 1436 3708 nihil
1466 3664 1536 3707 esse

177 3746 274 3821 aliud,
303 3744 361 3806 nisi
386 3742 632 3821 dodecatemoris
646 3742 767 3821 integre
789 3741 914 3803 rodiam.
961 3737 1014 3801 sic
1040 3740 1139 3800 sensit
1161 3736 1359 3799 Reiuboldue.
1397 3732 1536 3803 Quodsi

177 3834 327 3896 rationem
358 3828 493 3908 erigendi
525 3829 630 3891 domos
658 3829 777 3891 omuino
806 3828 896 3891 aliem
920 3828 1004 3907 sequi
1032 3827 1174 3898 velimus,
1208 3823 1375 3885 derivatam
1398 3839 1435 3881 ex
1459 3820 1535 3881 doc·
1576 3866 1582 3880 ‚

177 3921 260 3982 trina
279 3917 468 3981 Ptolemaios
490 3916 703 3991 dimotionem,
742 3917 862 3979 ridiculi
886 3935 1007 3990 sumus,
1040 3915 1067 3976 si
1089 3933 1148 3976 non
1176 3911 1279 3991 potius
1301 3906 1537 3987 Regiomontani

178 4007 346 4088 perlectam
376 4004 525 4067 rationem
553 4005 718 4087 sequimur,
753 4024 841 4087 qnam
864 4004 1059 4067 Ptolemaeus
1087 4002 1153 4083 ipse
1176 3998 1414 4067 commendavit,
1447 4014 1537 4076 quam

177 4094 346 4159 Ptolemaei
369 4092 514 4156 vinariam
538 4093 754 4174 imperfectam,
780 4113 839 4175 qne
861 4092 1035 4157 necessario
1059 4098 1218 4154 contentus
1239 4087 1295 4150 fuit
1317 4094 1440 4167 propter
1455 4084 1536 4149 indi·

178 4185 313 4265 gentiam
345 4182 498 4255 melioris,
531 4191 563 4245 et
590 4185 772 4263 quam‘ipse
802 4183 997 4246 Ptolemaeus
1029 4181 1144 4243 latetur
1172 4178 1390 4258 imperfectam.
1444 4173 1535 4236 Adde

179 4275 259 4356 quod
282 4272 416 4339 Cardsui
439 4271 529 4349 ratio,
552 4290 644 4353 quam
666 4271 854 4336 Reinboldus
877 4270 1006 4334 ascribit
1027 4267 1203 4335 Alobebitie
1227 4275 1259 4328 et
1280 4264 1391 4354 Josnni
1415 4263 1453 4325 de
1473 4260 1536 4325 Ss-

178 4365 283 4441 xonia‚
317 4381 377 4425 nou
403 4367 452 4424 est
474 4367 683 4424 censentanea
704 4361 910 4424 Ptolemaioee
934 4359 1111 4432 directioni,
1144 4356 1215 4438 quie
1237 4353 1395 4454 Cardenus
1429 4350 1537 4417 iisdem

180 4452 398 4535 temporalibus
422 4449 503 4513 boris
532 4447 612 4512 binis
636 4449 796 4529 distinguit
822 4448 983 4513 domicilia
1029 4448 1076 4510 At
1096 4443 1265 4511 Ptolemaei
1289 4442 1413 4507 directio
1442 4447 1536 4505 untu-

177 4561 243 4605 ram
266 4550 397 4623 spectat,
421 4539 494 4601 aliie
517 4538 591 4601 loeis
613 4539 730 4601 sodisei
755 4539 832 4601 alias
855 4537 1038 4617 temporales
1060 4536 1163 4607 boras,
1187 4533 1293 4613 cuique
1307 4550 1390 4603 sues,
1414 4546 1536 4597 menm-

178 4631 320 4705 medene3
344 4630 423 4710 quod
439 4627 575 4693 imitetur
588 4626 707 4707 quidem
722 4627 828 4691 tabule
841 4626 968 4706 lupini,
985 4624 1040 4688 sed
1054 4625 1192 4703 ingressu
1206 4620 1387 4685 inartificiali
1402 4627 1434 4682 et
1448 4618 1537 4680 iden-

178 4719 272 4782 tidem
292 4718 478 4797 corrigendo,
503 4716 563 4781 etsi
576 4715 669 4779 borae
682 4715 755 4779 ibae
768 4734 828 4777 aon
842 4724 914 4777 suut
927 4716 1019 4794 plene
1033 4712 1138 4793 cuique
1157 4730 1230 4773 suae
1253 4710 1283 4771 in
1307 4726 1361 4771 suo
1375 4704 1547 4787 positionis,
1575 4738 1582 4745 ·

179 4808 300 4884 obcnlc,
316 4808 374 4871 sed
385 4814 502 4869 mntem
526 4806 555 4868 in
574 4805 724 4867 communi
738 4803 902 4867 borisonte.
939 4801 1018 4865 Hine
1031 4802 1076 4875 tlt,
1100 4807 1134 4865 nt
1148 4798 1289 4864 Cardono
1302 4796 1375 4863 XlI.
1392 4796 1462 4861 etl.
1480 4794 1537 4855 do-

182 4916 249 4975 mus
281 4897 397 4960 oriente
430 4896 533 4959 caneri
564 4893 713 4976 principio
736 4895 813 4959 ome
834 4889 1113 4972 inaequalissimne,
1146 4889 1217 4969 quia
1239 4904 1331 4965 supra
1353 4883 1538 4949 horizontem
