3838 5824
785 377 868 448 ΟΨ
885 379 928 431 ¹¹·
1474 384 1537 453 13³

264 539 369 603 Etiam
383 537 534 603 Saturnus
551 537 707 601 solitarius
723 544 772 601 est
790 558 954 619 amansque
973 539 1155 611 solitudinis,
1178 544 1269 622 plane
1290 549 1325 604 ut
1347 543 1412 623 eins
1435 544 1537 624 anguli

176 629 327 692 rectitudo
350 648 409 690 non
433 635 538 707 potest
560 628 638 689 ferre
663 626 754 705 ullam
776 624 1026 709 inaequalitatem
1049 629 1098 690 vel
1126 631 1291 707 minimam,
1323 632 1538 712 cujusgratia

175 717 334 797 multiplex
356 717 419 780 liat
458 713 574 780 Contra
588 714 708 793 Jupiter
727 737 743 777 e
767 736 878 797 genere
902 717 1082 779 infinitorum
1105 727 1261 781 acutorum
1282 738 1372 781 uuum
1396 719 1537 800 angulum

174 814 284 870 nactus
305 805 462 887 popularis
486 804 553 879 ideo
578 804 677 867 lsctus
706 813 768 893 est,
797 807 952 868 moderate
981 814 1082 868 tamen
1107 815 1139 869 et
1161 813 1374 888 temperanter.
1420 809 1537 871 Auctor

174 895 256 957 eninr
277 902 329 957 est
356 893 569 957 amicitiarum·
586 892 800 957 honestiorum.
841 895 898 977 ‚Ita
920 894 1005 956 Mars
1036 902 1069 959 et
1091 894 1196 958 Venus
1228 894 1388 975 populares
1417 904 1449 958 et
1478 896 1538 976 ipsi

175 991 257 1058 sunt,
280 983 335 1044 sed
350 981 481 1045 nimium.
514 981 595 1044 Nam
609 981 735 1044 obtusus
750 989 782 1043 et
799 983 943 1062 prodigus
965 983 1098 1061 ipsorum
1121 984 1249 1063 angulus
1272 976 1537 1064 intemperantiam

174 1078 272 1134 notat.
305 1070 475 1133 Mercurius
498 1070 535 1130 de
559 1078 668 1132 natura
692 1070 816 1132 Saturni
839 1078 873 1134 et
893 1069 981 1133 Joris
1004 1078 1053 1133 est
1076 1072 1193 1134 ratione
1218 1071 1331 1152 anguli.
1368 1071 1411 1133 Et
1433 1080 1537 1135 amant

174 1158 289 1223 literati
312 1159 433 1240 quidem
455 1158 657 1232 solitudinem,
683 1159 737 1221 sed
759 1158 913 1222 inhumani
936 1167 1038 1221 mmen
1064 1178 1122 1221 non
1145 1170 1228 1222 sunt.
1265 1161 1380 1222 Amant
1399 1178 1462 1236 eos,
1487 1160 1537 1240 qui

175 1248 283 1311 iisdem
297 1247 407 1311 studiis
420 1247 620 1320 oblectantur,
641 1247 819 1327 modumque
835 1255 976 1310 statuunt
996 1248 1027 1310 iu
1042 1248 1332 1318 conversationibus,
1356 1248 1424 1329 plus
1447 1267 1536 1329 qnam

174 1336 305 1418 Jupiter,
329 1337 413 1417 cujus
436 1335 533 1399 omnis
557 1324 637 1398 iectio
661 1343 710 1398 est
731 1337 761 1399 in
786 1337 932 1399 coetubns
954 1337 1107 1399 hominnm
1129 1337 1266 1417 interque
1289 1345 1481 1417 purpuratos

263 1425 385 1506 Jupiter
403 1433 435 1486 et
449 1424 554 1486 Venu's
579 1424 716 1487 foecundi
740 1433 821 1487 suut.
868 1425 950 1488 Sane
973 1425 1044 1505 quia
1065 1425 1186 1506 Jupiter
1209 1425 1284 1487 lacit
1306 1426 1345 1487 ad
1368 1425 1537 1506 plerorum-

176 1533 232 1595 que
256 1512 517 1597 compositionem,
542 1513 649 1575 Venus
673 1521 773 1576 autern
795 1513 883 1575 Joris
907 1513 993 1593 quasi
1017 1512 1138 1577 soboles
1162 1521 1225 1589 est,
1256 1533 1406 1576 eumuna
1430 1514 1536 1575 Venus

175 1603 283 1683 viginti
306 1603 402 1665 Joves
425 1601 630 1662 breviusculos
654 1601 682 1662 iu
707 1621 740 1664 se
764 1603 926 1664 contineat
958 1601 1079 1681 Jupiter
1102 1603 1255 1665 antemio
1278 1621 1379 1664 mares
1403 1602 1534 1681 aequior,

175 1691 281 1754 Venus
305 1691 335 1753 in
360 1690 527 1753 foeminas:
562 1690 640 1752 unde
668 1690 719 1751 ille
750 1710 815 1752 ruas
846 1690 974 1765 dicitur,
1008 1691 1082 1753 haec
1107 1692 1247 1753 foemina.
1293 1690 1433 1772 Pyramia
1456 1689 1536 1751 enim

175 1781 284 1842 efficax
307 1787 374 1855 est,
408 1777 586 1841 icosabdron
616 1779 752 1840 effectum
783 1788 815 1841 et
844 1778 975 1842 soboles.
1022 1778 1071 1840 Ex
1093 1780 1142 1842 his
1165 1780 1274 1842 iisdem
1296 1778 1452 1859 principiis
1476 1778 1535 1840 ali-

176 1876 288 1949 quanto
316 1867 498 1950 explicatior
528 1885 622 1929 causa
648 1866 799 1941 redditur,
833 1886 924 1948 quare
948 1867 1115 1929 Mercurius
1143 1868 1306 1948 promiscui
1328 1887 1418 1929 sexus
1442 1867 1483 1928 sit
1506 1873 1538 1929 et

176 1977 267 2040 quare
290 1959 320 2020 in
344 1956 549 2020 foecunditate
572 1955 742 2018 mediocris.

262 2044 349 2108 Jovis
371 2045 514 2126 primunr,
543 2044 612 2105 dein
636 2041 777 2118 Saturni,
805 2050 839 2104 ot
865 2043 985 2105 demum
1008 2044 1151 2107 Mercurii
1178 2044 1383 2124 tranquillitas
1407 2050 1439 2103 et
1461 2061 1536 2104 con-

175 2135 292 2198 stantia
314 2153 428 2198 morum
452 2142 501 2196 est
523 2154 542 2195 a
564 2131 718 2212 paucitate
742 2133 917 2212 planorum:
948 2131 1079 2194 Veneris
1107 2142 1139 2196 et
1161 2133 1271 2195 Martis
1295 2130 1481 2194 turbulentia
1504 2137 1538 2193 et

175 2224 287 2286 levitas
310 2244 330 2285 a
352 2222 553 2286 multitudine.
596 2220 723 2283 Varium
747 2228 779 2282 et
801 2219 945 2302 mutabile
969 2240 1086 2301 semper
1110 2221 1248 2283 foemina.
1285 2221 1329 2282 Et
1351 2220 1446 2299 ligura
1469 2219 1561 2279 Vc„

175 2310 256 2375 neris
279 2310 409 2374 omnium
432 2311 563 2373 maxime
585 2309 672 2371 varia
694 2316 727 2371 et
749 2307 901 2371 volubilis.
938 2311 1041 2397 Atque
1066 2308 1097 2371 hi
1120 2310 1233 2390 gradus
1256 2318 1342 2372 sunt:
1367 2308 1445 2369 unde
1469 2326 1537 2369 me·

175 2401 242 2463 dius
264 2399 448 2475 Mercurius,
473 2398 574 2461 media
597 2398 693 2475 lide„

263 2489 405 2551 Mercurii
429 2487 573 2550 versatile
598 2494 630 2549 et
652 2486 750 2549 celere
773 2485 924 2566 ingenium
944 2486 1039 2548 refert
1056 2485 1192 2549 octaedri
1209 2485 1373 2548 mobilitas.
1406 2483 1486 2545 Nam
1509 2481 1536 2545 si

175 2596 266 2659 snper
297 2578 373 2639 duos
406 2577 532 2656 angulos
560 2574 686 2647 volvas,
721 2581 848 2655 quatuor
882 2574 1023 2638 continua
1055 2575 1154 2637 latera
1180 2592 1235 2653 per
1263 2574 1394 2636 medinm
1423 2572 1536 2652 figuras

174 2665 322 2728 directum
351 2665 410 2728 iter
438 2671 605 2727 transeunt.
663 2662 792 2726 Ceteras
821 2662 933 2742 figuras
966 2663 1231 2744 quomodocunque
1259 2663 1383 2737 volves,
1418 2660 1536 2725 videbis

174 2774 228 2835 per
251 2754 382 2816 medium
405 2760 582 2816 transversa
604 2759 637 2812 et
659 2751 805 2830 impedita
828 2750 967 2814 incedere
991 2751 1097 2813 latera.

264 2844 348 2905 Mars
371 2841 474 2907 multis
497 2841 644 2903 lateribus
675 2839 819 2920 pauciora
847 2839 939 2919 plana
968 2839 1075 2914 elficit,
1109 2839 1214 2899 Venus
1239 2838 1365 2900 totidem
1390 2835 1536 2901 lateribus

174 2932 265 3013 plura
287 2931 397 3012 plana:
431 2930 542 2993 Martis
566 2928 659 2991 etiam
682 2928 768 2990 multi
799 2936 925 2989 conatus
953 2927 1030 2989 irriti
1058 2934 1147 2989 sunt:
1182 2925 1286 2988 Venus
1310 2925 1468 2987 conatibus
1491 2924 1537 2986 illi

175 3040 242 3104 par,
264 3018 455 3100 prosperiore
479 3025 582 3081 tamen
605 3017 700 3081 utitur
724 3018 853 3079 fertum.
895 3016 966 3093 Nec,
984 3014 1014 3076 id
1038 3015 1144 3077 mirum
1168 3032 1236 3076 esse
1260 3014 1361 3076 dehet.
1402 3011 1536 3075 Facilius

175 3109 255 3171 enim
277 3108 404 3171 choreas
425 3107 621 3171 instituuntur
640 3125 729 3186 quam
748 3104 838 3176 bella,
862 3112 894 3166 et
915 3121 973 3184 par
994 3112 1069 3179 erat,
1095 3104 1184 3166 citius
1208 3104 1247 3164 ad
1270 3104 1359 3165 finem
1380 3101 1536 3181 pervenire

175 3216 304 3270 amores,
328 3215 417 3277 quarn
440 3197 516 3269 iras,
541 3194 612 3277 quia
634 3194 691 3255 hae
714 3193 865 3273 perimunt
887 3192 1032 3269 homines,
1058 3192 1101 3257 illi
1123 3191 1260 3273 gignunt:
1306 3190 1423 3254 Eodem
1444 3194 1535 3271 pacto

175 3286 342 3349 Mercurius
367 3283 500 3348 Saturno
523 3283 639 3347 felicior
664 3291 721 3346 est.
738 3284 764 3356 ο)
860 3296 864 3301 “

553 3516 559 3521 .
663 3459 708 3521 ΙΝ
733 3455 873 3522 CAPUT
894 3456 1049 3521 NONUM

697 3580 814 3632 annau
833 3578 1011 3632 sucuoms.

253 3688 287 3760 a)
306 3692 417 3765 Loquor
438 3708 498 3747 oum
521 3690 681 3762 aanologis.
722 3690 794 3744 Nan
815 3688 838 3742 si
862 3704 951 3744 meam
974 3690 1142 3745 sententiam
1164 3689 1265 3752 diesim
1290 3688 1383 3742 nullus
1405 3687 1435 3741 in
1457 3689 1535 3741 coelo

173 3773 313 3828 maleficus
327 3772 392 3829 milui
406 3778 549 3826 bennun:
570 3772 652 3842 idque
666 3787 728 3824 cum
742 3771 778 3825 oh
793 3768 864 3824 alias
877 3769 1010 3832 rationes,
1032 3776 1091 3824 tum
1105 3770 1224 3824 maxime
1238 3776 1354 3838 propter
1367 3768 1446 3830 hano,
1470 3767 1537 3838 quia

172 3853 290 3909 hominis
308 3852 394 3923 ipsius
414 3858 518 3906 natura
536 3858 581 3906 est
600 3851 646 3905 hio
664 3849 692 3904 in
712 3850 800 3904 Terra
816 3864 941 3913 versans,
966 3864 1037 3919 quae
1059 3849 1260 3904 radiationibus
1281 3848 1458 3916 planetarum
1471 3864 1535 3901 oon·

174 3934 252 3988 ciliat
271 3934 399 3987 effectum
419 3932 447 3986 in
461 3948 538 3994 sese;
560 3932 632 3986 siout
650 3930 769 3992 auditus,
794 3928 944 3983 instructus
965 3929 1104 3983 misstats
1126 3928 1304 4000 dignoscendi
1324 3925 1534 3981 concordantias

172 4030 278 4077 recum,
302 4011 432 4067 conciliat
445 4010 566 4066 musicae
580 4012 652 4065 hanc
665 4011 728 4074 rim,
753 4008 850 4063 utilia
867 4006 966 4062 incitet
979 4008 1139 4062 audientem
1158 4010 1193 4062 ad
1207 4008 1373 4062 saltandum.
1414 4007 1459 4060 De
1479 4007 1534 4061 hac

171 4113 203 4150 re
224 4094 270 4166 egi
284 4092 378 4148 multis
397 4091 607 4162 inresponso
625 4093 661 4145 ad
679 4090 792 4161 objecta
810 4087 939 4142 Doctoris
957 4087 1120 4143 Roeslini
1151 4092 1248 4141 contra
1275 4087 1375 4141 librum
1395 4087 1428 4139 de
1450 4086 1537 4140 stella

173 4191 253 4239 nova
276 4181 307 4229 et
321 4172 388 4228 alibi
403 4171 513 4245 passim,
529 4172 667 4242 etiamque
688 4170 716 4225 in
729 4170 777 4225 lih.
793 4169 840 4222 1v.
865 4167 1091 4222 Harmonicorum
1112 4167 1223 4238 passim,
1243 4165 1407 4235 praesertim
1430 4181 1491 4236 cap.
1507 4163 1534 4220 7.

250 4252 283 4319 h)
305 4255 365 4308 Hoc
384 4251 536 4324 allegorice
557 4251 730 4306 intellectum
750 4246 872 4320 physicis
895 4247 1049 4303 rationibus
1065 4247 1173 4301 defendi
1190 4252 1299 4315 potest:
1320 4251 1353 4300 ut
1370 4245 1393 4299 si
1408 4246 1460 4300 sub
1481 4244 1535 4300 odii

172 4335 309 4389 vocabulo
330 4332 474 4388 discrimen
502 4333 691 4404 qualecunque
719 4328 897 4400 intelligatur
924 4328 1002 4393 situs,
1032 4334 1130 4392 motus,
1158 4326 1275 4388 luminis,
1305 4325 1413 4381 coloris.
1454 4325 1533 4389 Vide,

173 4416 268 4478 lector,
289 4420 375 4483 capnt
387 4412 513 4467 ultimum
526 4410 664 4466 Ptolemai
684 4409 910 4472 harmonicorum,
932 4408 979 4463 ubi
994 4407 1154 4479 prodierint,
1176 4421 1302 4478 quaeque
1322 4405 1350 4460 in
1370 4405 1396 4459 id
1417 4412 1534 4462 annota-

172 4493 266 4558 verim,
290 4491 454 4564 praesertim
472 4492 598 4546 ultimam
615 4507 704 4546 meum
725 4488 942 4560 speculationem
962 4491 997 4543 de
1011 4487 1123 4543 Saturni
1142 4494 1171 4542 et
1185 4486 1283 4540 Martis
1297 4485 1398 4540 mutuis
1413 4486 1535 4541 excessi·

173 4576 224 4630 bus
245 4575 290 4628 rel
312 4572 474 4635 defectibus,
495 4572 572 4625 Joris
592 4588 659 4626 uero
679 4568 877 4625 mediocritate.
900 4561 938 4637 ⁸⁸)
969 4594 971 4597 ·

252 4650 279 4719 a)
300 4653 363 4708 Etsi
384 4651 452 4706 nihil
480 4659 525 4705 est
544 4653 597 4706 hoc
617 4658 717 4721 caput,
745 4648 798 4704 nisi
824 4650 901 4704 lusus
925 4646 1122 4720 astrologicae,
1152 4664 1203 4700 nec
1227 4644 1406 4717 perceperis
1427 4644 1534 4711 censeri

172 4736 264 4798 dehet,
286 4735 335 4787 sed
355 4749 505 4787 excursus:
528 4732 653 4786 conferat
672 4736 766 4784 tamen
786 4727 853 4782 iliud
875 4731 963 4783 lector
984 4745 1044 4783 cum
1064 4725 1217 4782 Ptolemaei
1236 4725 1405 4789 rationibus,
1428 4730 1486 4778 mnu
1505 4724 1534 4779 in
1636 4768 1641 4773 .

172 4814 342 4878 Tetrahiblo,
365 4829 446 4883 quarn
466 4812 495 4866 in
509 4810 696 4867 Harmonicis:
718 4808 824 4863 ridebit
842 4815 952 4864 nostras
966 4805 1143 4863 Ptolemaicis
1163 4823 1218 4862 non
1239 4805 1391 4869 inferiores,
1412 4819 1447 4859 ao
1460 4803 1531 4857 forte

172 4893 300 4950 meliores
321 4892 391 4949 esse.

761 4957 955 4977 μ-σι--Ἀ
