3814 5818
401 376 468 444 304
825 377 1337 444 manumittere-quemnam

398 539 476 589 literis
495 550 598 588 causam
627 535 721 586 dilatae
740 536 949 600 compensationis
972 552 1015 602 pro
1034 536 1191 588 dadicafim
1207 537 1334 588 Prndrcmi
1357 537 1432 589 affert
1448 536 1655 601 Zehmimalm
1673 537 1767 597 „caia-

399 611 514 658 mitosam
532 614 627 657 statum
644 607 751 670 patriae,
769 613 799 657 ut
815 606 873 656 hinc
891 622 1007 671 proceres
1025 609 1172 658 mentones
1188 614 1300 672 captent,
1320 609 1441 672 eiusmodi
1458 609 1592 674 pontiam
1604 609 1764 674 denegata·

399 678 464 744 quod
482 692 521 735 ea,
541 692 605 742 quae
623 678 819 740 supradiximus
839 677 870 726 de
887 678 1077 736 Herberstenio,
1097 678 1242 729 confirmare
1261 680 1365 730 sidetrar.

470 748 558 798 Porro:
580 748 697 807 ,iudicis
716 748 880 813 genethliaca
899 750 986 799 veliem
1003 756 1032 798 ut
1050 751 1130 813 prima
1147 764 1244 814 quaque
1262 752 1394 801 occasione
1413 764 1572 815 componeres
1590 750 1695 801 etmihi
1713 750 1766 799 huo

399 822 524 877 mittereac
542 819 612 869 labor
630 819 768 869 liberaliter
785 820 830 869 tibi
849 820 1075 883 compensabitur-‘⁴
1113 819 1227 870 Deinde:
1255 822 1391 875 „Generosi
1409 822 1459 871 mei
1477 822 1577 872 nonnius
1595 829 1621 871 te
1639 835 1716 886 rogo,
1735 825 1767 869 at

399 892 557 940 nativitatem
593 890 652 938 mibi
688 897 755 940 certo
781 891 905 949 mitteres;
931 898 1032 941 ιοιιοιιιι
1060 892 1125 941 enim
1148 905 1239 955 parens
1263 892 1398 950 desiderio,
1425 892 1526 957 legendi
1553 893 1681 942 fortunam
1708 890 1764 941 nili

399 961 551 1011 Nativitates
569 961 625 1009 illas
643 966 693 1010 tres
712 975 789 1024 nuper
807 961 852 1009 tibi
871 975 887 1010 a
904 977 945 1011 me
957 962 1064 1011 tudites
1083 976 1212 1024 compone.
1248 962 1374 1013 iudicium
1386 963 1498 1028 quodque
1510 964 1657 1028 singulatim
1668 963 1765 1019 scriba,

398 1047 446 1081 nec
464 1033 495 1082 de
512 1032 643 1081 honorario
670 1031 775 1081 honesto
800 1031 910 1081 dubita“
948 1031 1076 1097 Denique:
1103 1032 1240 1083 Pecuniam
1266 1035 1311 1083 tibi
1329 1035 1407 1083 mittit
1424 1034 1564 1084 Generosus
1593 1031 1628 1082 40
1650 1032 1766 1082 naimo·

398 1105 521 1167 integros,
548 1117 592 1166 pro
611 1102 698 1166 quibus
721 1102 794 1151 latori
812 1103 927 1151 restitues
947 1100 981 1150 50
999 1103 1112 1153 ilorenos.
1148 1102 1263 1154 Postulat
1280 1120 1324 1167 pro
1342 1106 1455 1162 servitio,
1483 1105 1549 1170 quod
1566 1104 1615 1155 hac
1644 1105 1671 1153 ln
1688 1108 1765 1167 parba

398 1176 442 1223 tibi
462 1174 568 1230 exhibet,
587 1179 616 1222 ιιι
627 1173 786 1222 nativitatem
804 1172 897 1223 scheda
915 1175 1089 1238 consignatam
1107 1175 1255 1239 componas“
1275 1173 1321 1225 οο.
1812 1225 1819 1238 ,

469 1244 558 1293 Insunt
575 1244 613 1293 his
631 1243 817 1307 Zehentmajeri
840 1243 918 1293 literis
935 1245 1016 1294 muita
1039 1250 1129 1297 ιιοιιιιιι
1156 1245 1269 1311 digniora
1294 1246 1326 1297 de
1351 1247 1425 1297 relsas
1448 1245 1552 1311 pubiisia
1570 1244 1693 1309 Styriash
1719 1250 1762 1295 ta·

401 1316 531 1365 multuosis
550 1321 576 1364 et
595 1314 770 1365 devexatione
789 1316 879 1365 civium
888 1315 991 1365 Lutheri
1009 1315 1068 1366 fidei
1086 1316 1254 1375 addictorum,
1274 1316 1417 1382 deKepleri
1434 1319 1563 1367 sententia
1580 1317 1612 1367 de
1629 1316 1704 1367 rebus
1723 1315 1763 1364 di·

401 1388 473 1444 sinis,
492 1386 522 1435 de
541 1387 616 1450 ipsius
635 1386 694 1443 sita,
713 1385 800 1435 studiis
819 1385 935 1451 aliisque,
955 1400 1019 1450 quae
1039 1388 1122 1436 omnia
1139 1388 1179 1436 hic
1198 1389 1344 1438 omittuntur
1363 1388 1411 1439 alio
1429 1388 1485 1438 loco
1504 1388 1663 1439 mummia
1703 1385 1763 1436 nos

400 1464 498 1506 tantum
517 1457 638 1514 addimus,
658 1458 721 1520 quod
740 1457 837 1521 propius
856 1457 890 1506 ad
907 1471 967 1513 rem,
987 1458 1018 1507 de
1037 1472 1085 1522 qua
1102 1458 1141 1507 his
1160 1461 1256 1524 agimus
1276 1459 1353 1516 loliis,
1372 1461 1500 1523 pertinens
1517 1459 1637 1521 iudicium
1655 1457 1764 1522 Keplesi

399 1530 431 1578 de
450 1528 584 1594 astrologia
602 1528 714 1577 exhibet:
739 1527 820 1586 ,Tu“,
839 1528 925 1578 scribit
942 1528 1147 1591 Zehentmajerus
1166 1529 1190 1578 d.
1214 1527 1252 1578 rt.
1273 1529 1330 1580 Οοι.
1350 1527 1408 1587 el..
1437 1531 1494 1593 ,qui
1512 1531 1652 1595 sapientiae
1670 1528 1764 1578 madiis

398 1601 520 1650 incumbis
540 1606 566 1649 et
583 1599 678 1648 futuros
697 1607 800 1649 eventus
819 1612 850 1648 ex
868 1601 940 1648 astris
958 1601 1091 1664 prospicis,
1116 1613 1221 1665 quaeso,
1248 1601 1270 1650 si
1292 1600 1352 1665 qnid
1368 1602 1395 1650 in
1413 1600 1521 1650 siderum
1543 1601 1626 1665 positu
1643 1596 1763 1650 animad-

398 1672 506 1728 vertisti,
525 1669 591 1735 qnod
608 1669 734 1734 singulare
752 1670 811 1734 quid
829 1671 968 1735 regionibus
985 1670 1054 1720 hisce
1074 1670 1220 1729 denunciet,
1245 1673 1306 1721 mihi
1324 1677 1351 1722 et
1365 1673 1497 1722 'Generoso
1517 1686 1573 1722 meo
1592 1671 1762 1721 communica.

397 1740 551 1807 Magnopere
565 1740 695 1811 ¹desiderat
712 1741 754 1790 ille
772 1741 893 1804 eiusmodi
910 1736 1019 1806 specillo
1037 1742 1223 1808 prognosticon,
1251 1744 1362 1807 inprimit
1380 1756 1397 1792 a
1414 1748 1454 1798 te,
1478 1743 1529 1792 rire
1548 1742 1621 1792 docto
1641 1747 1668 1792 et
1685 1741 1763 1803 hujus

399 1813 459 1862 anis
477 1814 563 1876 perito.
601 1812 655 1877 Ego
673 1826 735 1861 sane
754 1820 863 1862 mentem
881 1818 952 1862 tuam
970 1813 1001 1862 de
1020 1813 1139 1876 ejusmodi
1158 1813 1325 1879 singularibus
1342 1815 1395 1875 jam
1409 1820 1469 1862 aute
1486 1818 1643 1878 perspectam
1660 1811 1762 1862 habeo:

397 1883 458 1932 nihil
476 1882 592 1932 videlicet
611 1883 671 1932 certi
689 1884 715 1931 in
732 1883 815 1946 specie
837 1884 946 1947 praedici
964 1898 1051 1947 posse,
1076 1893 1121 1934 aut
1139 1896 1242 1934 eventus
1261 1890 1341 1947 certos
1365 1883 1479 1941 definiri3
1504 1883 1550 1935 sed
1570 1882 1718 1949 generalem
1737 1886 1765 1931 at

397 1954 470 2003 vaide
488 1953 608 2003 lubricam
626 1966 681 2002 esse
700 1953 879 2018 astrologorum
898 1953 1039 2003 notitiam.“

468 2023 565 2073 Similia
582 2022 705 2086 Kaplerus
724 2024 812 2073 ecdem
829 2032 939 2087 tempore
957 2024 1107 2074 Homolio
1126 2024 1239 2085 cuium,
1259 2025 1366 2083 medice,
1385 2025 1554 2089 perscripsisse
1572 2025 1684 2085 ridetur,
1708 2025 1763 2088 qni,

397 2110 454 2144 cum
471 2095 585 2143 ιιιοιιιιιιο
602 2095 761 2143 nativitatum
773 2094 904 2144 liberorum
921 2110 1020 2145 suornm
1039 2095 1070 2144 ab
1088 2096 1141 2159 ipso
1160 2097 1282 2160 petiisset,
1303 2095 1330 2145 iu
1343 2096 1502 2160 mspousione
1520 2096 1579 2144 ritio
1592 2102 1675 2145 vertat
1687 2094 1760 2158 Kep-

398 2165 462 2225 lero,
485 2164 565 2229 „quod
585 2163 648 2214 adeo
666 2166 781 2230 insurgat
798 2166 824 2214 in
843 2166 980 2215 doctrinam
993 2166 1103 2215 Arabim
1122 2172 1148 2216 et
1165 2166 1248 2229 procul
1269 2165 1344 2215 dublo
1361 2173 1490 2230 receptam
1508 2180 1526 2215 a
1541 2168 1627 2230 primis
1645 2167 1763 2230 patribus

400 2236 538 2285 doctrinam
556 2241 583 2285 et
600 2235 766 2285 fundamenta
783 2234 943 2300 astrologica,
962 2237 1108 2300 praesertim
1125 2238 1151 2286 in
1171 2237 1256 2286 domos
1274 2236 1457 2300 planetarum!
1497 2235 1644 2302 „Perlege“,
1666 2237 1761 2302 pergit,

401 2306 490 2367 ,libros
509 2305 674 2370 Theophrasti
691 2304 819 2357 Paracelsi
837 2313 863 2356 et
881 2308 992 2357 invenies
1010 2307 1119 2365 disemus
1138 2322 1155 2357 a
1172 2314 1215 2357 tuo
1231 2307 1325 2370 iuditio
1343 2308 1462 2365 rationes,
1482 2308 1568 2371 quibus
1587 2315 1614 2358 et
1629 2322 1675 2371 per
1694 2320 1762 2372 quas

399 2377 482 2427 media
500 2384 569 2427 astra
586 2377 714 2426 nobiscum
732 2379 923 2428 communicant.
960 2377 1039 2428 Nemo
1058 2379 1171 2428 nascitur
1190 2380 1282 2442 absque
1300 2379 1421 2442 peculiari
1434 2377 1515 2433 domo,
1534 2379 1576 2429 cni
1592 2377 1707 2443 praelixa
1722 2384 1764 2427 est

400 2449 482 2504 stella,
501 2462 546 2498 seu
558 2447 664 2511 Hylech,
684 2462 758 2512 quem
777 2449 894 2514 angelum
912 2463 958 2498 sen
976 2451 1077 2514 genium
1090 2455 1135 2498 aut
1153 2449 1265 2512 spiritum
1282 2450 1395 2500 nomines
1414 2448 1529 2499 saltem.“

469 2518 511 2569 Sic
530 2532 561 2569 ex
572 2518 588 2569 J
594 2519 707 2567 oannis
726 2519 895 2576 Erichsen,
915 2519 1027 2584 discipuli
1040 2519 1165 2584 quondam
1177 2519 1309 2582 Tychonis,
1329 2520 1480 2585 astrologiae
1493 2518 1627 2570 mnodum
1648 2518 1758 2578 addicti,

397 2591 475 2640 literis
494 2589 582 2640 eadem
600 2589 714 2654 colligere
732 2604 871 2653 possumus,
890 2591 1035 2640 scribentis:
1055 2590 1154 2655 ,Saepe
1171 2591 1230 2639 mihi
1248 2592 1316 2640 venit
1334 2591 1359 2640 in
1378 2599 1495 2647 mentem,
1515 2589 1573 2640 dum
1595 2604 1627 2640 ea
1646 2603 1714 2654 quae
1733 2596 1760 2639 ιο

398 2663 425 2711 iu
444 2662 599 2726 astrologicis
618 2660 780 2711 dissemmun
798 2661 921 2726 quondam
949 2662 1032 2711 audiri
1049 2662 1153 2718 rumino,
1173 2676 1265 2711 numne
1282 2675 1347 2727 quae
1366 2668 1462 2712 veteres
1481 2661 1512 2710 de
1530 2661 1688 2724 planetarum
1713 2660 1764 2710 do·-

398 2733 479 2782 mibus
497 2732 661 2792 tradiderunt,
680 2730 713 2781 ad
730 2732 858 2783 stellarum
876 2734 1038 2782 inerrantium
1055 2735 1128 2797 signa
1145 2734 1237 2795 potius,
1255 2745 1330 2797 quam
1348 2731 1550 2783 dodecatemoria
1568 2733 1695 2797 signorum
1709 2732 1758 2782 cir·

398 2804 447 2853 culi
465 2804 516 2853 sint
533 2802 671 2853 referenda
709 2805 815 2853 arerem
833 2817 864 2853 ex
882 2810 908 2853 te
927 2817 1090 2868 cognoscere,
1117 2804 1204 2868 quibus
1230 2804 1397 2853 fundamentis
1421 2803 1548 2852 domorum
1565 2802 1652 2852 mundi
1677 2802 1759 2868 rigni·

397 2874 476 2924 ficata
493 2876 639 2930 innitantur,
660 2888 703 2923 cnr
720 2875 814 2938 primae
832 2875 892 2934 sita,
912 2874 1038 2924 secundae
1056 2875 1150 2925 lucrum
1169 2871 1213 2923 te.
1234 2876 1285 2923 sint
1306 2875 1435 2929 attributa.
1473 2873 1554 2934 Quam
1572 2873 1669 2931 rehem,
1692 2886 1759 2938 quae

399 2945 430 2995 de
448 2946 623 2996 dimetionibur
641 2947 784 3008 scripseras,
802 2946 951 3009 perlustrare
968 2958 1074 3009 possem,
1095 2945 1115 2994 sl
1127 2946 1165 2994 ita
1182 2946 1227 2994 u'bi
1245 2946 1324 2994 risum
1336 2945 1419 3000 luerit.
1438 2943 1531 2995 Dasidi
1542 2944 1657 2994 Fabricio
1666 2944 1760 2993 eadem

398 3030 481 3081 opera,
500 3018 542 3082 qui
560 3018 586 3066 in
598 3018 733 3081 propinquo
744 3015 786 3066 hic
798 3016 874 3082 degit,
894 3015 1125 3067 communicanda¹⁴
1146 3012 1179 3076 (E
1192 3016 1268 3065 literis
1281 3016 1305 3066 d.
1320 3015 1473 3065 Darentriae
1486 3014 1510 3064 d.
1524 3011 1567 3063 20.
1582 3013 1651 3079 Sept.
1665 3009 1759 3074 1001.)

468 3105 515 3155 His
539 3105 643 3154 undem
669 3105 840 3170 subiungimus
866 3118 910 3165 ea,
934 3118 1000 3169 quae
1027 3104 1150 3168 KepIeras
1176 3119 1221 3168 per
1244 3103 1330 3154 literas
1355 3103 1408 3169 egit
1431 3117 1488 3153 cum
1513 3102 1570 3161 illo,
1595 3116 1669 3167 quem
1697 3101 1761 3152 dioit

399 3176 526 3232 Ericksen,
540 3174 665 3225 Daride
678 3175 841 3230 Fabricio,
860 3176 901 3239 qui
917 3176 981 3225 inter
994 3190 1093 3231 omnes,
1112 3189 1169 3225 cum
1180 3175 1268 3239 quibus
1280 3180 1441 3224 conversatus
1455 3179 1494 3223 est
1505 3172 1637 3237 Keplerus,
1655 3171 1761 3223 maximi

399 3247 485 3296 habuit
503 3246 663 3309 astrologiam
681 3247 879 3310 sententiamque
899 3244 930 3294 de
948 3246 991 3294 illa
1009 3247 1097 3296 mirum
1114 3247 1140 3294 in
1158 3244 1258 3294 modum
1272 3244 1383 3309 Keplero
1403 3246 1512 3295 salonit.
1548 3242 1638 3294 Insunt
1649 3242 1760 3293 Fabricii

398 3319 486 3366 literae
504 3314 654 3380 Keplerique
672 3317 857 3378 responsionum
875 3314 1019 3364 adversaria
1036 3315 1075 3365 sei
1093 3315 1246 3378 exemplaria
1263 3330 1307 3379 per
1325 3329 1492 3377 amanuenses
1510 3314 1613 3379 Kepleri
1632 3314 1760 3379 descripta

399 3385 475 3452 (quod
494 3386 556 3435 iorte
569 3385 625 3436 Ursi
643 3385 814 3435 immodestiae
832 3385 996 3435 tribuendum.
1027 3385 1089 3435 Vide
1102 3399 1212 3450 suprap.
1227 3381 1301 3447 204.)
1315 3386 1431 3437 volumini
1443 3386 1548 3437 xsslisa
1559 3385 1759 3450 Patrcpoiitano·

397 3474 459 3509 rum
478 3456 560 3506 Minna
570 3458 700 3521 perspicua
708 3456 815 3507 Fabricii
825 3457 1060 3521 amanuensiumque
1069 3456 1172 3520 Kepieri
1180 3470 1269 3507 manus
1278 3471 1323 3507 sen
1332 3458 1431 3508 inscitia
1439 3456 1528 3507 horam
1537 3471 1583 3507 seu
1591 3456 1759 3522 negligentia,

398 3528 524 3579 difficilem
542 3541 598 3577 eam
616 3528 714 3591 saepius
732 3527 845 3576 iecerunt
863 3528 994 3590 explicatu.
1031 3527 1137 3577 Fabricii
1155 3528 1277 3578 scribendi
1289 3529 1361 3586 ratio,
1381 3542 1439 3593 qua,
1459 3528 1577 3594 quidquid
1590 3528 1617 3577 ln
1631 3528 1760 3578 adamum

398 3601 502 3653 reniret.
520 3598 598 3649 literis
616 3598 762 3656 mandabat,
781 3596 917 3662 Keplerum
931 3600 1014 3659 movit,
1034 3605 1063 3648 nt
1075 3599 1182 3665 singula,
1201 3599 1234 3648 ad
1253 3613 1317 3664 quae
1330 3600 1503 3663 respondebat,
1520 3599 1629 3649 numeris
1641 3603 1758 3653 notaretr

399 3686 444 3721 nos
462 3684 519 3719 sero
538 3676 619 3719 ratum
636 3669 776 3725 habuimus,
795 3670 898 3737 magum
910 3669 1016 3720 Fabricii
1034 3671 1218 3735 quaestionibus
1229 3671 1460 3734 exceptionibnsque
1477 3672 1586 3734 proxime
1605 3669 1759 3735 subjungere

398 3741 502 3807 Kepleri
519 3754 646 3805 responsa,
664 3741 740 3805 ipsius
758 3742 838 3791 secuti
855 3740 955 3791 modum
972 3736 1084 3805 Kepleri,
1102 3756 1149 3807 quo
1167 3755 1226 3791 usus
1245 3749 1283 3792 est
1300 3743 1326 3791 in
1347 3740 1462 3806 ,Eclogis
1481 3738 1634 3790 chronicis.“

470 3832 511 3883 De
523 3830 629 3882 Fabricii
647 3833 700 3881 sita
715 3829 780 3883 haec
798 3830 869 3881 nobis
887 3831 1024 3881 innotuere.
1062 3828 1144 3881 Natus
1162 3836 1202 3880 est
1220 3844 1285 3879 anno
1306 3825 1374 3878 icti
1387 3829 1486 3880 Easnae
1502 3829 1598 3878 hhlslae
1615 3827 1757 3883 samuhel
1793 3884 1797 3893 ,

400 3908 478 3957 literis
497 3904 575 3954 sacris
594 3916 694 3967 operam
713 3902 799 3960 dabat,
818 3916 866 3951 nec
884 3915 935 3950 non
954 3901 1158 3951 mathematicam
1178 3901 1402 3966 astronomiamque
1421 3899 1527 3950 colebat
1564 3898 1757 3949 hobsenatio·

401 3979 472 4028 nibus
491 3974 618 4025 steilmm
637 3971 783 4030 excellebat,
803 3986 901 4022 omnem
919 3972 1066 4022 industriam
1084 3979 1112 4022 et
1129 3971 1292 4021 subtilitatem
1310 3971 1445 4029 adhibens,
1464 3971 1569 4035 aueum
1586 3970 1654 4019 visus
1670 3970 1757 4035 anga-

400 4049 445 4099 lari
463 4045 603 4111 praeditus,
622 4045 660 4093 ita
677 4050 706 4093 ut
723 4044 846 4108 KepIerus
865 4057 921 4092 enm
940 4043 1052 4106 Τγοιιοιιί
1071 4048 1234 4106 compararet,
1253 4041 1354 4093 dicem
1381 4043 1434 4100 ,vir
1450 4041 1509 4090 talis
1531 4040 1559 4090 in
1577 4038 1758 4092 οιιιοιιοιιιὶοὶι

400 4130 581 4183 percoquam,
607 4122 664 4178 post
681 4114 829 4164 emtinctam
853 4128 910 4163 cum
928 4120 1031 4164 auctore
1048 4112 1147 4164 Braheo
1166 4112 1322 4177 diligendam
1346 4112 1493 4162 observandi
1516 4111 1652 4171 coelestst,
1677 4109 1758 4159 omnis

390 4196 452 4240 atat
469 4190 495 4237 in
514 4185 665 4236 observando
684 4186 845 4236 auctoritas“.
882 4183 949 4245 (Lib.
966 4185 1000 4234 'de
1019 4183 1098 4234 Stella
1114 4195 1180 4232 nora
1198 4196 1254 4247 cap.
1273 4181 1343 4245 xu.)
1380 4183 1484 4247 Kepleri
1509 4182 1637 4246 ingenium
1655 4178 1758 4230 marini

399 4260 494 4311 habens
512 4257 673 4306 libentissime
692 4256 810 4306 audiebat
827 4261 978 4313 monentem,
999 4260 1101 4318 paratas
1122 4267 1220 4318 semper
1240 4254 1274 4303 ad
1286 4254 1368 4305 officia
1386 4266 1443 4303 suar
1455 4252 1624 4303 munemita
1640 4257 1694 4301 tu
1707 4249 1759 4301 sta

400 4333 447 4395 ipsi
465 4344 483 4379 a
500 4327 609 4393 Keplero
626 4327 749 4377 mandata
765 4326 925 4390 perficienda.
962 4326 1069 4376 Sosteas
1086 4330 1172 4374 autem
1189 4326 1362 4388 superstltlone
1381 4323 1530 4389 mehgiae
1546 4322 1651 4372 nimium
1663 4321 1756 4371 uibar·

401 4403 460 4459 batt
477 4399 570 4463 judicio
588 4397 717 4448 imbecillis
734 4398 760 4446 in
778 4398 880 4447 minutis
898 4398 1050 4454 senabatur,
1069 4395 1183 4461 graviora
1200 4409 1251 4445 non
1267 4395 1423 4461 intelligebat
1434 4393 1586 4458 Kepleriqne
1598 4392 1757 4442 selom

405 4473 584 4537 cogitationum
603 4474 630 4519 et
647 4469 827 4519 sententiarum
845 4469 992 4518 varietatem
1010 4481 1061 4516 non
1080 4472 1209 4517 necuim
1227 4471 1279 4523 sstr
1303 4465 1456 4530 opinionibus
1473 4463 1651 4529 praejudicatis
1667 4462 1758 4512 dm

403 4558 436 4593 ne
455 4555 531 4593 ausus
549 4539 648 4605 quidem
666 4545 705 4590 est
723 4538 849 4590 ἀιιοοιιοιο
868 4552 885 4589 a
902 4535 1046 4588 Ptolemaeo
1065 4543 1110 4587 aut
1126 4539 1196 4601 sequi
1215 4535 1344 4600 Gopsrnioi
1362 4537 1393 4586 ds
1412 4535 1503 4585 mundo
1521 4536 1652 4590 ratim
1670 4544 1758 4597 qam·

403 4628 478 4679 quam
496 4611 640 4675 saepissime
658 4611 778 4660 inclutus
797 4623 814 4660 a
831 4609 948 4673 Kepiero.
987 4607 1042 4669 Quo
1059 4614 1170 4672 tempore
1188 4608 1345 4657 mmihasitas
1362 4607 1411 4671 ipsi
1422 4619 1479 4656 cnm
1490 4605 1600 4669 Keplero
1616 4601 1757 4654 tunsus

403 4686 456 4739 bat,
473 4683 580 4747 pastoris
597 4695 700 4731 manere
718 4680 869 4745 tangebatur
880 4678 1061 4730 Bestsahariae
1079 4679 1173 4729 i'rlsiu
1191 4678 1326 4739 orienmits,
1345 4676 1436 4727 dunis
1447 4673 1544 4739 (root)
1555 4677 1674 4731 Annene,
1691 4671 1758 4722 nude

400 4756 469 4807 breri
494 4754 541 4812 ,ob
558 4752 650 4804 bellam
667 4753 694 4801 in
711 4752 791 4801 Frisia
815 4757 913 4817 gestum
940 4750 1056 4815 migrarit
1073 4746 1208 4807 Esem‘,
1234 4750 1277 4799 ubl
1302 4764 1361 4813 ,pre
1386 4754 1497 4811 tempore
1520 4746 1638 4811 principia
1663 4743 1758 4794 asilus

402 4826 563 4877 conuonator
578 4824 658 4875 habet
672 4822 777 4872 liberam
794 4823 821 4871 in
838 4835 898 4873 arcs
914 4819 1054 4879 memm‘.
1078 4820 1183 4886 (idque
1201 4818 1303 4871 Ostelas
1321 4814 1416 4881 (1004)
1436 4817 1617 4870 commu
1634 4814 1756 4882 mah·

401 4902 443 4950 tur
459 4908 570 4948 manue.
