3814 5818
405 353 472 422 att
950 347 1213 415 omassum

405 515 487 580 Solis
505 514 546 576 ad
567 515 681 576 Lunae·
695 510 928 592 proportionem,
953 524 1030 589 quse
1053 515 1102 570 est
1125 505 1221 583 ert,
1246 506 1556 584 Aristarchumrero,
1581 509 1632 590 qul
1654 509 1764 573 eudem

405 624 472 668 oum
494 602 632 667 Philoleo
654 598 806 681 principia·
822 599 1021 679 sequebatur,
1046 597 1153 668 aliam,
1177 614 1223 660 sc.
1248 596 1310 659 lere
1333 616 1410 677 quae
1433 606 1483 660 est
1506 598 1585 661 inter
1607 595 1646 661 tt
1674 606 1708 660 et
1734 597 1763 662 1.

405 693 543 765 Quorum
562 691 637 752 illud
661 691 748 768 louge
772 696 821 749 est
843 708 863 748 a
885 688 1015 749 ueritate
1039 685 1183 761 ahenum,
1207 684 1265 749 hoc
1288 686 1316 748 ei
1338 686 1516 766 proximam.
1561 687 1671 766 raquo
1697 705 1765 751 eam

405 782 532 862 quisquo
554 778 697 858 privatim
725 776 933 858 hypothesium
965 775 1115 839 radonem
1137 781 1189 839 eat
1214 782 1349 848 secutus,
1384 790 1474 854 quarn
1496 776 1545 838 vel
1574 775 1765 855 praeceptori

407 889 462 932 suo
486 876 643 947 acceptam
667 866 753 938 tulit,
786 866 835 926 vel
858 864 992 946 physicis
1016 862 1183 924 rationibus
1208 870 1443 927 consentaneam
1466 864 1599 937 censuit,
1629 864 1679 925 uel
1706 864 1765 925 de·

407 956 677 1025 monstrationibus
701 954 763 1017 suis
787 953 976 1032 aptissimam
1001 960 1143 1031 expertus
1167 958 1229 1012 est:
1255 951 1338 1015 nulla
1359 971 1440 1027 vero,
1464 953 1510 1015 ita
1528 961 1563 1016 ut
1575 951 1673 1015 Ursus
1686 953 1764 1026 uult,

407 1045 524 1128 publice
547 1043 676 1106 invaluit
698 1050 751 1105 aut
774 1042 940 1104 solenniter
962 1040 1135 1103 introducta
1157 1039 1215 1101 luit
1237 1039 1448 1121 hypothesium
1470 1042 1576 1105 torua.

497 1133 627 1213 Jamque
662 1132 786 1194 taudem
810 1131 849 1193 ad
882 1130 1030 1192 celebrem
1059 1128 1144 1191 illum
1165 1127 1425 1193 Aristarchum
1455 1128 1614 1195 Samium
1643 1135 1765 1206 tempo-

407 1242 475 1287 rum
497 1222 570 1284 ordo
591 1239 647 1282 nos
671 1218 806 1295 deducit,
831 1219 916 1299 enjus
939 1237 1014 1298 quas
1037 1223 1177 1279 recenset
1199 1216 1397 1279 Archimedes
1421 1218 1623 1300 hypotheses,
1644 1216 1766 1298 Pytna·

408 1329 584 1392 goraeorum
608 1317 639 1370 et
662 1308 791 1370 Philolai
814 1325 930 1387 quoqne
954 1306 1048 1368 fuisse
1072 1312 1144 1368 ante
1167 1304 1340 1375 Platonem,
1359 1306 1424 1385 jarn
1448 1313 1501 1369 sat
1522 1304 1609 1369 nobie
1632 1310 1765 1369 corrue

408 1398 659 1463 Aceommodauit
680 1396 732 1458 ille
756 1396 875 1477 quidem
897 1412 1066 1457 sermonem
1098 1412 1185 1457 suum
1208 1393 1535 1469 demonstrationibus,
1569 1401 1601 1459 ot
1622 1392 1767 1457 circulum

407 1506 466 1569 quo
489 1487 583 1549 Terra
609 1484 741 1547 soluitur
771 1485 847 1547 dixit
879 1503 946 1545 eam
978 1484 1089 1546 habero
1123 1481 1347 1562 proportionem
1369 1483 1410 1545 ad
1430 1483 1526 1557 fixas,
1560 1502 1649 1562 quam
1673 1481 1768 1545 habet

407 1585 543 1639 centrum
574 1575 612 1636 ad
645 1573 925 1637 circumferentiam.
972 1570 1062 1644 Quod
1093 1571 1248 1650 explicans
1281 1571 1482 1635 Archimedes
1512 1572 1620 1637 iisdem
1652 1587 1766 1649 propa·

406 1665 525 1727 modum
547 1663 649 1725 verbis
671 1662 776 1737 utitur,
800 1662 906 1742 quibus
930 1680 1023 1740 supra
1037 1658 1242 1741 Pythagoraei
1265 1678 1351 1722 suam
1371 1661 1451 1740 apud
1465 1659 1665 1725 Aristotelem
1678 1674 1766 1721 mon-

405 1763 467 1816 tem
494 1752 738 1832 explicuverant:
773 1751 851 1831 quod
879 1750 1099 1830 deprehendet,
1133 1748 1183 1828 qni
1215 1747 1351 1811 conferre
1383 1757 1510 1829 nmapue
1533 1748 1626 1811 volet.
1672 1747 1766 1827 quue

405 1851 454 1906 est
476 1841 556 1922 quod
577 1848 666 1902 tante
689 1841 787 1918 magis
810 1840 981 1911 confirmat,
1015 1838 1094 1917 qnod
1117 1854 1208 1916 supra
1231 1837 1353 1916 saepius
1376 1837 1518 1901 iteratum
1542 1844 1608 1910 est,
1635 1836 1767 1901 uadem

405 1930 541 2009 rumque
564 1936 596 1991 et
617 1928 840 2010 Pythagoraeis
863 1935 895 1990 et
916 1926 1097 1989 Aristarcho
1120 1925 1215 1987 fuisse
1238 1926 1432 2007 hypotheses
1482 1924 1629 1996 Quamois
1652 1923 1766 1991 Archi·

405 2019 502 2082 medis
526 2018 563 2078 ds
586 2016 759 2079 Aristarchi
790 2035 882 2077 sensu
903 2016 1078 2095 conjectura
1109 2013 1244 2077 uounihil
1271 2014 1420 2094 impingit.
1465 2011 1544 2077 Vult
1566 2013 1767 2079 Archimedes

387 2107 451 2172 ⁴sic
473 2105 701 2183 intelligendum
718 2104 940 2176 Aristarchum,
964 2122 1041 2184 qnae
1065 2102 1106 2164 sit
1127 2102 1281 2183 pmportio
1300 2103 1413 2167 Terrae
1436 2103 1475 2165 ad
1496 2103 1659 2183 sphaeram
1674 2100 1768 2176 Solis,

408 2193 534 2257 eandem
564 2212 632 2256 esse
655 2193 802 2274 sphaerae
827 2191 909 2255 Solis
933 2193 1002 2265 (sen
1024 2193 1152 2265 Terrae)
1185 2192 1225 2255 ad
1248 2192 1407 2272 sphaeram
1429 2192 1565 2255 tuarum
1612 2190 1658 2255 At
1692 2190 1768 2255 haee

391 2284 506 2345 *adhuc
528 2281 683 2361 proportio
705 2300 766 2343 nou
783 2280 1081 2343 sufficitAristamhi
1096 2279 1413 2345 demonstrationibus.
1458 2279 1539 2343 Nam
1562 2279 1607 2342 its
1629 2286 1767 2343 oetaeu-

407 2372 494 2432 aibne
518 2368 794 2448 comprehensibilis
808 2369 920 2433 Terrae
943 2371 982 2432 ad
1005 2369 1166 2448 sphaeram
1180 2366 1263 2431 Solle
1281 2368 1445 2449 proportio,
1470 2375 1504 2430 ut
1521 2366 1692 2448 parallaxin
1706 2365 1769 2431 So·

407 2460 446 2521 lis
465 2459 656 2520 minutorum
684 2458 800 2538 aliquot
827 2459 950 2522 efficiat.
1006 2458 1145 2523 Totidem
1174 2456 1265 2537 igitur
1292 2456 1472 2521 minutorum
1498 2456 1666 2537 marture
1689 2455 1770 2521 iuter

406 2548 485 2610 lixas
509 2555 542 2609 et
565 2547 726 2626 sphaeram
749 2565 809 2626 qua
827 2546 930 2610 'lellus
954 2546 1085 2609 volvitur
1106 2546 1317 2607 intercederet.
1363 2545 1409 2608 At
1426 2544 1623 2609 Aristarchus
1650 2562 1769 2609 omnem

407 2637 500 2717 plane
523 2653 645 2697 sensum
678 2635 827 2713 excindit,
860 2637 930 2698 dum
957 2635 1104 2697 infinitam
1133 2634 1233 2714 quoad
1260 2652 1381 2697 sonsum
1412 2633 1638 2714 proportionem
1668 2633 1767 2695 intre-

408 2724 502 2788 ducta
550 2722 613 2786 Sed
646 2723 721 2785 haec
744 2723 853 2786 obiter.
897 2725 968 2787 Nou
991 2731 1042 2786 est
1073 2730 1173 2785 autem
1197 2721 1328 2802 imponis
1354 2722 1494 2789 habenda
1517 2721 1589 2786 Ursi
1618 2720 1768 2787 dubitatio

407 2814 573 2875 docetote
605 2831 665 2892 qus
693 2812 803 2874 claruit
826 2812 1039 2884 Aristarchus,
1073 2830 1125 2885 no,
1159 2811 1208 2891 qni
1241 2810 1341 2873 sciunt
1364 2810 1475 2875 Ursum
1507 2811 1601 2875 otiam
1632 2809 1768 2875 historiis

406 2918 532 2981 operam
555 2900 684 2976 dedisse,
698 2912 776 2962 vcurn
799 2902 865 2980 ipso
888 2901 967 2964 citra
989 2918 1111 2963 causam
1134 2898 1331 2963 dubitandum
1354 2899 1411 2961 sibi
1431 2899 1615 2963 existiment.
1657 2897 1768 2973 Dubio,
1828 2958 1836 2969 ,

406 2992 539 3069 mquam,
566 2990 660 3052 Ursus
686 2989 898 3052 Aristarchum
920 2989 1015 3052 refert
1036 2989 1101 3051 eive
1125 2988 1181 3051 sub
1204 2987 1411 3050 Ptolemaeum
1434 2988 1678 3067 Philadelphum,
1703 2987 1769 3049 siue

406 3076 463 3141 sub
487 3078 730 3140 Philometorem.
779 3077 983 3140 Intolerabilis
1006 3076 1197 3150 incertitudo,
1222 3076 1341 3139 cumbi
1365 3074 1386 3140 2
1406 3094 1494 3154 reges
1521 3073 1584 3141 100
1607 3074 1695 3141 anuis
1718 3075 1768 3141 iu-

408 3166 506 3228 dcem
537 3165 660 3227 distent
715 3166 761 3227 At
792 3166 891 3228 facilis
927 3166 1012 3228 labor
1043 3166 1121 3227 hane
1152 3164 1372 3229 dubitationem
1409 3164 1546 3229 tollendi.
1597 3162 1768 3249 suasura·

408 3253 598 3332 expugnavit
620 3252 793 3326 Marcellus,
819 3256 923 3315 consul
946 3253 1110 3326 Romanus,
1136 3272 1213 3315 auno
1238 3251 1268 3318 9.
1295 3253 1461 3317 Ptolemaei
1483 3252 1707 3334 Philopatorist
1731 3271 1770 3317 eo

409 3342 440 3403 in
473 3341 694 3420 expugnatione
725 3340 925 3403 Archimedes
962 3340 1139 3404 interfectus
1172 3349 1228 3403 est
1284 3341 1415 3423 Scripsit
1445 3343 1537 3423 igitur
1568 3341 1704 3409 libellum
1730 3341 1768 3405 de
1904 3332 1905 3347 ¹

409 3446 520 3490 menae
543 3447 681 3499 numero,
711 3429 741 3488 in
767 3447 824 3509 quo
848 3429 885 3492 de
909 3429 1080 3491 Aristarchi
1102 3429 1320 3511 hypothesibus
1351 3439 1472 3505 nouat,
1506 3439 1577 3493 aute
1601 3426 1632 3495 9.
1657 3449 1768 3495 mcum

410 3514 615 3594 Philopatoris
622 3535 631 3589 ;
655 3522 687 3577 et
709 3517 788 3577 forte
810 3517 866 3579 snb
889 3517 977 3581 linem
999 3517 1116 3597 imperii
1138 3518 1313 3598 Euergetis,
1330 3528 1430 3601 'quem
1451 3520 1588 3600 proxim
1608 3518 1768 3583 Philadel-

409 3604 488 3683 phus
512 3603 688 3665 antecessit.
735 3603 778 3665 At
792 3605 979 3686 Philopatori
993 3606 1176 3687 Epiphanes,
1202 3617 1234 3670 et
1256 3608 1324 3671 hnic
1347 3608 1466 3671 demum
1489 3608 1674 3673 Philometor
1697 3626 1769 3677 stt·

408 3691 513 3755 cessit
560 3692 610 3754 Ita
623 3692 785 3768 coniicitur,
809 3693 1029 3770 Aristarchum,
1054 3697 1137 3777 cujus
1153 3697 1245 3760 libros
1258 3696 1459 3761 Archimedes
1478 3697 1563 3775 legit,
1586 3696 1644 3759 sub
1658 3694 1767 3759 Phila·

410 3779 520 3861 delpho
535 3781 690 3854 claruisse,
710 3800 765 3843 nee
782 3781 845 3845 ulla
859 3800 953 3845 causa
976 3785 1012 3845 de
1025 3784 1229 3848 Philometore
1250 3785 1435 3865 suspicandi.
1463 3785 1577 3849 *Habet
1590 3783 1769 3853 homocum

410 3869 665 3932 confirmationem
678 3870 854 3933 historicus:
878 3873 985 3935 audiat
1003 3874 1236 3937 uuonomoam
1250 3881 1457 3948 mmouomus,
1493 3873 1679 3937 Obseruauit
1690 3872 1768 3935 Ari-

409 3958 550 4020 starchus
583 3959 731 4020 aestivale
764 3959 927 4022 solstitium
962 3969 1084 4024 anctore
1115 3962 1305 4043 Hipparcho,
1339 3973 1373 4027 ut
1405 3963 1485 4027 Ptol.
1519 3964 1571 4027 Ill.
1607 3960 1635 4025 1.
1663 3965 1768 4037 refert,

410 4064 489 4107 anae
512 4043 566 4113 50.
591 4046 704 4125 primae
725 4047 842 4127 periodi
865 4047 1042 4131 Callipicae.
1088 4052 1121 4114 Ia
1143 4051 1202 4113 init
1224 4070 1319 4114 aunns
1342 4048 1374 4116 6.
1399 4052 1600 4132 Philadelphi.

501 4134 561 4196 Tot
589 4135 756 4197 nominibus
788 4138 819 4198 in
848 4137 973 4201 historia
1001 4158 1057 4201 sna
1088 4139 1254 4220 impingens
1283 4140 1380 4203 Ursus
1411 4141 1522 4205 malum
1550 4139 1673 4219 insuper
1704 4140 1772 4219 agit

408 4223 605 4302 interpretem
627 4223 799 4287 Aristarchi
822 4234 854 4287 et
877 4224 1055 4308 Oopemioi,
1080 4237 1112 4291 et
1133 4229 1313 4311 imputatam
1336 4230 1404 4293 aliis
1426 4228 1457 4293 lu
1481 4227 1649 4310 Oopernieo
1671 4229 1767 4293 iutel-

410 4311 532 4390 ligendo
564 4311 743 4374 tarditatem
769 4313 799 4375 iu
823 4333 856 4375 se
880 4317 1041 4378 manifeste
1068 4318 1229 4381 transfert:
1264 4318 1347 4393 dum,
1381 4338 1469 4400 qnam
1492 4317 1678 4397 Copernicus
1700 4317 1770 4383 tait

411 4400 534 4461 Terreni
559 4400 624 4480 (qui
639 4401 690 4461 axi
708 4401 937 4481 aequinoctialis
951 4407 1129 4483 respondet)
1153 4406 1380 4471 inclinationem
1403 4409 1442 4470 ad
1465 4407 1588 4488 planum
1609 4405 1770 4486 eclipticas

412 4488 539 4563 statuit,
564 4488 647 4555 hauc
666 4488 716 4552 ille
740 4490 929 4555 notationem
950 4494 1030 4557 inter
1052 4494 1208 4573 planetas,
1237 4496 1277 4557 ad
1299 4496 1398 4559 instar
1419 4496 1506 4561 navis
1529 4496 1560 4559 iu
1583 4493 1672 4569 mari,
1707 4495 1770 4575 jan

408 4575 441 4636 in
467 4594 604 4655 proram,
624 4577 688 4656 jam
712 4579 742 4640 iu
764 4579 888 4659 puppim
910 4581 1124 4657 incumbentis,
1157 4583 1383 4664 interpretatur.
1431 4584 1476 4647 At
1506 4591 1574 4649 toto
1596 4583 1681 4649 coslo
1706 4582 1772 4647 Gor·

411 4665 573 4741 pomioano
597 4666 728 4729 aberrat
775 4668 854 4730 Nam
878 4670 936 4732 etsi
960 4671 1027 4733 axis
1042 4670 1153 4735 Terrae
1176 4672 1206 4734 in
1224 4672 1368 4737 solstitiis
1390 4673 1510 4737 melinis
1523 4680 1573 4737 est
1595 4672 1636 4737 ad
1658 4672 1770 4737 lineam

412 4771 429 4813 e
452 4750 525 4816 Sole
547 4753 579 4817 iu
603 4762 737 4818 centrum
753 4757 864 4820 Terrae
888 4760 1020 4832 ductam,
1042 4759 1073 4821 iu
1097 4759 1295 4842 aequinoctiis
1310 4780 1384 4825 uero
1405 4771 1506 4826 rectos
1529 4780 1595 4827 cum
1617 4781 1657 4827 ea
1677 4761 1773 4829 amet

411 4843 558 4924 angulos:
590 4861 650 4905 non
679 4851 782 4907 tumen
802 4844 835 4909 id
858 4847 894 4909 fit
915 4856 1028 4910 amatu
1050 4850 1101 4913 vel
1127 4849 1260 4928 abortu,
1294 4850 1347 4913 sed
1375 4852 1410 4915 tit
1440 4849 1642 4917 translatione
1672 4851 1770 4919 antri
