3788 5828
909 342 1033 406 Mysterii,
1042 343 1241 410 cmnagsaphiei

607 502 774 567 Adamides
800 522 897 564 rerum
921 522 1008 569 curas
1033 504 1150 583 agitare
1174 504 1319 569 suarum?

607 590 746 672 Respicis
770 593 964 667 immeritum,
990 593 1073 655 veliis
1097 594 1127 654 in
1151 593 1294 664 sublime,
1317 593 1450 657 Deorum

607 681 736 743 Tantum
760 701 818 742 non
842 700 936 760 genus
961 690 1022 755 est,
1047 691 1150 743 tantos
1175 683 1294 762 largiris
1319 683 1459 754 honores,

607 769 858 850 Magnificumque
883 780 976 850 caput
998 771 1093 849 cingis
1118 770 1304 845 diedemate,
1329 771 1446 849 Regem

607 858 834 940 Constituisque
857 878 948 938 super
970 878 1111 922 mannum
1135 868 1327 923 monumenta
1349 867 1487 922 tuarum.-

608 947 697 1018 Quod
721 968 812 1028 supra
835 956 927 1027 caput
951 958 1012 1023 eat,
1037 968 1162 1025 magnos
1186 968 1252 1012 eum
1275 949 1404 1011 motibus
1428 950 1530 1026 orbes,

607 1035 738 1116 Subjieis
762 1038 901 1117 ingenio:
928 1037 1065 1119 quioquid
1090 1039 1209 1101 Tellure
1233 1046 1366 1110 creatur,

605 1126 720 1188 Natum
743 1127 842 1206 operis
865 1145 956 1206 pecus
982 1137 1072 1208 atque
1096 1127 1157 1188 eris
1182 1127 1366 1189 fumantibus
1390 1134 1507 1206 aptum,

606 1213 750 1295 Quaeque
774 1215 916 1277 habitant
938 1216 1032 1277 silvas
1055 1217 1237 1296 reliquarum
1260 1217 1364 1278 saecla
1388 1216 1534 1291 ferarum,

606 1300 753 1384 Quodque
776 1323 886 1384 genus,
912 1306 1062 1378 volucres,
1089 1306 1205 1369 levibus
1230 1306 1302 1368 ierit
1325 1307 1542 1384 arrapennis,

606 1389 723 1471 Quique
747 1393 840 1454 maris
865 1402 982 1455 tractus
1005 1401 1129 1457 tranant
1152 1388 1186 1456 ει
1208 1395 1344 1474 flumina,
1367 1395 1501 1473 pisces,·

607 1478 705 1543 Omns
720 1483 814 1562 jnbes
838 1500 972 1561 premere
997 1483 1120 1562 imperio
1145 1484 1311 1563 dextraque
1335 1483 1463 1562 potenti.

649 1638 730 1702 Jove
753 1648 838 1704 sator
860 1641 979 1715 Mundi,
1004 1651 1197 1723 nostrumque
1221 1651 1348 1705 aeterna
1370 1650 1510 1722 potestas

606 1726 729 1800 Quanta
751 1737 805 1792 lua
829 1739 877 1793 est
900 1750 1017 1793 omnem
1041 1733 1198 1795 Terrarum
1224 1731 1305 1793 fama
1328 1750 1381 1812 per
1405 1729 1528 1795 orbem?

730 1993 774 2061 IN
798 1993 939 2061 CAPUT
961 1994 1202 2060 VIOESIMUM
1224 1992 1413 2061 TERTIUM

920 2122 1034 2174 NOTAE
1052 2119 1230 2178 suduosis.

472 2221 505 2295 a)
524 2226 586 2282 Non
610 2234 701 2283 nmen
725 2229 820 2284 statim
845 2232 879 2284 de
903 2230 1096 2301 conjunctione
1120 2229 1238 2284 omnium
1260 2231 1437 2299 planetarum
1461 2229 1513 2282 sub
1532 2229 1628 2282 eodem
1651 2226 1756 2280 aodiaei
1792 2250 1795 2263 ·

393 2305 484 2377 pedu
498 2308 660 2364 mneludere
675 2323 832 2379 possumus:
857 2311 965 2375 sufficit,
990 2310 1015 2365 si
1028 2311 1129 2365 saltem
1148 2311 1177 2363 in
1190 2322 1295 2381 genere
1313 2310 1398 2364 tuerit
1412 2310 1508 2379 aliqua
1528 2306 1690 2362 harmonica
1702 2306 1756 2360 dis·

393 2385 495 2456 weitin
516 2392 546 2441 ει
566 2387 671 2444 zodiaci
690 2406 741 2459 per
760 2391 891 2459 planetes
912 2391 1018 2454 divisio,
1041 2391 1137 2446 sinon
1157 2408 1194 2445 ex
1209 2392 1320 2453 Terrae,
1342 2396 1374 2444 at
1392 2390 1493 2444 saltem
1512 2404 1549 2442 ex
1563 2387 1636 2443 Solis
1651 2392 1755 2450 οειιιιο,

394 2465 456 2519 ride
470 2467 565 2521 Harm.
580 2469 630 2526 lib.
646 2470 692 2523 IV.
708 2486 770 2539 cap.
787 2470 813 2524 2.
829 2477 859 2525 et
874 2471 900 2525 3.

353 2546 356 2555 ’
474 2542 504 2611 b)
526 2548 588 2603 Non
611 2550 716 2605 tolerat
729 2551 908 2616 aemonensis,
934 2551 1081 2622 supposita
1103 2550 1278 2620 periodorum
1296 2548 1508 2621 aequabilitate,
1532 2554 1564 2602 ιιι
1578 2545 1754 2603 constellatio

394 2627 464 2681 haec
477 2628 637 2698 perficiatur
651 2632 739 2701 adque
753 2648 857 2686 meram
871 2631 1059 2687 harmonicam
1073 2630 1279 2700 dispositionem
1292 2630 1447 2701 redigatur.

474 2703 502 2774 c)
526 2708 585 2762 Nec
606 2710 659 2764 hoc
682 2711 876 2775 necessarium,
900 2730 951 2766 nec
973 2710 1127 2767 auctoritas
1142 2718 1267 2765 veterum
1291 2710 1380 2782 rigide
1401 2711 1529 2779 urgenda
1548 2711 1582 2762 de
1597 2706 1753 2762 creatione:

393 2787 486 2858 potuit
504 2789 575 2842 enirn
597 2791 707 2862 frugum
729 2799 879 2862 proventus
900 2790 965 2859 (non
987 2791 1135 2846 creationis
1157 2784 1303 2859 memoria)
1318 2806 1430 2844 causam
1452 2790 1527 2857 dare,
1552 2805 1600 2842 our
1615 2786 1679 2841 enni
1694 2787 1753 2841 finis

394 2875 540 2923 autumnus
564 2870 725 2925 haberetur.
1704 2868 1707 2875 ’

474 2944 503 3014 d)
528 2950 598 3012 Quid
613 2951 635 3005 si
650 2968 684 3005 ne
699 2950 752 3005 hoe
766 2950 890 3023 quidem?
914 2954 977 3024 quid
997 2953 1020 3007 si
1035 2971 1088 3007 non
1105 2952 1131 3006 in
1146 2952 1286 3007 absidibus
1306 2950 1394 3005 creati
1408 2949 1548 3019 planetes,
1572 2955 1605 3001 ut
1618 2947 1648 3000 in
1661 2952 1755 3001 extre·

393 3028 452 3091 mis,
466 3029 514 3084 nbi
529 3032 660 3102 aequatio
673 3033 761 3094 nulla,
777 3034 824 3086 sed
839 3033 867 3086 in
880 3033 1029 3088 intervallo
1044 3033 1140 3097 medio,
1155 3034 1202 3088 ubi
1218 3031 1349 3102 aequatio
1364 3029 1508 3084 maximat
1542 3026 1640 3099 ltaque
1659 3040 1755 3098 super-

392 3115 438 3163 est
451 3111 615 3165 exercitatio
637 3112 694 3166 ista
716 3113 861 3182 preposite
884 3115 1008 3168 omnibus
1031 3115 1249 3169 calculatoribus
1268 3109 1467 3172 astronmieis,
1492 3114 1522 3162 et
1540 3110 1626 3178 plena
1648 3107 1755 3178 quidem

393 3189 458 3260 piae
481 3191 669 3260 persuasionis
692 3195 726 3246 de
750 3198 812 3246 ortu
833 3194 972 3262 temporis.
1015 3194 1180 3248 Maesulinus
1204 3195 1300 3263 aliqua
1322 3192 1450 3245 tentavit.
1492 3189 1594 3259 Accipe
1618 3195 1649 3242 et
1672 3204 1690 3241 a
1712 3205 1754 3241 me

394 3269 486 3332 aliam,
511 3271 558 3324 ubi
581 3289 618 3325 ex
632 3278 728 3327 centro
742 3270 814 3326 Solis
838 3273 930 3327 omnia
952 3275 980 3328 in
995 3273 1062 3326 locis
1081 3274 1216 3345 oppositis
1240 3281 1270 3327 et
1283 3273 1435 3342 quadratis,
1459 3276 1490 3323 et
1512 3269 1621 3339 punctis
1645 3268 1753 3339 quidem

395 3350 593 3406 cardinalibus.
1130 3379 1132 3382 <

475 3430 609 3485 Currente
631 3438 696 3486 ante
720 3444 815 3483 aeram
837 3439 959 3484 nostram
980 3431 1125 3502 vulgarem
1147 3448 1219 3489 anno
1235 3430 1312 3487 3993
1326 3432 1439 3487 Juliana
1462 3436 1537 3486 retro
1558 3435 1687 3491 extenso,
1712 3427 1755 3480 die

395 3509 442 3564 24.
456 3510 523 3564 Julii
545 3512 579 3565 ad
594 3525 738 3581 vesperam
760 3508 915 3578 incipiente*
930 3509 958 3563 in
973 3510 1117 3569 Chaldaea
1139 3512 1210 3568 feria
1224 3514 1352 3577 secunda,
1373 3513 1421 3566 Sol
1435 3518 1465 3567 et
1477 3512 1558 3565 Luna
1579 3509 1607 3562 in
1622 3507 1756 3578 principio

394 3590 486 3644 cancri
500 3607 587 3661 prope
602 3608 648 3645 cor
663 3589 759 3653 leonis,
785 3606 877 3643 omnes
891 3590 988 3644 Lunae
1010 3599 1100 3647 motus
1123 3594 1150 3648 in
1166 3592 1365 3665 quadrantibus
1381 3598 1453 3656 sunt,
1478 3596 1509 3645 ut
1531 3595 1561 3642 et
1574 3604 1668 3643 omnes
1692 3588 1755 3642 reli·

395 3670 453 3741 qui:
478 3670 613 3730 Saturnus
629 3678 659 3724 et
671 3668 823 3724 Mercurius
844 3687 938 3724 versus
954 3672 1043 3726 librae
1058 3673 1172 3738 initium,
1196 3674 1314 3744 Jupiter,
1334 3673 1431 3726 Tellus
1445 3684 1541 3725 versus
1556 3668 1754 3739 capricornum,

393 3750 482 3814 Luna,
506 3751 591 3815 Mars,
615 3753 709 3805 Venus
733 3766 828 3803 versus
843 3768 980 3806 cancrum.
1018 3753 1049 3808 In
1063 3755 1199 3809 Mercurio
1221 3755 1365 3807 abundant
1378 3754 1486 3824 gradm
1501 3750 1615 3819 aliquot
1639 3749 1688 3801 sed
1710 3748 1755 3818 qui

394 3827 514 3884 esdsumi
537 3839 654 3901 possunt
677 3830 737 3900 ejus
753 3832 918 3900 aequatione
942 3833 1063 3889 maxima
1086 3835 1220 3896 ablativa,
1246 3833 1269 3887 si
1292 3835 1370 3886 modo
1391 3834 1461 3887 sat-is
1484 3828 1612 3902 cognitus
1627 3834 1672 3882 est
1695 3828 1755 3897 ejus

393 3916 483 3964 motus
497 3911 610 3975 medius,
629 3917 663 3965 ut
676 3926 730 3965 non
743 3928 794 3981 per
807 3911 1105 3980 hqjuaoorreotionern
1120 3918 1324 3969 consumantur.
1360 3914 1390 3967 ln
1405 3914 1515 3967 Venere
1529 3908 1613 3962 etiam
1628 3909 1756 3963 abundat

394 3990 505 4061 aliquid,
530 3994 600 4062 quod
617 3992 782 4063 aequatione
805 3993 867 4047 tolli
887 4010 943 4048 nen
956 4001 1058 4062 potest.
1096 3995 1179 4050 Feria
1192 3995 1312 4048 secunda
1326 4000 1370 4048 est
1383 3991 1555 4051 firmamenti.
1581 4006 1632 4042 seu
1647 4004 1754 4059 expan-

394 4070 478 4126 sionis
492 4071 565 4126 inter
578 4088 665 4144 aquas
679 4078 710 4126 et
723 4088 823 4142 aquam
839 4073 918 4145 qnasi
932 4075 1013 4129 orbes
1028 4093 1078 4130 seu
1093 4077 1235 4145 planetae,
1250 4090 1301 4144 par
1315 4074 1387 4128 bane
1401 4072 1602 4143 expansionem
1617 4069 1659 4123 ire
1669 4068 1753 4138 jussi,

394 4151 489 4207 statim
503 4152 605 4223 inipso
619 4160 681 4206 ortu
696 4153 822 4222 expansi,
838 4153 980 4224 coeperint
993 4155 1046 4218 ire;
1062 4155 1134 4210 feria
1146 4172 1212 4209 vero
1226 4161 1328 4226 quarta
1341 4156 1448 4209 demum
1467 4155 1634 4209 exornatum
1649 4151 1756 4204 coelum

393 4231 526 4287 extimum
539 4232 611 4296 fixis,
627 4239 657 4287 et
670 4232 717 4287 Sol
731 4239 761 4287 et
773 4233 854 4289 Luna
867 4242 920 4290 etc.
936 4235 1034 4290 ultima
1046 4252 1131 4290 manu
1144 4235 1283 4305 imposita.
1292 4226 1328 4300 ⁶⁸)

473 4308 502 4376 e)
523 4313 635 4384 Dogma
653 4313 825 4368 innitebatur
844 4315 907 4369 huie
925 4321 958 4369 ut
976 4315 1105 4385 primario
1125 4316 1315 4370 fundamento:
1340 4316 1410 4385 quod
1435 4313 1508 4367 iuter
1522 4311 1604 4366 orbes
1618 4310 1756 4363 coelestes

394 4392 431 4447 sit
453 4393 595 4462 proportio
620 4393 682 4456 illa,
707 4410 778 4463 quae
801 4400 845 4448 est
868 4395 973 4449 orbium
996 4394 1225 4468 geometricorum
1252 4395 1416 4466 cujuslibet,
1447 4412 1484 4447 ex
1508 4392 1626 4464 quinque
1648 4389 1755 4462 figuris.

394 4472 506 4527 lllarurn
525 4473 596 4526 enim
611 4479 730 4544 quatuor
748 4474 940 4543 proportiones
960 4482 1025 4529 sunt
1039 4475 1202 4537 ineffabiles,
1225 4493 1283 4538 seu,
1306 4482 1338 4529 ut
1359 4473 1405 4528 hic
1426 4490 1486 4527 cum
1501 4473 1587 4543 uulgo
1602 4467 1754 4540 appellari,

394 4551 580 4607 irrationales.
621 4554 684 4607 Jam
703 4571 769 4608 vero
787 4554 994 4609 tundamentum
1014 4554 1066 4609 hoc
1079 4554 1267 4619 refutavimus,
1289 4554 1354 4626 quia
1374 4553 1516 4624 proportio
1537 4550 1698 4622 coelestium
1712 4566 1755 4603 or·

395 4632 469 4687 bium
489 4651 544 4687 non
563 4640 607 4687 est
625 4650 661 4687 ex
676 4633 742 4687 solis
764 4633 881 4705 quinque
900 4634 1006 4706 figuris.
1049 4636 1205 4698 Quaeritur,
1230 4635 1293 4707 qnid
1311 4635 1371 4704 jam
1392 4648 1475 4704 porro
1497 4635 1531 4687 de
1549 4632 1602 4686 ison
1624 4632 1756 4701 dogmm

395 4716 549 4775 tenendum,
565 4720 595 4767 et
608 4729 672 4767 num
686 4716 766 4768 detur
780 4714 875 4787 aliqua
888 4715 1016 4785 perfecta
1029 4716 1233 4786 apocatastasia
1247 4723 1368 4770 motuum
1383 4713 1522 4767 omnium?
1563 4711 1641 4772 Dico,
1662 4725 1755 4781 quam·

394 4792 436 4847 ris
449 4794 502 4848 hoc
517 4795 695 4849 fondamento
710 4795 833 4857 subruto,
853 4797 957 4850 nnllam
970 4802 1064 4850 tamea
1079 4795 1138 4851 dari
1156 4795 1376 4866 apocatastasin.
1420 4795 1449 4848 ld
1467 4793 1602 4863 probabo.
1644 4791 1755 4845 Certum

394 4872 482 4946 igitur
496 4881 548 4940 est,
570 4874 594 4929 si
607 4874 800 4946 proportiones
815 4877 915 4931 saltem
929 4875 1129 4946 periodinerum
1143 4883 1296 4946 temporum
1309 4873 1523 4937 sant'ed'abiies,
1546 4869 1606 4926 dari
1621 4876 1754 4941 apocata
