3878 5840
378 301 445 373 424
940 302 980 354 us
998 262 1177 354 ramesses
1203 227 1205 230 Ι

471 461 672 529 Differentiae
696 480 768 543 ergo
791 461 822 523 iu
845 460 1018 524 uuiversum
1041 460 1218 542 quindecim.
1262 458 1333 524 Jem
1351 458 1517 538 videamus,
1541 458 1663 543 quinam
1686 459 1736 523 in-

381 562 430 619 ter
450 552 508 616 has
531 551 678 626 delectus,
702 557 735 612 et
758 569 905 632 quaenam
927 551 991 612 siut
1013 550 1192 612 naturaliter
1215 549 1388 613 ἀσυστατοι.

922 638 1052 701 Tbesis
1075 638 1194 703 XXIII.

472 727 606 791 Primum
630 728 743 789 nullum
766 744 923 790 excessum
951 728 999 788 vel
1029 727 1179 790 defectum
1203 725 1372 789 solitarium
1398 726 1464 790 sine
1491 726 1737 806 compensatione

382 817 551 881 consistere
576 835 703 897 aequum
727 822 785 878 est.
831 816 880 878 Ex
902 815 1046 878 solitariis
1069 810 1172 896 itaque
1195 834 1263 890 sex,
1296 822 1423 895 quatuor
1450 816 1572 878 cadunt
1616 813 1736 878 Medio-

385 907 480 970 crites
505 924 575 968 vere
598 904 710 968 caloris
734 905 990 977 (mediocritatem
1012 904 1205 984 proportione
1227 904 1339 980 mnudi,
1363 922 1423 965 nou
1446 903 1618 985 qusntitate
1640 903 1736 966 aesti-

274 1062 280 1069 ,
381 995 546 1069 mebimus)
571 994 684 1056 collata
706 1000 755 1056 est
776 993 807 1055 in
832 1012 940 1073 corpus
956 991 1075 1068 Solere,
1100 991 1150 1074 qui
1173 1011 1253 1054 utere
1276 992 1397 1071 propria
1409 993 1475 1055 luce
1489 992 1598 1056 utitur:
1621 992 1763 1054 medio--

346 1092 352 1099 ”
382 1083 476 1147 critas
498 1083 691 1163 humectandi
713 1083 743 1145 in
768 1099 876 1162 corpus
898 1083 1030 1155 Luuere,
1055 1100 1130 1162 quse
1146 1100 1227 1144 mere
1250 1081 1425 1144 mutuatitie
1447 1080 1531 1145 Solis
1553 1088 1586 1143 et
1608 1079 1738 1143 sidemm

382 1173 449 1235 luce
472 1172 576 1234 utitur.

918 1256 1053 1320 Thesis
1075 1256 1196 1319 XXIV.

473 1345 592 1411 Deinde
615 1365 711 1427 neque
735 1364 879 1409 excessus
903 1346 1047 1409 cumulari
1075 1344 1258 1426 expediebat
1285 1344 1333 1406 vel
1362 1344 1509 1408 delectus.
1547 1340 1637 1405 ‘Sunt
1660 1344 1739 1406 euim

388 1459 408 1500 a
430 1443 541 1498 ustura
563 1436 653 1517 paulo
677 1435 852 1510 alieniores,
883 1454 939 1496 nec
962 1433 1020 1496 uisi
1043 1434 1262 1516 contemperati
1285 1452 1428 1496 excessus
1451 1450 1519 1495 cum
1542 1432 1663 1495 delectu
1684 1453 1738 1496 re·

386 1525 545 1608 cipiantur.
589 1527 697 1604 Itaque
721 1523 820 1586 nullus
843 1524 967 1603 planeta
990 1524 1089 1585 factus
1113 1530 1170 1598 est,
1195 1521 1244 1603 qui
1267 1531 1424 1602 utrumque
1447 1522 1497 1583 vel
1511 1539 1668 1583 excessum
1690 1523 1739 1583 vel

386 1615 538 1676 defectum
561 1613 758 1692 suscepisset
804 1612 938 1674 Restant
956 1631 1028 1692 ergo
1053 1611 1241 1673 differentiae
1264 1630 1303 1672 ex
1321 1609 1593 1673 combinationibus
1599 1618 1739 1690 septem.

384 1700 482 1767 Porro
505 1720 543 1763 ex
565 1701 613 1764 his
636 1701 683 1763 bis
706 1700 795 1763 binae
819 1701 924 1762 eodem
948 1700 1095 1762 recidunt.
1141 1698 1258 1761 Eadem
1281 1699 1359 1761 enim
1382 1706 1432 1761 est
1453 1698 1607 1782 proportio
1630 1717 1740 1761 exces-

385 1810 438 1854 sus
466 1790 576 1853 coloris
604 1790 643 1851 ad
673 1789 915 1853 mediocritatem
944 1788 1090 1862 humoris,
1125 1806 1203 1869 quae
1232 1787 1453 1849 mediocritatis
1481 1785 1593 1850 celeris
1620 1787 1660 1849 ad
1683 1789 1738 1849 de-

387 1879 500 1942 fectum
532 1878 680 1940 humoris:
714 1877 819 1939 eadem
848 1878 984 1939 defectus
1013 1876 1123 1938 caloris
1150 1877 1190 1937 ad
1223 1874 1461 1939 mediocritatem
1483 1873 1634 1951 humoris,
1663 1866 1739 1956 quae

386 1966 607 2029 mediocritatis
631 1965 741 2028 caloris
766 1965 806 2026 ad
829 1984 986 2027 excessum
1009 1963 1156 2039 humoris,
1191 1963 1270 2046 quod
1291 1965 1381 2026 vel
1372 1984 1402 2027 ιιι
1431 1965 1528 2044 figura
1554 1962 1653 2026 linem
1681 1983 1740 2045 pa·

392 2054 491 2118 ralleli
506 2054 680 2121 escendunt.
726 2050 811 2116 Idem
826 2054 863 2115 de
883 2053 999 2133 junctis
1014 2052 1189 2116 excessibus
1202 2052 1354 2133 judicium,
1377 2054 1426 2115 vel
1446 2052 1625 2116 defectibus.
1663 2052 1743 2116 Sunt

388 2161 460 2223 ergo
482 2161 573 2205 verse
597 2141 786 2205 differentiae
810 2141 948 2223 quinque,
972 2151 1035 2203 tres
1050 2140 1213 2221 simplices,
1238 2142 1315 2204 duae
1329 2149 1364 2206 ιιι
1382 2142 1447 2222 jam
1470 2142 1571 2224 patuit
1593 2142 1740 2221 quodam-

387 2232 476 2294 modo
506 2230 655 2311 duplices,
688 2249 741 2291 seu
773 2230 873 2309 potius
906 2230 1031 2293 dnomm
1063 2230 1230 2305 nominum,
1264 2249 1324 2293 uua
1355 2232 1455 2294 trium.
1501 2229 1549 2292 Ac
1580 2248 1649 2292 oum
1679 2230 1741 2293 siut
1859 2248 1864 2257 ·

387 2321 419 2383 iu
441 2319 551 2384 mundo
561 2319 708 2409 quinque
732 2319 825 2380 etiam
847 2320 1002 2398 planetae,
1034 2325 1098 2380 tres
1121 2317 1293 2397 superiores
1315 2328 1348 2383 et
1374 2320 1433 2381 duc
1456 2317 1632 2393 inferiores,
1664 2337 1741 2382 cou-

388 2416 566 2470 sentaneum
590 2407 727 2488 equidem
751 2414 809 2481 est,
834 2408 881 2469 vel
903 2409 942 2470 ob
965 2409 1043 2470 hauc
1066 2408 1163 2470 solam
1186 2426 1309 2471 censam
1331 2408 1484 2489 (quemvis
1509 2414 1542 2470 et
1563 2407 1642 2469 aliae
1665 2425 1739 2487 sup-

386 2499 509 2578 petant)
534 2503 582 2560 tot
602 2515 725 2559 numero
749 2496 848 2559 sactes
872 2515 960 2558 esse:
991 2496 1067 2558 adeo
1090 2495 1164 2558 nibil
1187 2496 1288 2576 aptius
1319 2515 1388 2560 esee
1416 2495 1518 2578 potuit
1543 2497 1601 2559 bac
1624 2496 1739 2559 combi-

386 2584 541 2648 nationem
564 2586 643 2649 inter
664 2584 749 2666 ipsos
772 2583 999 2662 distributione.
1024 2603 1113 2665 quam
1136 2585 1194 2647 hec
1217 2585 1333 2648 tabella
1355 2585 1394 2648 cb
1417 2585 1520 2650 oculos
1542 2602 1631 2665 pono.
1734 2648 1736 2652 .

547 2761 703 2827 Excessus
807 2760 824 2823 1
867 2718 899 2823 V
943 2759 970 2825 P
1013 2759 1029 2824 1
1073 2760 1100 2822 Τ
1143 2759 1172 2823 Ε
1215 2758 1246 2823 R
1361 2760 1517 2825 Excessus

702 2898 705 2909 .
729 2847 754 2912 S
781 2866 846 2913 mer
1218 2845 1243 2911 S
1267 2845 1313 2913 'S

792 2935 836 2999 A·
932 2948 987 2999 cux
1069 2935 1102 2998 V
1212 2936 1243 3001 R

484 3045 518 3097 0
867 3024 894 3087 T
937 3023 969 3087 N
1065 3024 1092 3087 ri
1141 3024 1174 3089 A
1599 3039 1632 3101 m

486 3101 517 3196 ξ·
696 3176 700 3181 ,
789 3111 848 3175 VE
937 3112 968 3173 V
1061 3111 1097 3174 M
1203 3132 1239 3175 us
1599 3102 1621 3201 Ε

395 3200 517 3303 Sol.''²
486 3225 517 3318 8
549 3199 693 3265 Mediocr.
801 3201 817 3262 1
862 3201 893 3262 V
936 3199 964 3350 IS³
1007 3200 1024 3263 Ι
1063 3200 1096 3349 ἔ
1138 3198 1167 3262 Ε
1210 3200 1243 3352 ξ.
1362 3200 1621 3271 Mediocritssg

775 3305 839 3350 mer
1489 3326 1498 3340 ·

417 3321 517 3461 Ξ
865 3374 897 3439 Β
928 3395 965 3438 cu
1060 3375 1091 3438 V
1139 3375 1170 3440 N
1599 3272 1631 3445 {e

797 3462 829 3528 A
925 3463 956 3528 N
1059 3462 1086 3528 ri
1204 3463 1236 3527 V

730 3551 765 3617 M
789 3552 849 3616 VE
1191 3574 1228 3618 us
1272 3551 1297 3618 S

550 3640 697 3704 Defectus
785 3642 802 3704 1
846 3640 877 3704 V
921 3639 947 3705 P
991 3640 1009 3703 1
1054 3641 1082 3704 Τ
1125 3640 1153 3706 Ε
1197 3642 1229 3707 Β
1364 3641 1513 3707 Deiectus

931 3815 1066 3881 Thesis
1088 3816 1192 3881 XXV.

375 3982 379 3989 ,
474 3905 524 3968 Ex
546 3904 593 3969 his
623 3904 772 3984 sequitur,
804 3905 945 3986 planetes
977 3906 1107 3987 quinque
1130 3925 1188 3969 uon
1217 3911 1336 3969 tautum
1369 3906 1545 3971 mutuatitia
1568 3907 1651 3973 Solis
1673 3910 1741 3973 luce

387 3992 535 4065 smirsed
559 3993 652 4056 etiam
675 3993 712 4055 de
736 4011 791 4055 suo
814 3993 929 4073 aliquid
951 3994 1080 4058 addere:
1105 3994 1327 4075 quodquidem
1350 4003 1382 4059 et
1405 3995 1483 4060 eliae
1507 3998 1643 4063 ratIoues
1665 4018 1739 4061 sua·

389 4084 472 4145 deut
516 4082 597 4144 Nam
621 4080 648 4142 si
670 4080 766 4143 multa
788 4080 868 4160 apud
890 4101 945 4145 nos
968 4083 1094 4166 physice
1116 4101 1245 4163 corpora
1261 4084 1359 4148 lucem
1373 4085 1488 4149 hebent
1506 4086 1644 4164 insitam,
1669 4088 1741 4168 quid

389 4169 547 4253 prohibet,
569 4168 682 4232 habere
707 4170 848 4246 eandem,
877 4180 999 4250 praeter
1022 4169 1139 4246 Solem,
1163 4179 1198 4233 et
1219 4171 1296 4235 alios
1319 4173 1427 4252 globos
1449 4176 1622 4239 coelestes?
1668 4177 1744 4241 Ibm

387 4259 414 4321 si
437 4264 577 4321 carerent
599 4257 740 4337 planetae
764 4259 828 4321 luce
850 4259 989 4340 propria,
1014 4259 1155 4323 videntur
1177 4263 1268 4325 etiam
1292 4262 1413 4341 faciem,
1439 4271 1473 4327 nt
1495 4264 1599 4340 Luna,
1623 4272 1740 4329 mutare

388 4346 508 4410 debere.
555 4346 692 4426 Denique
715 4346 858 4410 credibile
881 4357 940 4426 est,
964 4350 1112 4452 fulgorem
1135 4357 1168 4411 et
1186 4350 1434 4418 scintillationem
1447 4361 1658 4435 argumentum
1672 4373 1740 4419 esse

387 4434 464 4498 lucis
486 4435 637 4516 propriae,
660 4435 895 4500 nebulositatem
916 4445 950 4500 et
971 4437 1125 4518 pigritiem
1149 4439 1277 4503 alienae

925 4525 1063 4589 Thesis
1085 4526 1206 4591 XXVI.

476 4606 735 4674 Considerandum
758 4632 835 4676 nune
858 4613 951 4677 etiam
973 4615 1031 4676 hec
1054 4624 1115 4691 est,
1141 4616 1284 4697 quidnam
1306 4616 1338 4678 id
1360 4616 1417 4691 sit,
1448 4618 1528 4700 quod
1549 4618 1742 4698 planetarum

386 4699 443 4763 hes
465 4698 546 4761 vires
573 4700 606 4762 in
628 4718 785 4763 excessum
813 4702 942 4765 medium
970 4712 1003 4767 et
1034 4704 1185 4768 delectum
1215 4704 1400 4785 distinguere
1433 4707 1541 4787 possit.
1585 4704 1740 4770 Mutuati-

386 4787 461 4852 tiam
484 4788 585 4872 itaque
608 4789 705 4853 lucem
728 4807 795 4853 cum
819 4811 838 4853 a
859 4791 1022 4857 reflexione
1045 4794 1267 4879 deduxerimus.
1290 4794 1501 4863 considerandi
1519 4802 1592 4859 snut
1612 4813 1667 4878 pro
1682 4794 1740 4861 bac

1643 3201 1740 3265 Ioum
