3872 5836
723 359 1024 425 ammaum
1487 356 1552 424 333

195 516 295 588 litate,
319 533 416 576 causa
436 513 518 577 auerti
539 522 573 576 et
594 513 707 594 gravis
731 516 831 595 sitque
854 515 950 579 omnis
972 517 1109 588 tuamne
1131 524 1166 579 et
1186 518 1310 597 speciali
1325 517 1445 580 nomine
1463 522 1555 599 00⁰7·

194 628 257 685 7⁰⁶³
281 604 312 665 iu
333 603 420 665 coelo
443 612 549 665 contra
571 623 676 666 omues
698 604 780 679 soni,
804 604 969 685 (siqnidem
992 607 1160 668 existerent
1181 607 1263 681 soni)
1286 615 1358 669 snnt
1379 604 1552 680 ducosceoa,

195 703 232 757 ut
252 693 284 755 ia
305 691 448 755 continno
479 691 654 754 intentionis
686 700 719 755 et
750 692 934 757 remissionis
962 702 1050 769 actu,
1084 714 1121 756 ac
1152 695 1177 757 si
1208 695 1274 775 quis
1297 695 1439 759 chordam
1463 696 1552 757 simul

194 783 346 864 pulsaret,
379 780 469 843 simul
495 780 666 843 intenderet
688 789 721 844 et
742 783 921 846 remitteret
968 782 1116 845 Pleuetae
1139 783 1218 846 enim
1245 783 1373 864 apogaei
1396 794 1553 847 moventur

194 871 335 945 ramese,
367 869 397 931 in
420 869 564 949 perigseo
588 870 753 933 incitatius.
799 872 906 952 ltaque
930 871 1058 953 apogaei
1082 889 1206 952 gravem
1236 872 1413 934 exhiberent
1435 890 1549 948 sonum,

192 957 328 1041 perigaei
350 965 482 1020 mlum
527 957 577 1021 Ao
600 959 659 1021 etsi
681 960 770 1038 hujus
793 960 940 1022 acuminis
963 969 995 1023 et
1008 961 1180 1040 gravitatis,
1204 961 1394 1036 intensionis,
1419 961 1552 1041 inquam,

192 1056 226 1112 et
247 1045 434 1111 menania
456 1065 597 1109 mensura
618 1048 766 1128 reperitur
787 1048 925 1128 proxime
947 1048 978 1110 in
1000 1049 1149 1111 dutantia
1171 1051 1313 1129 planetae
1335 1069 1356 1110 a
1377 1057 1493 1124 centro,
1516 1061 1552 1112 ut

193 1140 225 1200 in
251 1137 355 1200 Marte
380 1135 522 1215 probavi,
557 1143 658 1199 tamen
687 1137 765 1198 ratio
794 1136 874 1213 fallit
903 1137 933 1198 in
961 1139 1186 1218 comparatione
1216 1139 1340 1201 duorum
1363 1138 1552 1218 planetarum

191 1229 272 1290 inter
293 1244 346 1299 ως
369 1243 427 1287 uon
449 1224 531 1287 sulm
553 1233 588 1286 nt
609 1225 761 1296 diametri,
785 1226 829 1288 sic
851 1234 960 1301 motus,
986 1244 1080 1289 causa
1101 1227 1278 1290 intensionis
1302 1236 1335 1289 et
1353 1227 1549 1289 remissionis.

191 1316 338 1379 Defectus
360 1320 449 1393 patet
470 1331 510 1374 ex
527 1314 677 1395 Mysterio
704 1312 971 1395 cosmographico.
1017 1314 1129 1377 Altera
1150 1335 1253 1391 causa,
1277 1334 1330 1379 cnr
1351 1334 1420 1378 oum
1432 1316 1550 1400 Pytha-

191 1402 312 1486 geracis
344 1409 377 1464 et
398 1401 497 1464 Plinio
529 1411 610 1464 erret
631 1401 844 1479 Reinbsrdus,
877 1423 916 1465 ex
947 1405 1030 1466 sonis
1062 1405 1185 1467 musicis
1217 1406 1352 1467 sormam
1386 1403 1551 1467 dismsnos

190 1494 402 1574 planetarum,
439 1497 488 1552 est
519 1491 611 1565 haec,
651 1493 728 1571 qnod
760 1493 900 1555 diametri
933 1492 1144 1573 intelliguntur
1174 1494 1370 1573 sphaerarum
1398 1493 1549 1570 diametri,

192 1582 325 1662 sphaera
346 1597 418 1643 vero
441 1579 490 1641 vel
512 1598 621 1659 corpus
644 1588 692 1642 est
714 1581 878 1643 secundum
900 1582 1052 1663 physicos,
1076 1582 1125 1644 vel
1149 1583 1232 1644 locus
1256 1583 1381 1657 solidus,
1405 1582 1437 1644 in
1460 1601 1549 1663 quem

193 1673 318 1752 planeta
341 1687 483 1731 successu
506 1670 674 1730 seculorum
696 1670 798 1731 renim
822 1678 934 1751 potest.
980 1670 1130 1734 Dismetri
1149 1669 1240 1751 igitur
1258 1671 1455 1751 sphaerarum
1472 1691 1549 1733 uan-

190 1761 346 1823 ciacuutur
368 1758 579 1838 proportiones
601 1777 673 1820 suns
696 1777 736 1819 ex
757 1759 860 1839 figuris
883 1759 1005 1834 solidis,
1031 1768 1067 1822 ut
1093 1758 1212 1821 ostendi
1240 1759 1271 1822 in
1293 1759 1442 1842 Mysterio
1467 1757 1547 1823 Cos-

190 1847 395 1929 mogrsphico.
442 1844 558 1909 Contra
581 1865 672 1909 sonus
696 1855 745 1909 est
767 1856 881 1923 motus3
904 1849 1000 1912 omnis
1023 1867 1095 1912 vero
1118 1855 1219 1910 motus
1242 1848 1271 1910 iu
1294 1849 1386 1911 linea:
1412 1857 1547 1910 motuum

189 1939 284 2018 igitur
306 1936 458 2016 proportio
482 1935 707 1997 convenientius
732 1937 886 2016 quaeritur
909 1956 948 1998 ex
970 1937 1073 2017 figuris
1096 1938 1288 2016 geometricis
1310 1937 1423 2017 planis,
1449 1938 1548 1999 circu-

191 2028 253 2090 lum
277 2028 391 2099 (motas
412 2024 555 2086 coelestis
574 2025 700 2099 lineam)
726 2026 939 2088 dividentibus.
986 2027 1030 2088 Ut
1052 2026 1129 2087 enim
1152 2044 1186 2087 se
1210 2026 1304 2088 habet
1318 2027 1397 2087 linea
1421 2026 1460 2088 ad
1478 2045 1548 2088 cor-

189 2135 249 2197 pus
272 2115 408 2187 solidum,
433 2112 480 2174 sis
503 2132 536 2175 se
559 2113 653 2176 habet
676 2115 894 2193 quodammodo
918 2124 1018 2177 motus
1042 2115 1081 2176 sd
1105 2133 1213 2193 corpus
1236 2114 1403 2195 physicum.

283 2204 330 2266 De
366 2202 558 2276 „euarmomo
581 2203 767 2266 chromatico
790 2212 824 2265 et
846 2204 1021 2266 diatonico⁴⁴
1055 2221 1144 2283 quum
1168 2221 1271 2281 parum
1296 2203 1384 2266 hodie
1408 2203 1549 2277 achinus,

191 2311 250 2355 nes
271 2292 364 2354 allusu
388 2291 556 2371 exemplum
579 2291 728 2353 melodiae
752 2300 846 2369 extet,
870 2311 909 2353 ex
933 2311 991 2373 qno
1014 2292 1175 2354 discrimen
1200 2292 1305 2354 horum
1328 2310 1472 2372 generum
1491 2312 1549 2374 ap-

189 2389 307 2462 pareat,
333 2380 448 2441 frustra
470 2398 524 2440 nos
548 2378 653 2458 opinor
674 2380 821 2443 desudare
845 2381 1119 2460 comparationibus
1143 2399 1197 2460 per
1219 2400 1257 2442 ea
1279 2379 1484 2443 instituendis.

279 2470 327 2531 De
350 2469 472 2530 vocibus
496 2474 560 2543 „ut
584 2487 627 2542 re,
652 2468 701 2543 mi,
726 2468 768 2542 fa,
792 2471 848 2544 sol,
875 2471 925 2530 la“
949 2470 1057 2532 eadem
1080 2469 1119 2531 ad
1135 2467 1302 2533 Calvisium
1326 2470 1443 2551 scripsi,
1469 2488 1546 2549 quae

191 2560 242 2622 bic
268 2557 388 2639 quaerit
415 2556 623 2619 Reinhardus:
660 2557 779 2619 scilicet
810 2558 924 2621 aboleri
954 2576 1063 2637 posse,
1098 2565 1130 2619 et
1152 2559 1217 2637 jam
1249 2559 1287 2620 de
1311 2559 1393 2621 facto
1416 2558 1548 2619 abolitas

191 2666 262 2709 esse
286 2647 305 2709 7
330 2645 445 2708 literis:
470 2666 498 2720 e,
523 2646 550 2717 b,
576 2664 603 2714 c,
628 2646 656 2720 d,
682 2664 707 2719 e,
734 2646 755 2720 l,
779 2648 831 2726 g‚“
855 2647 882 2708 si
904 2648 993 2708 modo
1017 2646 1083 2726 quis
1107 2657 1266 2708 assuescat
1290 2647 1472 2708 nominibus:
1496 2664 1547 2721 ‚‚a‚

192 2734 595 2813 mmmemffi“
1508 2728 1514 2733 ’

279 2822 545 2904 Comparationem
567 2823 645 2883 hanc
669 2822 864 2901 sphaerarum
888 2840 955 2883 cum
979 2820 1062 2882 sonis
1085 2820 1207 2882 musicis
1227 2819 1465 2883 Ptolemaeus
1490 2822 1548 2882 tri-

190 2913 247 2976 bus
270 2911 383 2977 ultimis
406 2910 556 2992 capitibus
581 2910 649 2972 libri
673 2909 755 2972 tertii
778 2909 1026 2971 Harmonices
1048 2909 1207 2989 complecti
1232 2909 1340 2985 voluit,
1365 2910 1419 2971 sed
1443 2909 1548 2971 titulos
1664 2906 1667 2911 “

191 3002 401 3065 tantummodo
425 3000 577 3082 capitibus
599 2999 748 3077 praefixit.
795 2998 925 3059 Textum
950 2995 1105 3076 Gregores
1130 2997 1261 3071 addidit,
1286 2999 1340 3060 sed
1364 2999 1493 3059 alienum
1515 3006 1549 3058 et

190 3091 443 3170 superfluentem,
467 3098 502 3150 ut
525 3089 713 3150 demonstrat
727 3086 910 3169 Baerlamus
933 3087 1107 3162 monachus,
1133 3105 1219 3168 quem
1234 3086 1322 3148 verti.
1360 3086 1548 3149 Difficultats

190 3179 336 3243 materiae
360 3178 515 3242 absterriti
537 3177 678 3258 progredi
701 3195 758 3238 non
782 3184 956 3255 potuerunt.
994 3176 1030 3238 In
1056 3174 1261 3257 copernieo
1285 3184 1356 3239 suut
1378 3173 1476 3238 omnia
1492 3193 1548 3237 ex-

189 3270 349 3349 peditiora.
395 3270 430 3333 In
455 3268 530 3331 libro
553 3269 596 3329 de
620 3267 748 3330 Stella
779 3285 846 3346 cap.
875 3260 924 3328 16.
956 3265 1092 3328 invenies
1123 3285 1229 3329 crassa
1251 3265 1391 3327 Minerva
1420 3282 1548 3345 propor-

189 3359 288 3421 h'oaes
311 3358 479 3420 celeritatis
506 3358 698 3437 planetarum
730 3356 759 3416 in
787 3352 987 3418 mediocribus
1017 3355 1080 3417 suis
1113 3354 1268 3418 distantiis
1296 3353 1422 3419 uScle.
1467 3352 1548 3416 Nam

189 3444 262 3525 bin
287 3468 346 3509 una
375 3448 450 3509 hors
473 3445 605 3508 absolvit
633 3445 774 3508 milliaria
796 3441 882 3520 300,
914 3441 1051 3520 0400,
1085 3441 1219 3521 6600,
1254 3446 1279 3520 ὁ
1305 3441 1388 3520 720,
1422 3438 1548 3517 9800,

189 3540 211 3617 b
238 3534 331 3600 1000.
376 3537 473 3616 Igitur
495 3536 552 3597 hoc
574 3543 667 3615 pacto
688 3534 769 3596 iuter
791 3530 812 3611 ᾗ
836 3542 868 3595 ct
890 3533 920 3608 ll
944 3542 993 3595 est
1015 3540 1221 3613 emancupare
1244 3535 1399 3615 (quarta),
1423 3527 1445 3609 li
1469 3540 1501 3593 et
1524 3538 1549 3601 d

189 3633 344 3689 dannanus
378 3626 537 3698 (octava),
570 3619 591 3698 li
616 3633 648 3684 et
672 3626 696 3698 ὢ
721 3627 859 3697 oratore»
886 3621 990 3683 mollis
1022 3631 1055 3683 et
1081 3627 1234 3683 ὅιαπασων
1265 3621 1372 3693 (tertia
1394 3621 1494 3683 mollis
1517 3630 1550 3681 et

190 3716 326 3787 octava),
349 3711 370 3789 b
393 3724 427 3773 et
449 3711 475 3785 Ω
499 3711 668 3790 composita
691 3729 729 3770 ex
752 3720 841 3770 sexta
859 3710 935 3770 dura
958 3718 1103 3771 etsexta
1125 3712 1215 3782 molli,
1241 3705 1262 3787 b
1285 3718 1317 3770 et
1337 3712 1358 3784 ζξ
1380 3707 1549 3784 composita

189 3822 228 3865 ex
251 3811 341 3864 sexta
363 3801 438 3862 dura
459 3808 492 3860 et
515 3805 677 3869 emanans,
700 3798 815 3872 lletd
834 3804 968 3859 brenam
992 3797 1140 3877 (quinta),
1164 3796 1282 3871 liet&
1306 3794 1476 3872 ἀναρροςος
1498 3786 1547 3876 7„

189 3910 249 3953 non
273 3898 375 3955 tamen
397 3886 519 3964 ἀμελης,
545 3894 595 3948 est
617 3886 694 3948 enim
719 3894 808 3947 sexta
832 3886 931 3948 mollis
956 3898 988 3945 et
1011 3894 1100 3946 tonus
1124 3886 1229 3965 major,
1253 3882 1547 3959 lletthsaccr.

190 3979 311 4055 lietb
333 3982 469 4053 tmpm
492 3976 568 4038 dura
590 3983 624 4037 et
645 3979 808 4049 θιαπασων,
830 3977 943 4050 det&
959 3980 1096 4054 &capnos

189 4066 304 4141 mellis,
338 4063 467 4137 deti?
496 4069 707 4144 mreswpss,
742 4065 868 4142 dett}
896 4062 927 4125 oi
952 4059 985 4137 ἐξ
1008 4064 1092 4138 durs
1386 4067 1491 4111 ’ΣΞ-Ξ

191 4160 217 4234 ὃ
240 4164 274 4218 et
297 4154 323 4230 9
345 4167 437 4217 tonus
459 4152 555 4215 minor
583 4147 658 4235 ‘laos
684 4156 710 4229 ὃ
734 4162 766 4215 et
789 4155 811 4231 b
834 4159 1039 4231 treucuapon
1061 4161 1094 4214 et
1153 4153 1398 4261 :Q-g-r-
1495 4141 1538 4229 llo

190 4246 298 4318 mais,
330 4245 359 4307 b.
383 4263 410 4307 e.
442 4236 527 4324 ¹⁸las,
562 4241 688 4321 denique
712 4242 791 4305 inter
815 4241 840 4317 Ω
865 4251 896 4304 et
918 4244 941 4320 b
963 4254 1011 4303 est
1033 4247 1092 4303 orn-
1328 4262 1333 4281 ·
1386 4228 1519 4366 —g

299 4336 385 4399 m
432 4333 551 4406 Mirum,
577 4330 679 4393 omnia
701 4331 860 4394 intervalla
884 4350 952 4392 esse
970 4329 1091 4408 s'ppstp
1109 4314 1493 4434 §3:0—

189 4358 337 4489 ποοῦ
355 4422 516 4503 csg'tarim
539 4420 576 4483 de
599 4421 724 4494 musica,
749 4422 867 4499 qnando
891 4420 961 4482 illos
983 4439 1089 4481 nume-
1166 4375 1514 4509 :iq-{ip

190 4534 240 4579 ros
271 4512 449 4577 concinnavi
480 4511 513 4573 in
544 4510 622 4573 Μ
652 4509 690 4571 de
721 4508 832 4573 Stella.
878 4509 943 4571 Nec
976 4509 1090 4571 mutavi

191 4603 367 4685 quicqum,
400 4601 458 4665 nisi
481 4599 629 4674 Telluris,
662 4597 714 4661 nbi
734 4612 797 4679 pro
813 4593 880 4661 740
906 4598 1014 4678 scripsi
1048 4595 1122 4661 720.
1167 4598 1272 4679 Neque
1300 4606 1400 4660 mmen
1429 4598 1547 4661 excesu

190 4694 301 4755 limites
328 4691 439 4772 aphelii
472 4689 620 4762 Telluris,
653 4688 683 4749 in
712 4705 773 4767 quo
798 4687 901 4751 Tellus
927 4688 1021 4750 currit
1051 4687 1148 4749 minus
1179 4706 1270 4768 quam
1299 4683 1364 4750 720
1393 4687 1545 4750 milliaria.

191 4782 321 4844 Telluris
350 4782 429 4843 anim
452 4787 551 4841 motus
575 4776 614 4839 ab
637 4776 756 4857 aphelio
784 4776 814 4837 in
836 4776 1016 4856 peribelinm
1040 4776 1205 4840 intenditur
1235 4776 1325 4856 paulo
1349 4775 1446 4838 minus
1470 4776 1547 4837 diesi

196 4863 283 4951 ’Ἂν
307 4869 424 4933 scihoet
451 4863 536 4953 ”lea-
581 4865 694 4930 Martis
715 4884 787 4933 vero
810 4873 910 4929 motus
931 4866 1069 4947 perfecta
1091 4873 1184 4929 emta
1203 4865 1288 4928 molli
1305 4857 1340 4947 0,
1368 4863 1545 4927 ἰιιιειιιᾶίιιιτὈ
