3816 5834
406 337 472 408 664
920 340 950 391 In
969 340 1053 405 Opera
1070 340 1228 407 hamclcgica

406 520 479 560 anno
497 500 581 560 1580.
605 511 713 561 cometa
733 502 863 558 contrarii
884 507 973 556 motus
995 503 1108 557 obortus
1137 504 1189 557 dns
1210 520 1278 558 suae
1300 501 1453 558 durationis
1473 517 1582 557 cursum
1603 490 1762 564 mutawrrh

405 604 443 639 ex
463 584 627 655 retrogrado
649 585 738 638 factus
760 583 887 637 directus.
919 581 1010 654 Igitur
1030 598 1074 636 res
1096 582 1160 637 illas
1183 585 1219 637 ab
1242 600 1313 639 anno
1338 582 1422 638 1580.
1445 581 1582 636 recisurae
1604 579 1632 634 in
1654 586 1763 635 conma-

405 665 483 727 rium‚
505 664 612 735 quando
629 662 689 733 jam
710 662 875 732 expiratura
895 662 950 716 sint
965 669 1088 716 cometae
1110 662 1268 735 significata
1301 664 1373 731 (esto
1396 668 1427 716 ut
1443 662 1495 715 hoc
1516 663 1553 715 sit
1574 678 1647 714 anno
1665 656 1764 723 1604).

406 745 524 801 alteram
544 760 651 814 quoque
672 741 852 798 mutationem
874 747 1048 811 experturus,
1071 759 1231 814 rursumque
1253 744 1374 799 futurum
1388 743 1423 807 id,
1447 743 1518 813 quod
1534 743 1570 795 ab
1587 757 1659 794 anno
1678 739 1763 795 1556.

406 832 547 895 cosperat.
625 852 640 882 r

495 903 572 959 Nihil
593 902 681 956 dimin
701 904 735 955 dc
755 919 806 963 eo.
829 903 900 971 quod
922 906 1046 955 cometae
1067 908 1171 966 motus.
1195 901 1241 973 qui
1263 919 1335 958 anno
1359 904 1444 961 1580.
1467 901 1559 965 fulsit,
1588 919 1618 956 sc
1640 899 1702 970 ipso
1723 915 1766 952 re·

408 986 557 1058 trcgradus
577 999 632 1037 non
652 982 744 1046 merit,
766 983 815 1035 sed
836 980 1068 1050 simplicissimus:
1090 981 1165 1035 linea
1185 982 1362 1051 trajectens,
1385 999 1458 1054 quae
1479 983 1553 1036 solet
1572 998 1635 1035 esse
1656 995 1766 1049 parurn·

408 1081 458 1134 per
478 1069 597 1119 arcuata
612 1101 619 1116 .
635 1100 643 1115 .
660 1101 665 1115 .
681 1062 784 1115 Terrae
805 1056 900 1130 itaque
921 1066 1011 1114 motus
1032 1060 1072 1113 illi
1094 1061 1252 1131 conciliavit
1272 1064 1345 1117 banc
1366 1063 1484 1133 speciem
1504 1058 1766 1132 retrogradationis.

497 1144 600 1196 Verum
621 1140 691 1195 istas
713 1140 840 1212 argutias
862 1157 916 1193 non
937 1140 993 1194 fert
1013 1140 1083 1194 haec
1113 1141 1246 1195 mantice:
1278 1151 1308 1196 et
1337 1144 1401 1213 quid
1431 1141 1522 1196 verbis
1553 1144 1646 1211 opus?
1682 1139 1765 1199 Vicit,

408 1224 475 1279 vicit
488 1222 599 1295 inquam
612 1219 735 1275 Roeslini
750 1220 963 1292 argumentatio,
980 1236 1033 1289 quo
1048 1220 1136 1292 magis
1152 1221 1227 1275 illam
1241 1222 1331 1276 miror.
1353 1223 1484 1277 Nimirum
1499 1222 1539 1276 uti
1554 1221 1624 1275 haec
1640 1218 1769 1290 prodigia

408 1311 473 1360 sunt
493 1308 577 1356 extra
597 1300 735 1364 ordinem,
757 1299 796 1354 sic
818 1299 1014 1369 interpretibus
1036 1317 1143 1370 quoque
1166 1316 1235 1371 opus
1257 1302 1380 1367 babent,
1412 1300 1544 1372 peculiari
1571 1317 1622 1354 nec
1642 1299 1767 1353 omnibus

407 1383 488 1439 obvio
509 1380 651 1436 utentibus
673 1380 817 1442 instinctu;
840 1397 891 1433 nec
911 1379 994 1433 aliter
1015 1379 1199 1450 explicantur,
1222 1381 1273 1436 uisi
1295 1382 1457 1455 prodigiosa
1478 1380 1575 1436 mentis
1597 1377 1766 1451 agitatione.

409 1464 480 1528 Quid
500 1460 616 1516 multis?
652 1459 896 1514 occansionem
927 1459 1090 1513 artificiosas
1113 1460 1239 1532 argutias
1260 1479 1368 1527 eorum,
1398 1462 1444 1534 qui
1465 1460 1552 1515 inflati
1573 1458 1692 1515 scientia
1713 1475 1768 1513 ma·

407 1545 512 1618 gistros
533 1558 595 1596 sese
616 1540 796 1611 profitentur,
826 1539 961 1611 eligitque
983 1538 1033 1593 eibi
1055 1555 1105 1608 pro
1125 1539 1313 1596 instrumentis
1335 1558 1401 1606 eos,
1432 1541 1478 1613 qui
1506 1541 1551 1595 vel
1579 1544 1671 1594 mente
1693 1538 1767 1608 capti

408 1625 454 1678 rel
474 1620 611 1692 simpliter
633 1627 698 1675 sunt
718 1619 864 1674 manifeste
887 1617 1017 1688 (plurima
1032 1619 1133 1689 quippe
1149 1620 1280 1675 vaticinia
1294 1624 1331 1677 ab
1345 1621 1501 1691 hujusmodi
1515 1619 1670 1676 hominibus
1685 1619 1768 1673 etiam

407 1708 503 1760 nostm
532 1701 626 1757 secedo
652 1694 849 1769 proveniunt),
879 1699 924 1753 vel
954 1698 1115 1753 inconnexis
1145 1700 1220 1755 hisce
1241 1709 1271 1755 et
1290 1718 1382 1757 coram
1403 1702 1525 1756 humana
1544 1700 1654 1755 ratione
1675 1697 1769 1753 stultis

408 1780 698 1856 argumentationibus
720 1779 867 1851 indulgent
886 1777 998 1833 creduli.
1040 1779 1138 1849 ltaque
1159 1781 1212 1834 etsi
1235 1781 1358 1836 Roeslini
1384 1780 1591 1853 argumentatio
1612 1779 1681 1834 nihil
1703 1796 1765 1833 con·

408 1862 502 1927 cludit
525 1877 648 1933 agnosco
669 1867 762 1914 tamen
782 1859 901 1913 divinam
922 1859 1060 1930 virgulam
1081 1858 1110 1912 in
1130 1859 1192 1929 ejus
1214 1860 1264 1915 riri
1285 1861 1431 1916 vaticiniis.
1462 1860 1576 1916 Dixeris
1589 1860 1693 1932 glebas
1707 1859 1769 1931 plu·

409 1945 504 2000 rimum
525 1942 632 2015 quidem
654 1955 757 1995 arenae
779 1940 969 2003 continentes,
1001 1938 1114 1992 confuso
1136 1946 1229 1994 tamen
1250 1941 1351 1996 alicubi
1373 1958 1450 1996 auro.
1492 1941 1530 1996 Et
1550 1939 1593 1994 its
1612 1939 1695 1994 moris
1718 1944 1769 1997 esi.

409 2025 456 2097 qui
479 2039 547 2078 auro
570 2020 675 2084 inhiat,
706 2021 779 2074 bunc
803 2019 901 2091 pigere
925 2037 978 2072 non
1002 2019 1085 2072 debet
1108 2022 1265 2090 egerendas
1290 2028 1381 2076 terrae
1405 2021 1515 2077 immani
1539 2020 1656 2076 cumulo.
1714 2019 1771 2074 Nec

408 2120 507 2167 moror,
532 2101 692 2157 Roeslinum
716 2119 752 2155 ex
775 2101 875 2153 affectu
900 2115 1007 2169 quoque
1031 2097 1114 2168 loqui,
1137 2107 1245 2155 etcum
1265 2118 1337 2157 anno
1356 2101 1439 2157 1596.
1456 2102 1573 2155 nondum
1596 2099 1668 2154 talia
1684 2098 1770 2155 conu-

408 2185 527 2257 gissent,
552 2195 624 2252 quac
647 2179 701 2250 ipsi
724 2179 893 2249 placebant,
918 2176 1027 2232 distulit
1050 2180 1286 2248 exspectationem
1311 2188 1341 2236 et
1367 2182 1444 2236 illam
1468 2198 1546 2236 suam
1569 2181 1769 2251 catastrophen

411 2265 440 2320 in
460 2278 561 2317 annum
578 2260 662 2315 1604.
705 2257 772 2315 Dixi
792 2257 894 2329 quippe
915 2264 1042 2313 naturam
1062 2274 1132 2320 eam,
1155 2276 1226 2330 quaa
1247 2261 1376 2333 prodigia
1394 2260 1473 2316 nobis
1494 2268 1626 2331 procurat
1644 2276 1770 2332 quaeque

409 2342 516 2401 somnia
535 2339 665 2403 immittit,
688 2338 866 2408 conceptibus
881 2338 922 2392 uti
937 2337 1062 2392 humanis
1079 2336 1205 2408 (quorum
1218 2340 1351 2409 plurimos
1365 2341 1444 2396 nobis
1462 2341 1585 2414 gignunt
1604 2340 1690 2395 etiam
1706 2348 1771 2395 vota

408 2416 519 2490 nostra)
542 2421 603 2475 loco
627 2418 778 2485 literarum.
804 2433 872 2488 quas
897 2416 1052 2472 admirabili
1075 2423 1135 2473 arte
1160 2420 1194 2473 ad
1217 2421 1349 2489 placitam
1373 2421 1540 2476 sententiam
1562 2419 1769 2489 exprimendam

410 2502 529 2574 colligat
551 2507 582 2554 et
603 2507 760 2570 componat

498 2579 545 2630 His
564 2577 688 2644 Kspleros
707 2577 785 2628 letne
803 2575 874 2627 addit
892 2588 930 2637 ea,
955 2588 1021 2640 quae
1038 2574 1169 2625 Roeslinm
1188 2578 1212 2626 in
1231 2577 1313 2629 libello
1332 2579 1363 2629 de
1382 2594 1448 2630 nors
1465 2577 1539 2630 stols
1555 2578 1700 2645 germanico
1719 2591 1771 2643 prc-

414 2662 463 2713 isrt
479 2672 599 2711 samone.
637 2657 735 2709 Deinde
753 2656 849 2723 porgit:
868 2647 1025 2718 Scripserat
1043 2649 1113 2703 haec
1135 2651 1189 2719 ‘lw
1207 2652 1267 2705 Oct.
1289 2652 1316 2705 in
1331 2653 1452 2718 Alsatia,
1473 2669 1533 2707 cum
1555 2668 1618 2705 ecce
1638 2650 1771 2723 postridie

313 2765 317 2777 ι
410 2733 500 2807 prima
518 2738 548 2786 et
566 2730 715 2787 manifesta
733 2730 814 2785 initia
831 2734 953 2783 motuum
967 2728 1178 2801 Ungaricorum,
1203 2732 1248 2803 qui
1269 2731 1433 2787 Christianis
1455 2749 1514 2787 cum
1534 2731 1626 2787 Turca
1643 2747 1772 2803 pugnan-

410 2814 486 2869 tibus
507 2814 642 2867 hactenus
663 2812 745 2866 sudes
766 2804 832 2865 sunt
851 2809 879 2863 in
900 2809 994 2864 oculis.
1036 2809 1222 2880 Episcopatus
1245 2812 1351 2883 quidem
1370 2811 1584 2884 Argentinsusis
1605 2812 1724 2884 negotia
1745 2811 1771 2863 in

412 2911 595 2966 καταςροφην
622 2891 732 2947 interea
749 2890 891 2946 desierunt
913 2888 1047 2945 mitiorem
1071 2889 1187 2961 quidem,
1212 2908 1292 2961 quam
1316 2899 1532 2962 exspectaverat
1553 2891 1695 2947 Rtsliaus.
1738 2892 1774 2945 Et

410 2991 464 3028 rex
487 2973 642 3028 Galliarum
664 2969 777 3045 sipspsr:
803 2972 850 3024 aed
875 2977 967 3024 tamen
992 2987 1149 3044 susceperas
1169 2992 1217 3027 και
1237 2991 1287 3041 την
1307 2978 1388 3043 eninr
1409 2992 1455 3028 sus
1479 2992 1511 3027 rc
1538 2974 1636 3044 δογμα
1659 2990 1709 3026 και
1729 2991 1774 3032 m

412 3056 527 3110 troilus
544 3052 687 3114 dsoevcrcc:
723 3058 753 3105 et
782 3051 845 3121 quid
876 3050 899 3103 si
931 3049 1017 3118 ipsius
1042 3049 1156 3104 Rtslini.
1197 3058 1568 3127 Καιτωνμενκαῐαςροφη,
1581 3071 1637 3108 των
1649 3051 1683 3107 δε
1696 3051 1775 3115 ἔξυς-

413 3140 604 3208 assicamus
626 3129 785 3205 ἅναςροφη.
827 3132 871 3184 lta
892 3129 959 3183 nihil
982 3146 1053 3198 pene
1074 3130 1260 3186 bustraneum
1280 3133 1322 3186 his
1341 3134 1432 3187 verbis
1453 3132 1617 3202 perscripsit
1629 3131 1771 3186 Rtslinus.

414 3216 493 3279 Quae
515 3229 582 3266 vero
605 3213 638 3265 de
653 3210 829 3283 Belgicamm
852 3225 943 3263 rerum
967 3210 1145 3264 conversione
1166 3218 1231 3264 tuno
1256 3212 1389 3267 inchoata
1406 3229 1468 3267 esse
1488 3211 1568 3276 dixit,
1593 3226 1630 3265 ea
1647 3209 1774 3282 sequenti

415 3313 487 3351 anno
504 3292 589 3349 1605.
605 3299 635 3346 et
656 3292 709 3345 boc
735 3292 819 3345 1606.
844 3289 1047 3351 continuarunt,
1064 3289 1197 3359 Hispanis
1219 3293 1254 3346 ab
1277 3293 1405 3346 orientali
1426 3293 1515 3347 latere
1536 3291 1704 3345 munitiones
1725 3290 1774 3344 ali·

415 3383 483 3449 quot
509 3371 756 3441 intercipientibus.
804 3371 834 3424 ln
862 3368 969 3439 Anglia
995 3385 1076 3431 tero,
1107 3386 1221 3440 quorum
1248 3380 1313 3426 tunc
1341 3372 1447 3443 sperari
1475 3373 1520 3426 rel
1549 3370 1633 3425 metui
1661 3377 1775 3440 poterat

415 3472 588 3525 καταςροφη,
606 3467 700 3506 eorum
727 3450 883 3504 succedenti
913 3456 1036 3519 tempore
1064 3450 1237 3504 manifestam
1265 3453 1375 3522 experti
1397 3469 1487 3506 sumus
1517 3450 1696 3527 ἀναςροφην.
1734 3452 1775 3504 lta

416 3535 461 3591 hic
487 3533 557 3589 nihil
584 3533 619 3586 ad
648 3536 750 3595 votum,
779 3536 893 3600 praeter
920 3529 994 3599 ipsos
1018 3529 1045 3582 in
1068 3546 1173 3601 genere
1196 3539 1285 3586 motus
1309 3534 1397 3604 regni,
1422 3533 1468 3605 qui
1488 3533 1648 3603 plerumque
1674 3548 1774 3602 suaque

416 3617 503 3687 deque
528 3614 645 3667 tendunt
666 3610 821 3681 promiscue
842 3617 874 3665 ut
896 3612 993 3664 fluctus
1018 3609 1123 3664 marini.
1143 3636 1182 3647 -·

451 3760 455 3769 ,
501 3708 573 3771 Quae
590 3710 617 3758 in
635 3707 776 3772 prasmhsis
793 3705 911 3756 historica
929 3704 1012 3769 tangit
1029 3703 1159 3768 Raptam,
1179 3705 1208 3755 iis
1226 3704 1289 3756 baec
1309 3704 1428 3757 addimus.
1476 3704 1617 3770 Stephanus
1635 3706 1774 3758 Becsksi

413 3779 539 3846 (Botakai)
568 3778 702 3845 Hungarus
722 3778 761 3828 dis
783 3776 823 3826 ll.
844 3775 900 3827 Oct.
923 3771 999 3823 stoc.
1027 3776 1180 3838 imperatoris
1208 3776 1283 3840 copiis
1311 3778 1438 3841 repentino
1465 3779 1559 3842 impetu
1578 3781 1700 3842 oppressis
1723 3793 1773 3827 mo·

411 3860 480 3904 tnnm
499 3852 696 3917 Hungadcornm
723 3849 820 3899 initium
846 3848 918 3905 tecit,
946 3847 986 3910 qui
1014 3846 1076 3895 liniti
1104 3854 1163 3897 sunt
1188 3861 1251 3910 pace
1280 3847 1393 3899 Viennae
1421 3845 1476 3912 (23.
1505 3848 1563 3900 Jan.
1594 3846 1672 3911 1606)
1698 3849 1774 3903 tacta,

413 3924 536 3976 Bocslaio
555 3921 756 3972 mordeamus
775 3920 838 3970 duee
856 3918 991 3969 declarato.

504 3994 682 4058 „Episcopatus
695 3991 944 4056 Argentinensis
963 3988 1081 4053 negotia“
1101 3988 1203 4039 dissidia
1214 3995 1330 4054 spectant
1347 3991 1412 4039 inter
1424 3990 1557 4040 canonicos
1569 3991 1602 4040 ab
1616 4002 1683 4041 anno
1696 3988 1775 4041 1692.

413 4072 516 4122 exorta,
542 4079 643 4129 quorum
665 4076 723 4128 pars
741 4062 845 4112 Lntheri
862 4062 920 4112 fidoi
939 4060 1041 4111 addicta
1059 4074 1115 4109 curn
1132 4060 1189 4115 illis.
1208 4061 1249 4126 qui
1267 4061 1408 4126 episcopum
1427 4060 1598 4112 Colonienssnr
1617 4062 1776 4114 Gabhardnn

412 4136 576 4202 argentinam
595 4134 706 4185 comitati
723 4139 804 4190 mant,
822 4145 889 4182 anno
904 4129 980 4180 15⁹².
1001 4132 1140 4195 episcopam
1159 4131 1287 4196 elegerunt
1298 4131 1421 4183 loannem
1434 4133 1575 4199 Georgium.
1595 4133 1713 4184 Fridsrtci
1732 4134 1776 4185 ad-

412 4206 585 4258 ministratoris
597 4204 819 4271 Magdebnrgsnsis
837 4203 922 4264 tilium,
940 4216 998 4266 pars
1016 4216 1073 4251 vero
1091 4201 1235 4252 Catholicae
1253 4202 1310 4252 ficei
1334 4203 1436 4253 addicta
1455 4204 1569 4255 Omnium
1586 4204 1777 4272 Lothsringim

414 4276 580 4331 (ludiariam.
606 4275 673 4326 Hinc
691 4280 792 4325 exortae
810 4274 878 4325 rixas
895 4276 921 4323 in
940 4273 1030 4325 bobum
1049 4280 1178 4324 omentum
1197 4282 1347 4329 exemerunt.
1368 4275 1407 4325 cni
1426 4288 1452 4324 se
1471 4277 1624 4326 mmhcusre
1644 4276 1711 4326 sires
1731 4280 1776 4325 dr·

414 4350 583 4417 gmtnomes.
619 4347 693 4396 Anno
713 4342 789 4395 1604.
810 4347 950 4408 pactionem
969 4347 1034 4394 inter
1052 4344 1179 4410 litigantes
1199 4344 1258 4394 iecit
1277 4344 1325 4395 dux
1343 4344 1554 4411 wurtembergiae
1574 4346 1722 4397 Fridoricna.

373 4478 376 4489 .
503 4435 606 4499 Koplari
624 4433 701 4484 rerba
719 4434 749 4483 de
767 4433 906 4484 Henrico
925 4432 971 4482 IV.
991 4432 1088 4482 Galliae
1106 4446 1173 4499 roge,
1200 4433 1311 4482 consulto
1330 4440 1356 4482 et
1373 4435 1484 4498 cogitate
1502 4435 1599 4485 Graeco
1618 4448 1733 4486 sermons
1751 4442 1778 4485 et

414 4510 519 4560 obscure
537 4507 698 4562 conmnnata,
717 4504 870 4568 explicantur
888 4518 911 4567 p.
931 4499 984 4552 534
1003 4503 1089 4568 lingna
1107 4503 1205 4567 quidem
1224 4503 1373 4555 Germanica
1392 4502 1501 4555 adhibito
1521 4504 1631 4563 „Lexico
1650 4505 1775 4564 Graeca'·

415 4594 496 4645 nsque
524 4593 580 4627 vcro
606 4575 644 4626 his
671 4576 726 4640 plus
749 4574 811 4626 lucis
839 4576 971 4639 accipiunt.
1010 4573 1095 4635 Quare
1117 4573 1180 4624 haec
1200 4563 1315 4624 addenda
1334 4590 1462 4625 censemus
1481 4577 1560 4626 secuti
1579 4575 1661 4626 relata
1678 4578 1778 4642 aqualis

414 4650 517 4714 Ksplen'
529 4650 668 4713 partimque
680 4646 814 4697 studiorum
827 4646 887 4695 socii
900 4643 988 4696 Ssthi
1002 4644 1148 4695 Galsisil:
1170 4648 1258 4703 „Anno
1276 4641 1352 4695 1604.
1365 4645 1487 4703 Jesuitae,
1500 4647 1541 4712 qni
1554 4654 1614 4698 ante
1627 4647 1777 4698 decennium

414 4728 470 4771 tota
490 4720 573 4770 Gabia
591 4719 665 4781 ejecti
683 4718 798 4775 inerant.
829 4716 860 4768 ad
889 4716 999 4765 crebram
1023 4717 1158 4779 principum
1177 4716 1269 4779 aliquot
1287 4724 1313 4767 st
1330 4717 1405 4780 ipsius
1423 4716 1551 4767 Pontificio
1573 4719 1777 4770 intercessionem

414 4792 441 4841 in
526 4804 566 4840 am
584 4789 699 4854 Reginae
718 4803 735 4841 a
752 4788 823 4854 Rege
841 4788 928 4837 iurum
947 4788 1040 4850 recepti
1059 4786 1141 4835 sunt.“
1167 4783 1299 4847 (calvisius
1321 4787 1348 4836 ln
1367 4786 1447 4851 Opere
1466 4788 1580 4838 chronol.
1600 4789 1639 4839 ad.
1660 4803 1684 4839 a.
1705 4787 1778 4840 102⁰

414 4876 440 4926 p.
480 4857 534 4922 ss).
559 4860 657 4912 ande
676 4874 741 4913 anno
762 4856 845 4908 teos:
867 4856 1032 4915 „Columna
1050 4856 1172 4908 Jcsuitics
1190 4873 1220 4909 sx
1239 4858 1316 4909 solido
1333 4871 1454 4909 mmmors
1466 4858 1569 4911 Parisiis
1585 4860 1612 4909 in
1630 4868 1779 4926 perpetuam
