3838 5824
623 344 628 357 r
722 306 884 358 aarum.
1441 306 1485 375 pr

117 468 208 509 muta
223 468 271 510 sut
287 474 405 512 sensnum
422 463 545 511 subtilitas
562 462 609 512 hoc
627 465 776 529 inresdgsre
796 466 902 527 peterit,
925 464 992 530 qued
1010 464 1133 529 Keplerns
1151 465 1273 525 intendlt;
1301 480 1360 517 uam
1381 469 1403 517 si
1427 482 1485 518 con·

117 533 223 579 nanum
241 531 343 581 firmiter
360 533 488 595 probetur,
511 535 588 581 omnis
608 533 736 598 Cepernici
755 538 906 585 astronomia
923 536 994 584 valde
1013 544 1130 600 suspecta
1153 539 1206 585 erit.
1234 537 1326 586 Dubito
1345 545 1487 601 praeterea,

118 615 150 650 an
171 604 231 650 tahs
250 604 375 666 inquisitio
394 604 427 651 ad
446 606 621 653 astronomiam
640 608 770 670 quicquam
790 614 918 669 apportet,
949 608 996 655 nisi
1021 620 1053 655 ea
1081 608 1113 655 ad
1131 609 1254 669 periectas
1273 610 1390 657 scientias
1410 606 1486 672 (quod

30 720 32 747 a
118 674 219 722 ridetur
236 673 335 731 conari)
354 681 519 723 movenatur.

193 744 261 794 Huic
278 746 376 793 iunixus
385 745 479 806 judicic
501 745 686 795 Hermastus
703 747 830 811 respondit
847 746 955 810 Keplerc
973 748 997 795 d.
1020 747 1060 795 15.
1077 747 1133 798 Oct
1154 745 1224 797 taes
1241 750 1307 799 hunc
1325 751 1351 798 in
1369 750 1486 801 medum:

118 816 174 867 nu
193 814 239 865 lcb
257 816 315 865 mm
332 815 415 864 Herm
432 816 477 865 ani
492 818 545 865 sau
564 831 597 865 an
613 818 681 867 mich
696 821 785 883 jltngst
802 817 896 883 getiian
915 817 1049 867 Schreibsn
1076 834 1104 868 so
1129 820 1204 884 lange
1223 820 1281 869 Zeit
1304 818 1374 870 nicht
1396 829 1485 886 genut-

118 896 217 941 rrortet,
237 887 271 934 ist
290 900 335 935 aas
354 886 531 951 eingeiallsner
548 887 703 944 Kranhhoit,
723 889 801 938 demit
818 888 859 938 ich
877 888 982 937 beladeu
1000 905 1115 953 genesen
1135 891 1185 938 und
1204 890 1294 940 dmaui
1311 890 1488 943 aubeiohlener

118 957 210 1015 Italas,
230 957 311 1006 daron
329 956 370 1005 ich
389 964 439 1005 erst
456 959 548 1007 wieder
565 958 630 1007 nach
648 959 719 1008 Hans
737 960 854 1024 gelangt,
882 959 978 1008 bishere
1003 960 1151 1010 verblieben.
1188 960 1246 1010 Und
1264 961 1324 1011 thue
1343 963 1409 1012 mich
1429 964 1488 1012 aber

119 1030 204 1077 seiaes
230 1041 264 1076 an
290 1027 356 1076 mich
384 1030 583 1093 abgegangenen
609 1029 768 1089 Schneibens,
798 1030 919 1080 darinneu
948 1046 974 1079 er
1000 1030 1066 1079 mich
1090 1033 1158 1080 aeine
1185 1032 1340 1082 rerhabende
1359 1033 1443 1083 studia
1459 1048 1487 1082 so

30 1116 31 1127 ¹
119 1099 273 1151 mulinis
291 1097 420 1157 mnchtet,
440 1113 505 1164 gana
523 1102 623 1151 traund-
641 1103 693 1151 und
713 1102 845 1151 &sasaim
863 1102 1002 1151 bedanken.

194 1171 250 1220 Wm
268 1170 309 1219 ich
328 1170 371 1220 des
390 1170 471 1220 Herm
489 1186 693 1236 rorgenommene
716 1174 901 1223 observationes
924 1173 1054 1229 rentem,
1083 1174 1184 1223 werden
1211 1174 1339 1232 mnan.
1368 1176 1413 1223 aui
1438 1176 1487 1227 deu

30 1238 31 1291 l
119 1241 173 1290 Fall
195 1242 230 1290 Er
248 1242 389 1290 sensibilem
407 1241 571 1291 differentiam
590 1258 620 1292 ex
639 1245 809 1293 observatione
828 1243 1021 1307 deprehendiren
1043 1243 1153 1299 hiante,
1183 1245 1227 1294 des
1256 1245 1385 1308 Coperuici
1409 1246 1486 1309 hypo·

118 1313 205 1361 theses
225 1314 344 1367 erertirt,
363 1312 478 1361 sintemal
498 1313 648 1377 Copemicus
666 1316 868 1378 praesupponit,
897 1314 961 1378 quod
989 1314 1108 1364 distantia
1135 1317 1199 1363 inter
1227 1314 1309 1365 Solem
1335 1322 1361 1365 et
1385 1315 1488 1365 Terram

122 1384 154 1433 sd
180 1384 375 1432 immensitatem
403 1384 530 1432 stellarum
556 1384 660 1434 fixarum
679 1388 812 1436 exhumari
839 1393 955 1449 nequeat.
993 1385 1050 1435 Und
1075 1386 1195 1450 gehdrten
1227 1386 1292 1436 dazu
1322 1388 1488 1436 instnrmenta

122 1468 234 1519 magns,
255 1461 390 1503 metuet
408 1455 624 1513 msafieauatms,
643 1458 755 1507 dsdnrch
781 1470 841 1506 man
864 1457 930 1506 anch
947 1455 981 1506 ad
998 1458 1115 1519 scrupula
1133 1458 1224 1521 prims,
1250 1459 1290 1507 rel
1307 1460 1385 1507 enam
1403 1464 1488 1521 partes

123 1526 219 1589 aliquas
239 1525 346 1587 scrupuli
365 1526 435 1589 primi
453 1528 565 1589 praecise
584 1528 723 1577 obsarriren
742 1529 843 1577 nonme
870 1526 913 1577 Da
931 1528 974 1577 der
992 1527 1057 1576 Herr
1074 1514 1233 1593 derfileicben
1249 1529 1302 1595 bat,
1322 1528 1487 1579 nimmtmielr

124 1596 248 1652 Wunder,
268 1611 305 1643 no
325 1596 384 1643 oder
401 1599 447 1645 wie
467 1612 496 1645 er,
511 1597 551 1647 die
570 1600 673 1648 ambert.
710 1598 801 1647 Wellte
819 1614 880 1663 geru
898 1601 1000 1659 nissen,
1020 1600 1063 1658 eb,
1088 1601 1134 1649 urie
1152 1600 1204 1648 und
1221 1602 1248 1648 in
1267 1614 1318 1651 rrae
1336 1599 1425 1649 Wehrt
1441 1614 1486 1649 un·

125 1666 264 1731 grunniet
283 1666 440 1732 dergleichen
459 1683 489 1716 zu
509 1668 655 1718 bekommen
673 1671 726 1718 sein
744 1668 869 1718 michten.

194 1738 281 1787 Wann
300 1738 356 1786 dem
373 1737 454 1787 Herm
473 1740 498 1787 in
516 1740 589 1788 rebus
606 1740 790 1790 mathematicis
817 1740 877 1790 oder
899 1739 964 1789 anch
987 1741 1037 1789 suis
1056 1741 1142 1790 studiis
1165 1746 1191 1789 et
1209 1741 1418 1789 observationibus
1437 1753 1488 1790 was

124 1810 264 1874 dulmget.
284 1810 341 1858 thut
358 1808 393 1856 Er
408 1811 455 1858 mir
472 1812 513 1859 ein
531 1810 692 1861 scnderbarss
705 1811 829 1867 (intellec,
849 1811 883 1860 da
899 1811 934 1861 Er
951 1811 1017 1860 mich
1035 1812 1124 1861 dmsan
1142 1812 1308 1876 rersmndigt,
1327 1811 1378 1860 und
1396 1811 1431 1861 da
1448 1810 1489 1860 ich

125 1881 177 1931 ime
195 1881 266 1930 kann
285 1880 358 1929 hiesu
374 1882 401 1928 in
420 1881 469 1929 eim
488 1881 547 1930 oder
565 1882 642 1931 ander
660 1882 724 1947 Weg
743 1883 867 1931 rerbolien
885 1897 960 1945 seyn.
980 1882 1025 1931 hat
1042 1883 1076 1932 Er
1094 1882 1160 1933 mich
1177 1884 1242 1931 daau
1260 1883 1343 1946 villig.
1380 1882 1437 1933 Wls
1448 1881 1490 1931 leb

125 1950 178 2001 lma
196 1951 266 2001 daun
284 1950 436 2000 mundicia
455 1951 672 2017 Dienstwilligheit
690 1968 721 2001 au
740 1955 857 2003 esseben
875 1955 979 2019 geneigt
997 1953 1127 2003 rerbleibs.
1199 1952 1296 2003 Datum
1314 1951 1359 2003 dtc.

196 2109 220 2158 E
238 2108 376 2174 Kepleri
394 2111 553 2172 responsione
570 2110 634 2161 haec
654 2110 783 2161 addimus:

218 2301 355 2365 Salutem
378 2303 408 2365 in
433 2300 554 2367 Christo
576 2303 746 2366 Mediatore
770 2314 803 2364 et
823 2302 1007 2367 Redemtore
1031 2313 1134 2368 nestro
1158 2306 1255 2367 unice.

218 2428 340 2489 Literas
363 2437 442 2500 tuas,
466 2428 570 2507 Magn.
595 2427 661 2502 Vir,
690 2424 739 2490 15.
764 2426 834 2491 Oct
859 2428 998 2508 scriptas,
1023 2426 1053 2490 5.
1078 2427 1151 2491 Dec.
1177 2429 1288 2507 accepi.
1313 2428 1489 2509 Recupera-

127 2526 192 2581 tam
217 2516 320 2596 itaque
342 2516 556 2589 valetudinem,
582 2517 752 2578 confectum
774 2516 902 2580 feliciter
924 2519 997 2587 iter,
1022 2525 1054 2578 et
1076 2517 1205 2578 reditum
1228 2519 1267 2578 ad
1290 2517 1407 2579 nobiles
1432 2515 1515 2577 de-·

128 2606 336 2670 iniustorum
360 2605 639 2666 mathematicorum
661 2605 718 2666 tibi
741 2606 886 2684 gratulor.

219 2691 308 2763 Quod
331 2713 415 2755 meas
438 2694 547 2754 stellae
570 2693 683 2772 polaris
707 2693 935 2755 observationes
958 2692 1079 2767 attinet,
1102 2694 1129 2754 si
1149 2692 1278 2753 antebac
1301 2710 1359 2753 non
1380 2692 1488 2761 monui,

131 2791 214 2847 certe
233 2783 300 2861 jam
322 2783 487 2860 praeterire
516 2801 574 2842 nou
601 2800 740 2861 pessum,
773 2782 927 2843 inductum
949 2781 1049 2841 mein
1074 2781 1150 2842 hanc
1180 2781 1380 2860 suspicionem
1403 2789 1489 2842 certa

128 2884 163 2935 et
180 2872 320 2935 dimensa
341 2872 444 2951 aliqua
460 2870 700 2945 ratiocinatione,
725 2871 852 2946 scilicet,
877 2878 912 2930 ut
934 2887 1010 2949 qnae
1033 2870 1111 2931 ratio
1135 2878 1184 2931 est
1206 2870 1286 2930 orbis
1302 2869 1425 2929 Terreni
1449 2868 1488 2929 ad

128 2962 233 3023 orbern
263 2960 452 3035 Saturnium,
482 2960 589 3021 eadem
619 2968 748 3039 ponatur
775 2960 852 3021 ratio
885 2958 967 3020 orbis
990 2956 1115 3019 Saturni
1143 2957 1182 3019 ad
1216 2957 1319 3018 orbem
1352 2958 1487 3019 finarum.

30 3118 31 3127 ,
129 3048 226 3111 Esset
247 3049 341 3126 igitur
363 3049 586 3110 semidiameter
608 3048 703 3122 orbis,
728 3048 778 3127 qui
802 3048 925 3109 Terram
948 3046 1045 3119 vehit,
1069 3047 1109 3107 ad
1131 3046 1388 3108 semidiametrurn
1411 3047 1489 3106 iina-

31 3138 32 3141 ’
129 3158 196 3201 rum
219 3136 426 3217 subcentnpla
448 3138 518 3218 qnia
540 3147 590 3198 est
604 3137 642 3198 ad
662 3137 920 3199 semidiametmm
937 3134 1061 3198 Saturni
1080 3134 1273 3213 subdecnpla.
1304 3134 1391 3196 Haec
1408 3134 1488 3195 ratio

129 3227 156 3289 si
180 3246 254 3289 vera
277 3226 334 3300 sit,
358 3225 528 3288 differentia
551 3224 741 3287 altitudinum
765 3226 950 3288 diversarum
973 3224 1082 3286 stellae
1105 3223 1218 3304 polaris
1242 3224 1301 3285 erit
1322 3240 1416 3304 prope
1439 3222 1488 3284 di-

130 3316 253 3377 midium
277 3314 414 3394 gradum.
459 3314 526 3376 Hac
548 3323 713 3394 praeeunte
736 3314 852 3377 ratione
876 3314 992 3377 accinxi
1015 3332 1063 3374 me
1087 3314 1128 3375 ad
1149 3313 1377 3376 observandum.
1409 3313 1490 3375 Nam

130 3406 169 3466 ad
193 3404 347 3467 dimidium
371 3403 498 3483 gradum
520 3404 683 3465 notandum
705 3423 764 3466 nen
788 3403 865 3465 adeo
887 3420 997 3484 magno
1020 3403 1219 3465 instrumente
1242 3419 1316 3481 opus
1331 3412 1389 3463 est.
1421 3402 1488 3461 Da·
1547 3452 1552 3467 .

128 3490 176 3555 bis
204 3492 299 3572 igitur
328 3491 448 3553 veniam
476 3492 563 3566 mibi,
597 3492 648 3572 qui
678 3493 716 3554 ad
745 3493 985 3577 speculationem·
1010 3491 1050 3564 (si
1080 3510 1134 3572 pro
1157 3491 1308 3571 dignitate
1332 3491 1397 3570 quis
1422 3506 1489 3551 earn

128 3589 265 3644 tractare
291 3580 378 3655 velit)
403 3580 644 3653 subtilissimam,
673 3581 738 3643 rndi
761 3581 959 3643 instrumento
988 3580 1113 3642 accessi.
1160 3580 1241 3641 Nam
1268 3580 1348 3658 qnod
1371 3578 1407 3639 de
1432 3578 1488 3639 nb-

129 3670 299 3733 mamito
330 3688 397 3731 meo
428 3668 567 3750 qnaeris,
598 3671 784 3750 respondeo,
813 3670 961 3748 prodiisse
992 3670 1065 3732 illud
1097 3689 1135 3731 ex
1163 3669 1270 3731 eadem
1293 3667 1426 3740 officina,
1451 3686 1489 3727 ex

129 3779 191 3840 qua
213 3758 375 3838 primorum
397 3765 555 3838 parentum
577 3759 698 3838 tuguria
719 3759 867 3839 prodiere.
914 3758 1043 3820 Suffecit
1072 3758 1152 3820 enirn
1179 3756 1252 3818 mibi
1275 3757 1489 3837 qualecumque
1527 3759 1537 3769 '

129 3848 362 3911 insumentum
394 3846 434 3908 ad
466 3844 619 3908 dimidium
646 3847 772 3927 gradum
799 3849 848 3908 vel
872 3847 1066 3908 asserendum
1098 3847 1147 3908 vel
1172 3848 1351 3924 negandum.
1398 3843 1489 3905 Etsi

130 3936 203 4001 nini
225 3956 284 3999 non
309 3936 450 4008 sufficiet,
473 3943 575 3997 tamen
599 3937 758 3999 carendum
782 3943 830 3997 est
853 3934 1053 4015 exquisitiori,
1078 3934 1147 4016 quia
1171 3952 1266 4014 neque
1292 3934 1363 3994 mihi
1389 3933 1489 3994 Attali

130 4033 202 4087 sunt
225 4044 308 4104 opes,
332 4042 428 4104 neque
451 4024 626 4086 Alexander
648 4025 827 4104 discipulus,
851 4043 947 4105 neque
972 4022 1141 4085 Praxiteles
1165 4023 1278 4103 opifex,
1303 4042 1399 4102 neque
1423 4021 1488 4083 Re-

129 4115 316 4194 gicmentaui
339 4132 455 4176 manns.
501 4112 545 4174 Et
565 4121 667 4177 tamen
692 4114 866 4193 quantulum
888 4112 959 4174 mihi
983 4131 1085 4174 arcum
1109 4112 1267 4187 indicavit,
1297 4112 1334 4172 de
1358 4130 1393 4172 eo
1418 4129 1489 4172 arcu

128 4211 232 4265 cemus
257 4221 332 4264 sum.
355 4202 415 4264 =Id
446 4209 480 4263 ut
508 4209 594 4263 tauto
622 4202 764 4264 libentius
793 4202 864 4263 mihi
887 4202 1013 4276 credas,
1046 4202 1214 4262 describam
1245 4200 1487 4261 instrumentum.

128 4290 310 4372 Spectatum
333 4291 458 4353 admissi
481 4291 573 4353 risum
596 4292 727 4353 teneatis
751 4292 858 4353 amici:
884 4288 961 4353 (lum
984 4310 1041 4351 nen
1057 4297 1140 4352 esset
1159 4289 1231 4351 mibi
1247 4290 1323 4350 alius
1343 4289 1488 4350 materiae

129 4381 218 4461 copia
240 4400 331 4460 quam
355 4379 437 4459 ligni,
463 4380 571 4441 scirem
592 4399 665 4442 vero
688 4388 837 4442 tumesere
861 4388 893 4441 et
916 4379 1031 4441 hiscere
1064 4379 1163 4439 emnia
1186 4378 1303 4447 omnino
1328 4378 1412 4457 ligna
1434 4396 1488 4457 pro

128 4472 247 4533 ratione
271 4470 352 4531 airis
375 4469 405 4530 in
430 4469 544 4530 latum:
568 4469 637 4530 ideo
660 4469 849 4531 machinatus
873 4487 938 4530 snm
960 4469 1023 4529 tale
1045 4468 1287 4541 instrumentum,
1307 4469 1392 4546 cnjus
1412 4486 1489 4547 quae

129 4572 232 4625 mutae
257 4566 290 4621 et
312 4566 488 4620 constantes
511 4576 579 4618 esse
604 4557 757 4619 debebant
780 4557 890 4633 lineae,
929 4578 948 4618 a
975 4556 1159 4636 longitudine
1192 4562 1224 4618 et
1245 4556 1328 4617 fibris
1352 4555 1416 4616 sire
1437 4555 1488 4616 iilo

129 4648 201 4730 ligni
233 4647 468 4711 sustinerentur.
516 4646 710 4725 Triangulum
743 4646 844 4727 itaque
873 4644 912 4716 6,
936 4644 974 4720 8,
1002 4646 1042 4708 10
1071 4646 1180 4727 pedum
1203 4645 1310 4707 struxi.
1356 4645 1435 4705 Nam
1459 4643 1489 4704 hi

130 4739 245 4801 numeri
267 4736 398 4800 emnium
421 4734 588 4798 certissime
611 4736 743 4815 produnt
763 4744 878 4798 rectum
901 4735 1053 4815 angulum.
1098 4734 1134 4796 Id
1157 4734 1337 4814 triangulum
1365 4740 1489 4794 erecto

129 4829 240 4910 angulo
264 4824 419 4905 suspendi,
441 4825 524 4888 iilum
541 4844 608 4888 cnm
630 4823 843 4907 perpendiculo
866 4843 905 4886 ex
927 4824 1033 4885 eodem
1055 4831 1139 4885 recto
1154 4825 1265 4903 angulo
1288 4821 1405 4895 demisi,
1430 4821 1489 4900 hy·
1540 4826 1546 4835 '

1233 4927 1276 4976 μ’
