<?xml version="1.0" encoding="UTF-8"?>
<!DOCTYPE html PUBLIC "-//W3C//DTD XHTML 1.0 Transitional//EN"
    "http://www.w3.org/TR/xhtml1/DTD/xhtml1-transitional.dtd">
<html xmlns="http://www.w3.org/1999/xhtml" xml:lang="en" lang="en">
 <head>
  <title>
</title>
<meta http-equiv="Content-Type" content="text/html;charset=utf-8" />
  <meta name='ocr-system' content='tesseract 3.04.00' />
  <meta name='ocr-capabilities' content='ocr_page ocr_carea ocr_par ocr_line ocrx_word'/>
</head>
<body>
  <div class='ocr_page' id='page_1' title='image "./joanniskepleria27frisgoog_0164.png"; bbox 0 0 3838 5824; ppageno 0'>
   <div class='ocr_carea' id='block_1_1' title="bbox 728 422 971 487">
    <p class='ocr_par' dir='ltr' id='par_1_1' title="bbox 728 422 971 487">
     <span class='ocr_line' id='line_1_1' title="bbox 728 422 971 487; baseline 0.008 -14"><span class='ocrx_word' id='word_1_1' title='bbox 728 422 810 487; x_wconf 77' lang='lat' dir='ltr'>Caput</span> <span class='ocrx_word' id='word_1_2' title='bbox 827 422 971 475; x_wconf 80' lang='lat' dir='ltr'>vr-vm.</span> 
     </span>
    </p>
   </div>
   <div class='ocr_carea' id='block_1_2' title="bbox 444 602 1251 859">
    <p class='ocr_par' dir='ltr' id='par_1_2' title="bbox 444 602 1251 859">
     <span class='ocr_line' id='line_1_2' title="bbox 699 602 966 715; baseline -0.011 -20"><span class='ocrx_word' id='word_1_3' title='bbox 699 682 706 695; x_wconf 89' lang='lat'>.</span> <span class='ocrx_word' id='word_1_4' title='bbox 738 602 858 715; x_wconf 81' lang='lat' dir='ltr'>Caput</span> <span class='ocrx_word' id='word_1_5' title='bbox 883 616 966 692; x_wconf 91' lang='lat' dir='ltr'>VII.</span> 
     </span>
     <span class='ocr_line' id='line_1_3' title="bbox 444 773 1251 859; baseline 0.005 -23"><span class='ocrx_word' id='word_1_6' title='bbox 444 773 501 836; x_wconf 84' lang='lat' dir='ltr'>De</span> <span class='ocrx_word' id='word_1_7' title='bbox 522 775 787 838; x_wconf 77' lang='lat' dir='ltr'>secundariorum</span> <span class='ocrx_word' id='word_1_8' title='bbox 809 775 922 838; x_wconf 78' lang='lat' dir='ltr'>ordine</span> <span class='ocrx_word' id='word_1_9' title='bbox 945 784 975 839; x_wconf 85' lang='lat' dir='ltr'>et</span> <span class='ocrx_word' id='word_1_10' title='bbox 993 778 1251 859; x_wconf 68' lang='lat' dir='ltr'>propriermmm.</span> 
     </span>
    </p>
   </div>
   <div class='ocr_carea' id='block_1_3' title="bbox 169 900 1532 1175">
    <p class='ocr_par' dir='ltr' id='par_1_3' title="bbox 169 900 1532 1175">
     <span class='ocr_line' id='line_1_4' title="bbox 258 900 1532 997; baseline 0.003 -20"><span class='ocrx_word' id='word_1_11' title='bbox 258 900 446 977; x_wconf 76' lang='lat' dir='ltr'>secundaria</span> <span class='ocrx_word' id='word_1_12' title='bbox 464 915 542 996; x_wconf 89' lang='lat' dir='ltr'>qnod</span> <span class='ocrx_word' id='word_1_13' title='bbox 558 915 677 990; x_wconf 80' lang='lat' dir='ltr'><strong>attinet,</strong></span> <span class='ocrx_word' id='word_1_14' title='bbox 703 934 770 977; x_wconf 88' lang='lat' dir='ltr'>cnm</span> <span class='ocrx_word' id='word_1_15' title='bbox 790 918 955 980; x_wconf 71' lang='lat' dir='ltr'>octaedrcu</span> <span class='ocrx_word' id='word_1_16' title='bbox 979 918 1020 978; x_wconf 85' lang='lat' dir='ltr'>sit</span> <span class='ocrx_word' id='word_1_17' title='bbox 1041 917 1125 997; x_wconf 86' lang='lat' dir='ltr'>prius</span> <span class='ocrx_word' id='word_1_18' title='bbox 1148 917 1315 993; x_wconf 60' lang='lat' dir='ltr'>icosaEdro,</span> <span class='ocrx_word' id='word_1_19' title='bbox 1339 920 1446 981; x_wconf 88' lang='lat' dir='ltr'>mirum</span> <span class='ocrx_word' id='word_1_20' title='bbox 1469 908 1532 981; x_wconf 54' lang='lat' dir='ltr'>nliss&#39;</span> 
     </span>
     <span class='ocr_line' id='line_1_5' title="bbox 170 1003 1529 1087; baseline 0.002 -20"><span class='ocrx_word' id='word_1_21' title='bbox 170 1005 218 1067; x_wconf 88' lang='lat' dir='ltr'>cni</span> <span class='ocrx_word' id='word_1_22' title='bbox 230 1004 325 1066; x_wconf 88' lang='lat' dir='ltr'>videri</span> <span class='ocrx_word' id='word_1_23' title='bbox 339 1004 449 1083; x_wconf 83' lang='lat' dir='ltr'>possit,</span> <span class='ocrx_word' id='word_1_24' title='bbox 473 1022 527 1065; x_wconf 89' lang='lat' dir='ltr'>cur</span> <span class='ocrx_word' id='word_1_25' title='bbox 544 1003 624 1084; x_wconf 92' lang='lat' dir='ltr'>quod</span> <span class='ocrx_word' id='word_1_26' title='bbox 639 1004 742 1066; x_wconf 90' lang='lat' dir='ltr'>ordine</span> <span class='ocrx_word' id='word_1_27' title='bbox 762 1012 887 1067; x_wconf 85' lang='lat' dir='ltr'>naturae</span> <span class='ocrx_word' id='word_1_28' title='bbox 902 1006 1053 1086; x_wconf 82' lang='lat' dir='ltr'><strong>posterius</strong></span> <span class='ocrx_word' id='word_1_29' title='bbox 1073 1015 1130 1079; x_wconf 89' lang='lat' dir='ltr'>est,</span> <span class='ocrx_word' id='word_1_30' title='bbox 1153 1005 1183 1066; x_wconf 89' lang='lat' dir='ltr'>iu</span> <span class='ocrx_word' id='word_1_31' title='bbox 1209 1006 1318 1068; x_wconf 88' lang='lat' dir='ltr'>mundo</span> <span class='ocrx_word' id='word_1_32' title='bbox 1342 1007 1529 1087; x_wconf 79' lang='lat' dir='ltr'>praecedat?</span> 
     </span>
     <span class='ocr_line' id='line_1_6' title="bbox 169 1091 1529 1175; baseline 0.001 -19"><span class='ocrx_word' id='word_1_33' title='bbox 169 1093 250 1156; x_wconf 83' lang='lat' dir='ltr'>Nam</span> <span class='ocrx_word' id='word_1_34' title='bbox 273 1092 343 1174; x_wconf 83' lang='lat' dir='ltr'>quin</span> <span class='ocrx_word' id='word_1_35' title='bbox 365 1093 452 1153; x_wconf 86' lang='lat' dir='ltr'>Mars</span> <span class='ocrx_word' id='word_1_36' title='bbox 475 1091 683 1152; x_wconf 79' lang='lat' dir='ltr'>dodecaedron</span> <span class='ocrx_word' id='word_1_37' title='bbox 708 1092 832 1154; x_wconf 87' lang='lat' dir='ltr'>sortitus</span> <span class='ocrx_word' id='word_1_38' title='bbox 856 1103 905 1155; x_wconf 90' lang='lat' dir='ltr'>est</span> <span class='ocrx_word' id='word_1_39' title='bbox 927 1113 995 1155; x_wconf 89' lang='lat' dir='ltr'>oum</span> <span class='ocrx_word' id='word_1_40' title='bbox 1017 1094 1146 1167; x_wconf 76' lang='lat' dir='ltr'>Tellure,</span> <span class='ocrx_word' id='word_1_41' title='bbox 1171 1093 1306 1175; x_wconf 88' lang='lat' dir='ltr'>sequitur</span> <span class='ocrx_word' id='word_1_42' title='bbox 1329 1113 1367 1155; x_wconf 86' lang='lat' dir='ltr'>ex</span> <span class='ocrx_word' id='word_1_43' title='bbox 1390 1097 1428 1156; x_wconf 91' lang='lat' dir='ltr'>iis</span> <span class='ocrx_word' id='word_1_44' title='bbox 1452 1114 1529 1175; x_wconf 90' lang='lat' dir='ltr'>quae</span> 
     </span>
    </p>
   </div>
   <div class='ocr_carea' id='block_1_4' title="bbox 172 1180 1648 1263">
    <p class='ocr_par' dir='ltr' id='par_1_4' title="bbox 172 1180 1648 1263">
     <span class='ocr_line' id='line_1_7' title="bbox 172 1180 1648 1263; baseline -0.003 -20"><span class='ocrx_word' id='word_1_45' title='bbox 172 1181 320 1254; x_wconf 79' lang='lat' dir='ltr'><strong>diximus,</strong></span> <span class='ocrx_word' id='word_1_46' title='bbox 353 1180 433 1241; x_wconf 80' lang='lat' dir='ltr'>inter</span> <span class='ocrx_word' id='word_1_47' title='bbox 455 1180 605 1242; x_wconf 80' lang='lat' dir='ltr'>Tellurem</span> <span class='ocrx_word' id='word_1_48' title='bbox 633 1187 665 1241; x_wconf 92' lang='lat' dir='ltr'>et</span> <span class='ocrx_word' id='word_1_49' title='bbox 687 1180 840 1243; x_wconf 80' lang='lat' dir='ltr'>Venerem</span> <span class='ocrx_word' id='word_1_50' title='bbox 866 1182 1013 1243; x_wconf 83' lang='lat' dir='ltr'>interesse</span> <span class='ocrx_word' id='word_1_51' title='bbox 1041 1181 1228 1263; x_wconf 76' lang='lat' dir='ltr'>icosaedron.</span> <span class='ocrx_word' id='word_1_52' title='bbox 1281 1181 1324 1244; x_wconf 87' lang='lat' dir='ltr'>Et</span> <span class='ocrx_word' id='word_1_53' title='bbox 1350 1183 1432 1261; x_wconf 90' lang='lat' dir='ltr'>prius</span> <span class='ocrx_word' id='word_1_54' title='bbox 1463 1203 1530 1244; x_wconf 86' lang='lat' dir='ltr'>esse</span> <span class='ocrx_word' id='word_1_55' title='bbox 1641 1232 1648 1239; x_wconf 89' lang='lat'>.</span> 
     </span>
    </p>
   </div>
   <div class='ocr_carea' id='block_1_5' title="bbox 170 1264 1615 2495">
    <p class='ocr_par' dir='ltr' id='par_1_5' title="bbox 170 1264 1615 2495">
     <span class='ocr_line' id='line_1_8' title="bbox 170 1264 1531 1347; baseline -0.001 -15"><span class='ocrx_word' id='word_1_56' title='bbox 170 1270 335 1332; x_wconf 73' lang='lat' dir='ltr'>octaedron</span> <span class='ocrx_word' id='word_1_57' title='bbox 364 1270 524 1330; x_wconf 77' lang='lat' dir='ltr'>icosaedro</span> <span class='ocrx_word' id='word_1_58' title='bbox 556 1268 653 1330; x_wconf 86' lang='lat' dir='ltr'>multu</span> <span class='ocrx_word' id='word_1_59' title='bbox 684 1264 824 1347; x_wconf 79' lang='lat' dir='ltr'>probant.</span> <span class='ocrx_word' id='word_1_60' title='bbox 875 1266 1008 1331; x_wconf 88' lang='lat' dir='ltr'>Primum</span> <span class='ocrx_word' id='word_1_61' title='bbox 1041 1269 1119 1331; x_wconf 90' lang='lat' dir='ltr'>enim</span> <span class='ocrx_word' id='word_1_62' title='bbox 1151 1270 1313 1331; x_wconf 80' lang='lat' dir='ltr'>ocuedron</span> <span class='ocrx_word' id='word_1_63' title='bbox 1346 1280 1451 1345; x_wconf 82' lang='lat' dir='ltr'>natum</span> <span class='ocrx_word' id='word_1_64' title='bbox 1482 1278 1531 1332; x_wconf 88' lang='lat' dir='ltr'>est</span> 
     </span>
     <span class='ocr_line' id='line_1_9' title="bbox 171 1356 1529 1438; baseline -0.001 -18"><span class='ocrx_word' id='word_1_65' title='bbox 171 1363 245 1431; x_wconf 88' lang='lat' dir='ltr'>(uon</span> <span class='ocrx_word' id='word_1_66' title='bbox 270 1376 340 1418; x_wconf 83' lang='lat' dir='ltr'>vere</span> <span class='ocrx_word' id='word_1_67' title='bbox 364 1357 495 1438; x_wconf 88' lang='lat' dir='ltr'>quidem,</span> <span class='ocrx_word' id='word_1_68' title='bbox 520 1357 573 1418; x_wconf 88' lang='lat' dir='ltr'>sed</span> <span class='ocrx_word' id='word_1_69' title='bbox 595 1356 641 1417; x_wconf 88' lang='lat' dir='ltr'>ita</span> <span class='ocrx_word' id='word_1_70' title='bbox 664 1357 749 1436; x_wconf 80' lang='lat' dir='ltr'>quasi</span> <span class='ocrx_word' id='word_1_71' title='bbox 772 1366 876 1418; x_wconf 89' lang='lat' dir='ltr'>natum</span> <span class='ocrx_word' id='word_1_72' title='bbox 900 1358 956 1430; x_wconf 88' lang='lat' dir='ltr'>sit)</span> <span class='ocrx_word' id='word_1_73' title='bbox 980 1357 1116 1418; x_wconf 88' lang='lat' dir='ltr'>excubo</span> <span class='ocrx_word' id='word_1_74' title='bbox 1141 1364 1172 1418; x_wconf 85' lang='lat' dir='ltr'>et</span> <span class='ocrx_word' id='word_1_75' title='bbox 1194 1358 1349 1437; x_wconf 84' lang='lat' dir='ltr'>pyramide</span> <span class='ocrx_word' id='word_1_76' title='bbox 1371 1359 1475 1438; x_wconf 89' lang='lat' dir='ltr'>primis</span> <span class='ocrx_word' id='word_1_77' title='bbox 1499 1358 1529 1418; x_wconf 95' lang='lat' dir='ltr'>iu</span> 
     </span>
     <span class='ocr_line' id='line_1_10' title="bbox 171 1444 1615 1526; baseline -0.002 -17"><span class='ocrx_word' id='word_1_78' title='bbox 171 1447 361 1510; x_wconf 81' lang='lat' dir='ltr'>socordiae:</span> <span class='ocrx_word' id='word_1_79' title='bbox 387 1464 511 1526; x_wconf 90' lang='lat' dir='ltr'>quornm</span> <span class='ocrx_word' id='word_1_80' title='bbox 525 1445 608 1506; x_wconf 89' lang='lat' dir='ltr'>illins</span> <span class='ocrx_word' id='word_1_81' title='bbox 622 1464 777 1507; x_wconf 89' lang='lat' dir='ltr'>numerum</span> <span class='ocrx_word' id='word_1_82' title='bbox 792 1447 930 1519; x_wconf 87' lang='lat' dir='ltr'>laterum,</span> <span class='ocrx_word' id='word_1_83' title='bbox 953 1445 1043 1525; x_wconf 89' lang='lat' dir='ltr'>hujus</span> <span class='ocrx_word' id='word_1_84' title='bbox 1059 1445 1145 1506; x_wconf 85' lang='lat' dir='ltr'>basin</span> <span class='ocrx_word' id='word_1_85' title='bbox 1163 1446 1347 1524; x_wconf 79' lang='lat' dir='ltr'>triangulam</span> <span class='ocrx_word' id='word_1_86' title='bbox 1365 1454 1529 1508; x_wconf 84' lang='lat' dir='ltr'>mutuatur.</span> <span class='ocrx_word' id='word_1_87' title='bbox 1611 1444 1615 1451; x_wconf 90' lang='lat'>&#39;</span> 
     </span>
     <span class='ocr_line' id='line_1_11' title="bbox 170 1533 1528 1614; baseline -0.004 -14"><span class='ocrx_word' id='word_1_88' title='bbox 170 1535 354 1601; x_wconf 70' lang='lat' dir='ltr'>loosaedron</span> <span class='ocrx_word' id='word_1_89' title='bbox 377 1553 449 1596; x_wconf 80' lang='lat' dir='ltr'>vero</span> <span class='ocrx_word' id='word_1_90' title='bbox 474 1534 662 1614; x_wconf 84' lang='lat' dir='ltr'>apyramide</span> <span class='ocrx_word' id='word_1_91' title='bbox 683 1542 715 1595; x_wconf 89' lang='lat' dir='ltr'>et</span> <span class='ocrx_word' id='word_1_92' title='bbox 728 1534 917 1596; x_wconf 81' lang='lat' dir='ltr'>dodecaeoro</span> <span class='ocrx_word' id='word_1_93' title='bbox 941 1534 1103 1613; x_wconf 81' lang='lat' dir='ltr'>postremis</span> <span class='ocrx_word' id='word_1_94' title='bbox 1126 1534 1156 1594; x_wconf 92' lang='lat' dir='ltr'>in</span> <span class='ocrx_word' id='word_1_95' title='bbox 1180 1552 1234 1594; x_wconf 92' lang='lat' dir='ltr'>suo</span> <span class='ocrx_word' id='word_1_96' title='bbox 1257 1533 1360 1594; x_wconf 88' lang='lat' dir='ltr'>ordine</span> <span class='ocrx_word' id='word_1_97' title='bbox 1385 1534 1528 1595; x_wconf 85' lang='lat' dir='ltr'>nuscitur.</span> 
     </span>
     <span class='ocr_line' id='line_1_12' title="bbox 170 1619 1531 1695; baseline -0.001 -8"><span class='ocrx_word' id='word_1_98' title='bbox 170 1624 303 1687; x_wconf 86' lang='lat' dir='ltr'>Rursum</span> <span class='ocrx_word' id='word_1_99' title='bbox 318 1623 396 1686; x_wconf 86' lang='lat' dir='ltr'>enim</span> <span class='ocrx_word' id='word_1_100' title='bbox 415 1643 453 1684; x_wconf 85' lang='lat' dir='ltr'>ex</span> <span class='ocrx_word' id='word_1_101' title='bbox 476 1622 530 1683; x_wconf 85' lang='lat' dir='ltr'>illa</span> <span class='ocrx_word' id='word_1_102' title='bbox 550 1622 649 1695; x_wconf 82' lang='lat' dir='ltr'>basin,</span> <span class='ocrx_word' id='word_1_103' title='bbox 674 1641 712 1683; x_wconf 84' lang='lat' dir='ltr'>ex</span> <span class='ocrx_word' id='word_1_104' title='bbox 726 1622 782 1683; x_wconf 90' lang='lat' dir='ltr'>boc</span> <span class='ocrx_word' id='word_1_105' title='bbox 797 1641 951 1685; x_wconf 90' lang='lat' dir='ltr'>numerum</span> <span class='ocrx_word' id='word_1_106' title='bbox 965 1622 1093 1683; x_wconf 87' lang='lat' dir='ltr'>laterum</span> <span class='ocrx_word' id='word_1_107' title='bbox 1106 1629 1271 1683; x_wconf 89' lang='lat' dir='ltr'>mutuatur.</span> <span class='ocrx_word' id='word_1_108' title='bbox 1306 1619 1341 1693; x_wconf 84' lang='lat'>2)</span> <span class='ocrx_word' id='word_1_109' title='bbox 1357 1619 1531 1685; x_wconf 73' lang='lat' dir='ltr'>Octabdrou</span> 
     </span>
     <span class='ocr_line' id='line_1_13' title="bbox 172 1709 1529 1790; baseline -0.004 -15"><span class='ocrx_word' id='word_1_110' title='bbox 172 1722 205 1775; x_wconf 93' lang='lat' dir='ltr'>et</span> <span class='ocrx_word' id='word_1_111' title='bbox 225 1712 404 1775; x_wconf 74' lang='lat' dir='ltr'>ieosalidron</span> <span class='ocrx_word' id='word_1_112' title='bbox 428 1711 454 1773; x_wconf 90' lang='lat' dir='ltr'>si</span> <span class='ocrx_word' id='word_1_113' title='bbox 477 1730 515 1771; x_wconf 85' lang='lat' dir='ltr'>ex</span> <span class='ocrx_word' id='word_1_114' title='bbox 539 1711 657 1790; x_wconf 89' lang='lat' dir='ltr'>augulis</span> <span class='ocrx_word' id='word_1_115' title='bbox 681 1709 847 1789; x_wconf 84' lang='lat' dir='ltr'>adspicias,</span> <span class='ocrx_word' id='word_1_116' title='bbox 880 1710 953 1773; x_wconf 90' lang='lat' dir='ltr'>illud</span> <span class='ocrx_word' id='word_1_117' title='bbox 978 1711 1045 1772; x_wconf 91' lang='lat' dir='ltr'>cubi</span> <span class='ocrx_word' id='word_1_118' title='bbox 1068 1709 1156 1771; x_wconf 84' lang='lat' dir='ltr'>basin</span> <span class='ocrx_word' id='word_1_119' title='bbox 1179 1709 1360 1789; x_wconf 84' lang='lat' dir='ltr'>quadratam</span> <span class='ocrx_word' id='word_1_120' title='bbox 1383 1717 1529 1783; x_wconf 80' lang='lat' dir='ltr'>ostentat,</span> 
     </span>
     <span class='ocr_line' id='line_1_14' title="bbox 170 1796 1530 1878; baseline -0.004 -13"><span class='ocrx_word' id='word_1_121' title='bbox 170 1802 227 1865; x_wconf 88' lang='lat' dir='ltr'>boc</span> <span class='ocrx_word' id='word_1_122' title='bbox 251 1800 432 1867; x_wconf 79' lang='lat' dir='ltr'>dodecaedri</span> <span class='ocrx_word' id='word_1_123' title='bbox 456 1797 719 1878; x_wconf 80' lang='lat' dir='ltr'>quinquangulum.</span> <span class='ocrx_word' id='word_1_124' title='bbox 762 1796 797 1872; x_wconf 87' lang='lat'>3)</span> <span class='ocrx_word' id='word_1_125' title='bbox 822 1796 1008 1861; x_wconf 70' lang='lat' dir='ltr'>Octaidrum</span> <span class='ocrx_word' id='word_1_126' title='bbox 1032 1797 1106 1863; x_wconf 89' lang='lat' dir='ltr'>cubo</span> <span class='ocrx_word' id='word_1_127' title='bbox 1129 1797 1320 1877; x_wconf 83' lang='lat' dir='ltr'>aequealtum</span> <span class='ocrx_word' id='word_1_128' title='bbox 1344 1806 1401 1872; x_wconf 89' lang='lat' dir='ltr'>est,</span> <span class='ocrx_word' id='word_1_129' title='bbox 1425 1805 1459 1859; x_wconf 91' lang='lat' dir='ltr'>ut</span> <span class='ocrx_word' id='word_1_130' title='bbox 1482 1796 1530 1859; x_wconf 89' lang='lat' dir='ltr'>vi-</span> 
     </span>
     <span class='ocr_line' id='line_1_15' title="bbox 171 1883 1531 1962; baseline -0.004 -10"><span class='ocrx_word' id='word_1_131' title='bbox 171 1888 326 1962; x_wconf 84' lang='lat' dir='ltr'>debimus,</span> <span class='ocrx_word' id='word_1_132' title='bbox 359 1897 392 1950; x_wconf 90' lang='lat' dir='ltr'>et</span> <span class='ocrx_word' id='word_1_133' title='bbox 413 1888 591 1950; x_wconf 73' lang='lat' dir='ltr'>icosaedron</span> <span class='ocrx_word' id='word_1_134' title='bbox 614 1887 814 1948; x_wconf 80' lang='lat' dir='ltr'>dodecaedro.</span> <span class='ocrx_word' id='word_1_135' title='bbox 862 1883 897 1961; x_wconf 85' lang='grc'>4)</span> <span class='ocrx_word' id='word_1_136' title='bbox 922 1884 1096 1948; x_wconf 75' lang='lat' dir='ltr'>Octaedron</span> <span class='ocrx_word' id='word_1_137' title='bbox 1128 1903 1196 1946; x_wconf 89' lang='lat' dir='ltr'>cnm</span> <span class='ocrx_word' id='word_1_138' title='bbox 1223 1885 1318 1958; x_wconf 87' lang='lat' dir='ltr'>cubo,</span> <span class='ocrx_word' id='word_1_139' title='bbox 1353 1885 1531 1947; x_wconf 74' lang='lat' dir='ltr'>icosabdron</span> 
     </span>
     <span class='ocr_line' id='line_1_16' title="bbox 171 1968 1532 2055; baseline -0.003 -14"><span class='ocrx_word' id='word_1_140' title='bbox 171 1996 238 2041; x_wconf 82' lang='lat' dir='ltr'>oum</span> <span class='ocrx_word' id='word_1_141' title='bbox 260 1977 449 2038; x_wconf 73' lang='lat' dir='ltr'>dodecaddro</span> <span class='ocrx_word' id='word_1_142' title='bbox 472 1982 646 2055; x_wconf 79' lang='lat' dir='ltr'>permutant</span> <span class='ocrx_word' id='word_1_143' title='bbox 668 1994 823 2037; x_wconf 87' lang='lat' dir='ltr'>numerum</span> <span class='ocrx_word' id='word_1_144' title='bbox 845 1975 964 2035; x_wconf 86' lang='lat' dir='ltr'>basium</span> <span class='ocrx_word' id='word_1_145' title='bbox 978 1983 1010 2037; x_wconf 90' lang='lat' dir='ltr'>et</span> <span class='ocrx_word' id='word_1_146' title='bbox 1025 1971 1211 2052; x_wconf 87' lang='lat' dir='ltr'>angulorum.</span> <span class='ocrx_word' id='word_1_147' title='bbox 1245 1968 1326 2033; x_wconf 89' lang='lat' dir='ltr'>Nam</span> <span class='ocrx_word' id='word_1_148' title='bbox 1350 1972 1417 2035; x_wconf 85' lang='lat' dir='ltr'>cubi</span> <span class='ocrx_word' id='word_1_149' title='bbox 1440 1973 1532 2037; x_wconf 77' lang='lat' dir='ltr'>baeer</span> 
     </span>
     <span class='ocr_line' id='line_1_17' title="bbox 171 2059 1532 2144; baseline -0.008 -14"><span class='ocrx_word' id='word_1_150' title='bbox 171 2075 203 2131; x_wconf 78' lang='lat' dir='ltr'>et</span> <span class='ocrx_word' id='word_1_151' title='bbox 226 2065 361 2128; x_wconf 77' lang='lat' dir='ltr'>octaedri</span> <span class='ocrx_word' id='word_1_152' title='bbox 383 2065 486 2144; x_wconf 86' lang='lat' dir='ltr'>anguli</span> <span class='ocrx_word' id='word_1_153' title='bbox 510 2073 581 2126; x_wconf 89' lang='lat' dir='ltr'>sunt</span> <span class='ocrx_word' id='word_1_154' title='bbox 608 2083 680 2136; x_wconf 82' lang='lat' dir='ltr'>sex,</span> <span class='ocrx_word' id='word_1_155' title='bbox 716 2064 798 2125; x_wconf 87' lang='lat' dir='ltr'>illius</span> <span class='ocrx_word' id='word_1_156' title='bbox 828 2062 931 2141; x_wconf 84' lang='lat' dir='ltr'>anguli</span> <span class='ocrx_word' id='word_1_157' title='bbox 955 2069 986 2123; x_wconf 87' lang='lat' dir='ltr'>et</span> <span class='ocrx_word' id='word_1_158' title='bbox 1009 2061 1097 2140; x_wconf 89' lang='lat' dir='ltr'>hujus</span> <span class='ocrx_word' id='word_1_159' title='bbox 1121 2061 1211 2123; x_wconf 88' lang='lat' dir='ltr'>bases</span> <span class='ocrx_word' id='word_1_160' title='bbox 1234 2068 1313 2121; x_wconf 84' lang='lat' dir='ltr'>octo.</span> <span class='ocrx_word' id='word_1_161' title='bbox 1360 2059 1414 2122; x_wconf 88' lang='lat' dir='ltr'>Sic</span> <span class='ocrx_word' id='word_1_162' title='bbox 1438 2060 1532 2121; x_wconf 89' lang='lat' dir='ltr'>dode·</span> 
     </span>
     <span class='ocr_line' id='line_1_18' title="bbox 171 2147 1532 2230; baseline -0.006 -15"><span class='ocrx_word' id='word_1_163' title='bbox 171 2154 273 2216; x_wconf 76' lang='lat' dir='ltr'>caedri</span> <span class='ocrx_word' id='word_1_164' title='bbox 297 2154 387 2215; x_wconf 85' lang='lat' dir='ltr'>bases</span> <span class='ocrx_word' id='word_1_165' title='bbox 410 2162 441 2214; x_wconf 91' lang='lat' dir='ltr'>et</span> <span class='ocrx_word' id='word_1_166' title='bbox 465 2151 612 2215; x_wconf 73' lang='lat' dir='ltr'>icosaedri</span> <span class='ocrx_word' id='word_1_167' title='bbox 637 2152 739 2229; x_wconf 90' lang='lat' dir='ltr'>anguli</span> <span class='ocrx_word' id='word_1_168' title='bbox 761 2160 832 2212; x_wconf 88' lang='lat' dir='ltr'>suut</span> <span class='ocrx_word' id='word_1_169' title='bbox 855 2151 992 2230; x_wconf 90' lang='lat' dir='ltr'>utrinque</span> <span class='ocrx_word' id='word_1_170' title='bbox 1012 2148 1188 2211; x_wconf 82' lang='lat' dir='ltr'>duodecim:</span> <span class='ocrx_word' id='word_1_171' title='bbox 1213 2147 1347 2210; x_wconf 87' lang='lat' dir='ltr'>vicissim</span> <span class='ocrx_word' id='word_1_172' title='bbox 1371 2148 1451 2210; x_wconf 86' lang='lat' dir='ltr'>illius</span> <span class='ocrx_word' id='word_1_173' title='bbox 1475 2165 1532 2207; x_wconf 87' lang='lat' dir='ltr'>au-</span> 
     </span>
     <span class='ocr_line' id='line_1_19' title="bbox 170 2234 1532 2323; baseline -0.007 -18"><span class='ocrx_word' id='word_1_174' title='bbox 170 2243 235 2323; x_wconf 86' lang='lat' dir='ltr'>guli</span> <span class='ocrx_word' id='word_1_175' title='bbox 258 2251 292 2304; x_wconf 84' lang='lat' dir='ltr'>et</span> <span class='ocrx_word' id='word_1_176' title='bbox 312 2242 402 2322; x_wconf 85' lang='lat' dir='ltr'>hujus</span> <span class='ocrx_word' id='word_1_177' title='bbox 424 2240 516 2303; x_wconf 88' lang='lat' dir='ltr'>bases</span> <span class='ocrx_word' id='word_1_178' title='bbox 540 2247 609 2301; x_wconf 89' lang='lat' dir='ltr'>sunt</span> <span class='ocrx_word' id='word_1_179' title='bbox 632 2239 749 2318; x_wconf 82' lang='lat' dir='ltr'>viginti.</span> <span class='ocrx_word' id='word_1_180' title='bbox 796 2238 832 2312; x_wconf 89' lang='grc'>5)</span> <span class='ocrx_word' id='word_1_181' title='bbox 857 2236 1031 2300; x_wconf 77' lang='lat' dir='ltr'>Octatidron</span> <span class='ocrx_word' id='word_1_182' title='bbox 1060 2236 1128 2298; x_wconf 88' lang='lat' dir='ltr'>cubi</span> <span class='ocrx_word' id='word_1_183' title='bbox 1158 2244 1273 2298; x_wconf 89' lang='lat' dir='ltr'>rectum</span> <span class='ocrx_word' id='word_1_184' title='bbox 1296 2236 1439 2315; x_wconf 78' lang='lat' dir='ltr'>angulum</span> <span class='ocrx_word' id='word_1_185' title='bbox 1462 2234 1532 2296; x_wconf 88' lang='lat' dir='ltr'>imi-</span> 
     </span>
     <span class='ocr_line' id='line_1_20' title="bbox 172 2324 1534 2406; baseline -0.007 -13"><span class='ocrx_word' id='word_1_186' title='bbox 172 2338 272 2405; x_wconf 77' lang='lat' dir='ltr'>tatur,</span> <span class='ocrx_word' id='word_1_187' title='bbox 298 2331 478 2393; x_wconf 73' lang='lat' dir='ltr'>icosabdron</span> <span class='ocrx_word' id='word_1_188' title='bbox 506 2327 687 2390; x_wconf 79' lang='lat' dir='ltr'>dodecnbdri</span> <span class='ocrx_word' id='word_1_189' title='bbox 714 2327 864 2390; x_wconf 86' lang='lat' dir='ltr'>obtusum.</span> <span class='ocrx_word' id='word_1_190' title='bbox 910 2325 961 2388; x_wconf 80' lang='lat' dir='ltr'>Ex</span> <span class='ocrx_word' id='word_1_191' title='bbox 994 2324 1099 2406; x_wconf 90' lang='lat' dir='ltr'>quibus</span> <span class='ocrx_word' id='word_1_192' title='bbox 1131 2333 1219 2404; x_wconf 88' lang='lat' dir='ltr'>patet</span> <span class='ocrx_word' id='word_1_193' title='bbox 1250 2325 1413 2387; x_wconf 70' lang='lat' dir='ltr'>octaedron</span> <span class='ocrx_word' id='word_1_194' title='bbox 1442 2329 1534 2401; x_wconf 86' lang='lat' dir='ltr'>caput</span> 
     </span>
     <span class='ocr_line' id='line_1_21' title="bbox 172 2413 1107 2495; baseline -0.009 -14"><span class='ocrx_word' id='word_1_195' title='bbox 172 2438 240 2481; x_wconf 86' lang='lat' dir='ltr'>esse</span> <span class='ocrx_word' id='word_1_196' title='bbox 263 2419 310 2481; x_wconf 87' lang='lat' dir='ltr'>sui</span> <span class='ocrx_word' id='word_1_197' title='bbox 332 2418 460 2489; x_wconf 90' lang='lat' dir='ltr'>ordinis,</span> <span class='ocrx_word' id='word_1_198' title='bbox 485 2416 564 2479; x_wconf 89' lang='lat' dir='ltr'>sicut</span> <span class='ocrx_word' id='word_1_199' title='bbox 585 2415 679 2478; x_wconf 88' lang='lat' dir='ltr'>cubus</span> <span class='ocrx_word' id='word_1_200' title='bbox 701 2415 863 2495; x_wconf 88' lang='lat' dir='ltr'>primorum</span> <span class='ocrx_word' id='word_1_201' title='bbox 887 2424 935 2476; x_wconf 86' lang='lat' dir='ltr'>est</span> <span class='ocrx_word' id='word_1_202' title='bbox 956 2413 1107 2495; x_wconf 87' lang='lat' dir='ltr'>princeps.</span> 
     </span>
    </p>
   </div>
   <div class='ocr_carea' id='block_1_6' title="bbox 731 2830 979 2932">
    <p class='ocr_par' dir='ltr' id='par_1_6' title="bbox 731 2830 979 2932">
     <span class='ocr_line' id='line_1_22' title="bbox 731 2830 979 2932; baseline -0.012 -24"><span class='ocrx_word' id='word_1_203' title='bbox 731 2833 852 2932; x_wconf 70' lang='lat' dir='ltr'>capue</span> <span class='ocrx_word' id='word_1_204' title='bbox 879 2830 979 2907; x_wconf 81' lang='lat' dir='ltr'>mu.</span> 
     </span>
    </p>
   </div>
   <div class='ocr_carea' id='block_1_7' title="bbox 396 2988 1434 3093">
    <p class='ocr_par' dir='ltr' id='par_1_7' title="bbox 396 2988 1434 3093">
     <span class='ocr_line' id='line_1_23' title="bbox 396 2988 1434 3093; baseline -0.006 -17"><span class='ocrx_word' id='word_1_205' title='bbox 396 3013 491 3093; x_wconf 78' lang='lat' dir='ltr'>Quod</span> <span class='ocrx_word' id='word_1_206' title='bbox 514 3010 683 3074; x_wconf 67' lang='lat' dir='ltr'>octaedrou</span> <span class='ocrx_word' id='word_1_207' title='bbox 704 3011 747 3073; x_wconf 62' lang='grc' dir='ltr'>ιι)</span> <span class='ocrx_word' id='word_1_208' title='bbox 768 3010 855 3071; x_wconf 84' lang='lat' dir='ltr'>iutro</span> <span class='ocrx_word' id='word_1_209' title='bbox 883 3008 1031 3073; x_wconf 80' lang='lat' dir='ltr'>Venerem</span> <span class='ocrx_word' id='word_1_210' title='bbox 1055 3017 1085 3072; x_wconf 82' lang='lat' dir='ltr'>et</span> <span class='ocrx_word' id='word_1_211' title='bbox 1107 3006 1313 3073; x_wconf 81' lang='lat' dir='ltr'>Mercurium.</span> <span class='ocrx_word' id='word_1_212' title='bbox 1431 2988 1434 2995; x_wconf 18' lang='grc' dir='ltr'><strong>Δ</strong></span> 
     </span>
    </p>
   </div>
   <div class='ocr_carea' id='block_1_8' title="bbox 175 3152 1571 4838">
    <p class='ocr_par' dir='ltr' id='par_1_8' title="bbox 175 3152 1571 4838">
     <span class='ocr_line' id='line_1_24' title="bbox 265 3152 1534 3250; baseline -0.01 -14"><span class='ocrx_word' id='word_1_213' title='bbox 265 3172 353 3244; x_wconf 85' lang='lat' dir='ltr'>Quod</span> <span class='ocrx_word' id='word_1_214' title='bbox 378 3180 479 3235; x_wconf 86' lang='lat' dir='ltr'>antem</span> <span class='ocrx_word' id='word_1_215' title='bbox 503 3180 666 3250; x_wconf 91' lang='lat' dir='ltr'>propterea</span> <span class='ocrx_word' id='word_1_216' title='bbox 689 3169 794 3230; x_wconf 85' lang='lat' dir='ltr'>statim</span> <span class='ocrx_word' id='word_1_217' title='bbox 822 3169 860 3230; x_wconf 90' lang='lat' dir='ltr'>ad</span> <span class='ocrx_word' id='word_1_218' title='bbox 889 3164 1097 3229; x_wconf 80' lang='lat' dir='ltr'>dodecaedron</span> <span class='ocrx_word' id='word_1_219' title='bbox 1121 3168 1150 3229; x_wconf 90' lang='lat' dir='ltr'>in</span> <span class='ocrx_word' id='word_1_220' title='bbox 1174 3152 1284 3228; x_wconf 80' lang='lat' dir='ltr'>mundo</span> <span class='ocrx_word' id='word_1_221' title='bbox 1307 3163 1391 3243; x_wconf 88' lang='lat' dir='ltr'>sequi</span> <span class='ocrx_word' id='word_1_222' title='bbox 1414 3164 1534 3239; x_wconf 84' lang='lat' dir='ltr'>debeat,</span> 
     </span>
     <span class='ocr_line' id='line_1_25' title="bbox 176 3252 1536 3344; baseline -0.009 -18"><span class='ocrx_word' id='word_1_223' title='bbox 176 3284 234 3326; x_wconf 90' lang='lat' dir='ltr'>non</span> <span class='ocrx_word' id='word_1_224' title='bbox 259 3261 402 3344; x_wconf 88' lang='lat' dir='ltr'>seqnitur.</span> <span class='ocrx_word' id='word_1_225' title='bbox 444 3259 477 3331; x_wconf 86' lang='grc'>1)</span> <span class='ocrx_word' id='word_1_226' title='bbox 501 3260 579 3323; x_wconf 87' lang='lat' dir='ltr'>Nam</span> <span class='ocrx_word' id='word_1_227' title='bbox 604 3259 673 3339; x_wconf 91' lang='lat' dir='ltr'>quia</span> <span class='ocrx_word' id='word_1_228' title='bbox 696 3274 802 3319; x_wconf 88' lang='lat' dir='ltr'>revera</span> <span class='ocrx_word' id='word_1_229' title='bbox 827 3259 884 3319; x_wconf 91' lang='lat' dir='ltr'>duo</span> <span class='ocrx_word' id='word_1_230' title='bbox 909 3256 1021 3316; x_wconf 89' lang='lat' dir='ltr'>diversi</span> <span class='ocrx_word' id='word_1_231' title='bbox 1045 3266 1115 3317; x_wconf 91' lang='lat' dir='ltr'>sunt</span> <span class='ocrx_word' id='word_1_232' title='bbox 1138 3256 1267 3328; x_wconf 87' lang='lat' dir='ltr'>ordines,</span> <span class='ocrx_word' id='word_1_233' title='bbox 1291 3261 1419 3334; x_wconf 90' lang='lat' dir='ltr'>possunt</span> <span class='ocrx_word' id='word_1_234' title='bbox 1442 3252 1536 3314; x_wconf 91' lang='lat' dir='ltr'>etiam</span> 
     </span>
     <span class='ocr_line' id='line_1_26' title="bbox 175 3340 1571 3427; baseline -0.011 -12"><span class='ocrx_word' id='word_1_235' title='bbox 175 3352 356 3415; x_wconf 81' lang='lat' dir='ltr'>indiversus</span> <span class='ocrx_word' id='word_1_236' title='bbox 376 3348 478 3411; x_wconf 88' lang='lat' dir='ltr'>muudi</span> <span class='ocrx_word' id='word_1_237' title='bbox 500 3349 608 3427; x_wconf 82' lang='lat' dir='ltr'>plagas</span> <span class='ocrx_word' id='word_1_238' title='bbox 632 3357 771 3427; x_wconf 87' lang='lat' dir='ltr'>spectare</span> <span class='ocrx_word' id='word_1_239' title='bbox 795 3347 858 3407; x_wconf 90' lang='lat' dir='ltr'>suis</span> <span class='ocrx_word' id='word_1_240' title='bbox 877 3344 1034 3425; x_wconf 86' lang='lat' dir='ltr'>capitibus.</span> <span class='ocrx_word' id='word_1_241' title='bbox 1073 3343 1109 3420; x_wconf 80' lang='lat'>2)</span> <span class='ocrx_word' id='word_1_242' title='bbox 1131 3344 1230 3423; x_wconf 85' lang='lat' dir='ltr'>Atque</span> <span class='ocrx_word' id='word_1_243' title='bbox 1245 3344 1330 3417; x_wconf 88' lang='lat' dir='ltr'>adeo,</span> <span class='ocrx_word' id='word_1_244' title='bbox 1356 3341 1426 3421; x_wconf 86' lang='lat' dir='ltr'>quia</span> <span class='ocrx_word' id='word_1_245' title='bbox 1443 3340 1536 3401; x_wconf 87' lang='lat' dir='ltr'>cubus</span> <span class='ocrx_word' id='word_1_246' title='bbox 1566 3374 1571 3383; x_wconf 85' lang='lat'><em>·</em></span> 
     </span>
     <span class='ocr_line' id='line_1_27' title="bbox 177 3430 1552 3522; baseline -0.011 -19"><span class='ocrx_word' id='word_1_247' title='bbox 177 3439 372 3522; x_wconf 84' lang='lat' dir='ltr'>dignissimae</span> <span class='ocrx_word' id='word_1_248' title='bbox 396 3438 498 3500; x_wconf 91' lang='lat' dir='ltr'>mundi</span> <span class='ocrx_word' id='word_1_249' title='bbox 518 3435 631 3517; x_wconf 81' lang='lat' dir='ltr'>regioni</span> <span class='ocrx_word' id='word_1_250' title='bbox 646 3445 734 3497; x_wconf 84' lang='lat' dir='ltr'>extra</span> <span class='ocrx_word' id='word_1_251' title='bbox 748 3432 872 3497; x_wconf 83' lang='lat' dir='ltr'>Terram</span> <span class='ocrx_word' id='word_1_252' title='bbox 888 3433 1117 3514; x_wconf 86' lang='lat' dir='ltr'>appropinquat,</span> <span class='ocrx_word' id='word_1_253' title='bbox 1142 3430 1400 3494; x_wconf 81' lang='lat' dir='ltr'>circumferentiae</span> <span class='ocrx_word' id='word_1_254' title='bbox 1420 3430 1552 3489; x_wconf 84' lang='lat' dir='ltr'>scilicet‘</span> 
     </span>
     <span class='ocr_line' id='line_1_28' title="bbox 177 3518 1537 3607; baseline -0.012 -15"><span class='ocrx_word' id='word_1_255' title='bbox 177 3530 241 3592; x_wconf 85' lang='lat' dir='ltr'>sive</span> <span class='ocrx_word' id='word_1_256' title='bbox 265 3528 352 3598; x_wconf 85' lang='lat' dir='ltr'>lixis,</span> <span class='ocrx_word' id='word_1_257' title='bbox 378 3546 435 3607; x_wconf 89' lang='lat' dir='ltr'>par</span> <span class='ocrx_word' id='word_1_258' title='bbox 459 3534 542 3599; x_wconf 88' lang='lat' dir='ltr'>erat,</span> <span class='ocrx_word' id='word_1_259' title='bbox 574 3534 608 3586; x_wconf 94' lang='lat' dir='ltr'>ut</span> <span class='ocrx_word' id='word_1_260' title='bbox 636 3532 667 3585; x_wconf 89' lang='lat' dir='ltr'>et</span> <span class='ocrx_word' id='word_1_261' title='bbox 690 3524 815 3587; x_wconf 85' lang='lat' dir='ltr'>alterius</span> <span class='ocrx_word' id='word_1_262' title='bbox 839 3523 952 3585; x_wconf 87' lang='lat' dir='ltr'>ordinis</span> <span class='ocrx_word' id='word_1_263' title='bbox 976 3530 1067 3600; x_wconf 88' lang='lat' dir='ltr'>caput</span> <span class='ocrx_word' id='word_1_264' title='bbox 1090 3522 1218 3601; x_wconf 85' lang='lat' dir='ltr'>digniori</span> <span class='ocrx_word' id='word_1_265' title='bbox 1242 3522 1307 3581; x_wconf 92' lang='lat' dir='ltr'>loco</span> <span class='ocrx_word' id='word_1_266' title='bbox 1332 3519 1432 3580; x_wconf 89' lang='lat' dir='ltr'>mundi</span> <span class='ocrx_word' id='word_1_267' title='bbox 1457 3518 1537 3577; x_wconf 83' lang='lat' dir='ltr'>iutra</span> 
     </span>
     <span class='ocr_line' id='line_1_29' title="bbox 177 3603 1537 3691; baseline -0.01 -11"><span class='ocrx_word' id='word_1_268' title='bbox 177 3617 308 3681; x_wconf 88' lang='lat' dir='ltr'>Telluris</span> <span class='ocrx_word' id='word_1_269' title='bbox 334 3616 438 3678; x_wconf 86' lang='lat' dir='ltr'>orbem</span> <span class='ocrx_word' id='word_1_270' title='bbox 469 3615 635 3677; x_wconf 87' lang='lat' dir='ltr'>accederet.</span> <span class='ocrx_word' id='word_1_271' title='bbox 681 3613 764 3676; x_wconf 88' lang='lat' dir='ltr'>Nihil</span> <span class='ocrx_word' id='word_1_272' title='bbox 792 3622 894 3673; x_wconf 83' lang='lat' dir='ltr'>antem</span> <span class='ocrx_word' id='word_1_273' title='bbox 925 3611 1042 3691; x_wconf 83' lang='lat' dir='ltr'>dignius</span> <span class='ocrx_word' id='word_1_274' title='bbox 1072 3623 1175 3673; x_wconf 88' lang='lat' dir='ltr'>centro</span> <span class='ocrx_word' id='word_1_275' title='bbox 1204 3619 1236 3671; x_wconf 94' lang='lat' dir='ltr'>et</span> <span class='ocrx_word' id='word_1_276' title='bbox 1259 3608 1340 3671; x_wconf 91' lang='lat' dir='ltr'>Sole.</span> <span class='ocrx_word' id='word_1_277' title='bbox 1388 3605 1423 3679; x_wconf 88' lang='grc'>3)</span> <span class='ocrx_word' id='word_1_278' title='bbox 1448 3603 1537 3676; x_wconf 84' lang='lat' dir='ltr'>Quod</span> 
     </span>
     <span class='ocr_line' id='line_1_30' title="bbox 178 3692 1537 3785; baseline -0.01 -16"><span class='ocrx_word' id='word_1_279' title='bbox 178 3708 204 3769; x_wconf 89' lang='lat' dir='ltr'>si</span> <span class='ocrx_word' id='word_1_280' title='bbox 228 3708 321 3768; x_wconf 88' lang='lat' dir='ltr'>etiam</span> <span class='ocrx_word' id='word_1_281' title='bbox 344 3704 498 3785; x_wconf 89' lang='lat' dir='ltr'>utriusque</span> <span class='ocrx_word' id='word_1_282' title='bbox 522 3703 635 3765; x_wconf 90' lang='lat' dir='ltr'>ordinis</span> <span class='ocrx_word' id='word_1_283' title='bbox 660 3703 750 3763; x_wconf 89' lang='lat' dir='ltr'>situm</span> <span class='ocrx_word' id='word_1_284' title='bbox 773 3720 828 3781; x_wconf 92' lang='lat' dir='ltr'>pro</span> <span class='ocrx_word' id='word_1_285' title='bbox 857 3719 914 3761; x_wconf 91' lang='lat' dir='ltr'>uno</span> <span class='ocrx_word' id='word_1_286' title='bbox 942 3718 1138 3772; x_wconf 88' lang='lat' dir='ltr'>censeamus,</span> <span class='ocrx_word' id='word_1_287' title='bbox 1173 3699 1241 3779; x_wconf 87' lang='lat' dir='ltr'>quid</span> <span class='ocrx_word' id='word_1_288' title='bbox 1275 3697 1444 3776; x_wconf 86' lang='lat' dir='ltr'>elegantius</span> <span class='ocrx_word' id='word_1_289' title='bbox 1473 3692 1537 3754; x_wconf 83' lang='lat' dir='ltr'>fieri</span> 
     </span>
     <span class='ocr_line' id='line_1_31' title="bbox 176 3780 1536 3881; baseline -0.013 -23"><span class='ocrx_word' id='word_1_290' title='bbox 176 3801 318 3881; x_wconf 88' lang='lat' dir='ltr'>poterat,</span> <span class='ocrx_word' id='word_1_291' title='bbox 351 3813 440 3874; x_wconf 91' lang='lat' dir='ltr'>qnam</span> <span class='ocrx_word' id='word_1_292' title='bbox 471 3798 506 3853; x_wconf 93' lang='lat' dir='ltr'>ut</span> <span class='ocrx_word' id='word_1_293' title='bbox 528 3791 578 3853; x_wconf 93' lang='lat' dir='ltr'>ille</span> <span class='ocrx_word' id='word_1_294' title='bbox 606 3792 742 3870; x_wconf 89' lang='lat' dir='ltr'>utrinque</span> <span class='ocrx_word' id='word_1_295' title='bbox 773 3788 918 3850; x_wconf 86' lang='lat' dir='ltr'>similibus</span> <span class='ocrx_word' id='word_1_296' title='bbox 948 3797 980 3847; x_wconf 92' lang='lat' dir='ltr'>et</span> <span class='ocrx_word' id='word_1_297' title='bbox 1000 3788 1105 3866; x_wconf 89' lang='lat' dir='ltr'>primis</span> <span class='ocrx_word' id='word_1_298' title='bbox 1129 3786 1302 3865; x_wconf 87' lang='lat' dir='ltr'>corporibus</span> <span class='ocrx_word' id='word_1_299' title='bbox 1326 3780 1536 3845; x_wconf 83' lang='lat' dir='ltr'>clauderetur?</span> 
     </span>
     <span class='ocr_line' id='line_1_32' title="bbox 177 3872 1537 3959; baseline -0.013 -13"><span class='ocrx_word' id='word_1_300' title='bbox 177 3880 214 3959; x_wconf 77' lang='grc'>’4)</span> <span class='ocrx_word' id='word_1_301' title='bbox 235 3883 396 3945; x_wconf 89' lang='lat' dir='ltr'>Pulchrius</span> <span class='ocrx_word' id='word_1_302' title='bbox 420 3881 513 3942; x_wconf 89' lang='lat' dir='ltr'>etiam</span> <span class='ocrx_word' id='word_1_303' title='bbox 536 3889 597 3953; x_wconf 89' lang='lat' dir='ltr'>est,</span> <span class='ocrx_word' id='word_1_304' title='bbox 627 3878 795 3940; x_wconf 82' lang='lat' dir='ltr'>multifacia</span> <span class='ocrx_word' id='word_1_305' title='bbox 819 3895 943 3956; x_wconf 87' lang='lat' dir='ltr'>corpora</span> <span class='ocrx_word' id='word_1_306' title='bbox 966 3875 1134 3936; x_wconf 88' lang='lat' dir='ltr'>adinvicem</span> <span class='ocrx_word' id='word_1_307' title='bbox 1158 3874 1243 3953; x_wconf 89' lang='lat' dir='ltr'>sequi</span> <span class='ocrx_word' id='word_1_308' title='bbox 1266 3876 1295 3934; x_wconf 92' lang='lat' dir='ltr'>in</span> <span class='ocrx_word' id='word_1_309' title='bbox 1320 3872 1432 3942; x_wconf 89' lang='lat' dir='ltr'>medio,</span> <span class='ocrx_word' id='word_1_310' title='bbox 1463 3879 1495 3930; x_wconf 92' lang='lat' dir='ltr'>et</span> <span class='ocrx_word' id='word_1_311' title='bbox 1518 3888 1537 3929; x_wconf 84' lang='lat' dir='ltr'>a</span> 
     </span>
     <span class='ocr_line' id='line_1_33' title="bbox 177 3959 1535 4053; baseline -0.013 -19"><span class='ocrx_word' id='word_1_312' title='bbox 177 3974 354 4053; x_wconf 87' lang='lat' dir='ltr'>pluralitate</span> <span class='ocrx_word' id='word_1_313' title='bbox 378 3970 495 4031; x_wconf 84' lang='lat' dir='ltr'>basium</span> <span class='ocrx_word' id='word_1_314' title='bbox 519 3968 657 4049; x_wconf 89' lang='lat' dir='ltr'>utrinque</span> <span class='ocrx_word' id='word_1_315' title='bbox 682 3966 794 4027; x_wconf 89' lang='lat' dir='ltr'>sensim</span> <span class='ocrx_word' id='word_1_316' title='bbox 817 3966 854 4026; x_wconf 92' lang='lat' dir='ltr'>ad</span> <span class='ocrx_word' id='word_1_317' title='bbox 870 3963 1052 4044; x_wconf 85' lang='lat' dir='ltr'>paucitatem</span> <span class='ocrx_word' id='word_1_318' title='bbox 1070 3963 1193 4035; x_wconf 88' lang='lat' dir='ltr'>discedi,</span> <span class='ocrx_word' id='word_1_319' title='bbox 1218 3961 1243 4022; x_wconf 91' lang='lat' dir='ltr'>si</span> <span class='ocrx_word' id='word_1_320' title='bbox 1262 3961 1334 4022; x_wconf 92' lang='lat' dir='ltr'>nibil</span> <span class='ocrx_word' id='word_1_321' title='bbox 1359 3959 1439 4020; x_wconf 88' lang='lat' dir='ltr'>aliud</span> <span class='ocrx_word' id='word_1_322' title='bbox 1462 3976 1535 4037; x_wconf 85' lang='lat' dir='ltr'>pro-</span> 
     </span>
     <span class='ocr_line' id='line_1_34' title="bbox 177 4048 1535 4141; baseline -0.013 -18"><span class='ocrx_word' id='word_1_323' title='bbox 177 4062 291 4136; x_wconf 88' lang='lat' dir='ltr'>bibeat,</span> <span class='ocrx_word' id='word_1_324' title='bbox 317 4078 406 4141; x_wconf 91' lang='lat' dir='ltr'>quam</span> <span class='ocrx_word' id='word_1_325' title='bbox 430 4057 456 4119; x_wconf 91' lang='lat' dir='ltr'>si</span> <span class='ocrx_word' id='word_1_326' title='bbox 480 4058 518 4119; x_wconf 89' lang='lat' dir='ltr'>ad</span> <span class='ocrx_word' id='word_1_327' title='bbox 543 4057 702 4118; x_wconf 88' lang='lat' dir='ltr'>multamm</span> <span class='ocrx_word' id='word_1_328' title='bbox 721 4055 838 4116; x_wconf 89' lang='lat' dir='ltr'>basium</span> <span class='ocrx_word' id='word_1_329' title='bbox 854 4070 960 4132; x_wconf 87' lang='lat' dir='ltr'>corpus</span> <span class='ocrx_word' id='word_1_330' title='bbox 982 4059 1156 4130; x_wconf 86' lang='lat' dir='ltr'>sequeretur</span> <span class='ocrx_word' id='word_1_331' title='bbox 1178 4069 1268 4111; x_wconf 90' lang='lat' dir='ltr'>uuum</span> <span class='ocrx_word' id='word_1_332' title='bbox 1292 4067 1453 4127; x_wconf 86' lang='lat' dir='ltr'>paucarum</span> <span class='ocrx_word' id='word_1_333' title='bbox 1478 4048 1535 4107; x_wconf 90' lang='lat' dir='ltr'>ba-</span> 
     </span>
     <span class='ocr_line' id='line_1_35' title="bbox 178 4139 1533 4227; baseline -0.013 -15"><span class='ocrx_word' id='word_1_334' title='bbox 178 4151 266 4224; x_wconf 89' lang='lat' dir='ltr'>sium,</span> <span class='ocrx_word' id='word_1_335' title='bbox 291 4156 324 4211; x_wconf 91' lang='lat' dir='ltr'>et</span> <span class='ocrx_word' id='word_1_336' title='bbox 346 4147 474 4227; x_wconf 92' lang='lat' dir='ltr'>denique</span> <span class='ocrx_word' id='word_1_337' title='bbox 498 4146 675 4207; x_wconf 85' lang='lat' dir='ltr'>succederet</span> <span class='ocrx_word' id='word_1_338' title='bbox 697 4161 812 4205; x_wconf 88' lang='lat' dir='ltr'>rursum</span> <span class='ocrx_word' id='word_1_339' title='bbox 838 4142 919 4204; x_wconf 87' lang='lat' dir='ltr'>aliud</span> <span class='ocrx_word' id='word_1_340' title='bbox 942 4140 1031 4219; x_wconf 90' lang='lat' dir='ltr'>longe</span> <span class='ocrx_word' id='word_1_341' title='bbox 1055 4139 1190 4219; x_wconf 88' lang='lat' dir='ltr'>plurium,</span> <span class='ocrx_word' id='word_1_342' title='bbox 1217 4157 1306 4217; x_wconf 90' lang='lat' dir='ltr'>quam</span> <span class='ocrx_word' id='word_1_343' title='bbox 1325 4144 1392 4197; x_wconf 87' lang='lat' dir='ltr'>eret</span> <span class='ocrx_word' id='word_1_344' title='bbox 1414 4144 1533 4196; x_wconf 89' lang='lat' dir='ltr'>utrum-</span> 
     </span>
     <span class='ocr_line' id='line_1_36' title="bbox 178 4222 1535 4321; baseline -0.014 -21"><span class='ocrx_word' id='word_1_345' title='bbox 178 4259 246 4321; x_wconf 90' lang='lat' dir='ltr'>qne.</span> <span class='ocrx_word' id='word_1_346' title='bbox 285 4235 321 4312; x_wconf 83' lang='lat'>5)</span> <span class='ocrx_word' id='word_1_347' title='bbox 344 4238 448 4315; x_wconf 86' lang='lat' dir='ltr'>Atque</span> <span class='ocrx_word' id='word_1_348' title='bbox 472 4254 538 4297; x_wconf 90' lang='lat' dir='ltr'>cnm</span> <span class='ocrx_word' id='word_1_349' title='bbox 562 4233 772 4295; x_wconf 75' lang='lat' dir='ltr'>dodecabdron</span> <span class='ocrx_word' id='word_1_350' title='bbox 797 4229 931 4292; x_wconf 83' lang='lat' dir='ltr'>essetis</span> <span class='ocrx_word' id='word_1_351' title='bbox 956 4247 1010 4289; x_wconf 88' lang='lat' dir='ltr'>suo</span> <span class='ocrx_word' id='word_1_352' title='bbox 1034 4228 1137 4288; x_wconf 89' lang='lat' dir='ltr'>ordine</span> <span class='ocrx_word' id='word_1_353' title='bbox 1156 4228 1302 4300; x_wconf 87' lang='lat' dir='ltr'>ultimum,</span> <span class='ocrx_word' id='word_1_354' title='bbox 1327 4222 1535 4293; x_wconf 83' lang='lat' dir='ltr'>conveniebat,</span> 
     </span>
     <span class='ocr_line' id='line_1_37' title="bbox 178 4310 1535 4399; baseline -0.015 -10"><span class='ocrx_word' id='word_1_355' title='bbox 178 4336 213 4390; x_wconf 91' lang='lat' dir='ltr'>ut</span> <span class='ocrx_word' id='word_1_356' title='bbox 235 4326 279 4388; x_wconf 91' lang='lat' dir='ltr'>illi</span> <span class='ocrx_word' id='word_1_357' title='bbox 303 4326 480 4388; x_wconf 88' lang='lat' dir='ltr'>succederet</span> <span class='ocrx_word' id='word_1_358' title='bbox 508 4342 545 4384; x_wconf 82' lang='lat' dir='ltr'>ex</span> <span class='ocrx_word' id='word_1_359' title='bbox 574 4321 669 4383; x_wconf 84' lang='lat' dir='ltr'>altero</span> <span class='ocrx_word' id='word_1_360' title='bbox 697 4321 815 4395; x_wconf 90' lang='lat' dir='ltr'>ordine,</span> <span class='ocrx_word' id='word_1_361' title='bbox 845 4319 922 4399; x_wconf 90' lang='lat' dir='ltr'>quod</span> <span class='ocrx_word' id='word_1_362' title='bbox 952 4324 1035 4377; x_wconf 86' lang='lat' dir='ltr'>esset</span> <span class='ocrx_word' id='word_1_363' title='bbox 1063 4316 1108 4375; x_wconf 89' lang='lat' dir='ltr'>sui</span> <span class='ocrx_word' id='word_1_364' title='bbox 1132 4315 1240 4377; x_wconf 88' lang='lat' dir='ltr'>simile.</span> <span class='ocrx_word' id='word_1_365' title='bbox 1287 4310 1322 4385; x_wconf 89' lang='grc'>6)</span> <span class='ocrx_word' id='word_1_366' title='bbox 1352 4311 1455 4372; x_wconf 85' lang='lat' dir='ltr'>Etiam</span> <span class='ocrx_word' id='word_1_367' title='bbox 1480 4310 1535 4370; x_wconf 91' lang='lat' dir='ltr'>hoc</span> 
     </span>
     <span class='ocr_line' id='line_1_38' title="bbox 179 4400 1534 4493; baseline -0.016 -14"><span class='ocrx_word' id='word_1_368' title='bbox 179 4418 218 4479; x_wconf 87' lang='lat' dir='ltr'>ad</span> <span class='ocrx_word' id='word_1_369' title='bbox 241 4414 372 4478; x_wconf 89' lang='lat' dir='ltr'>Telluris</span> <span class='ocrx_word' id='word_1_370' title='bbox 397 4412 576 4493; x_wconf 88' lang='lat' dir='ltr'>dignitatem</span> <span class='ocrx_word' id='word_1_371' title='bbox 598 4410 745 4489; x_wconf 85' lang='lat' dir='ltr'>pertinet,</span> <span class='ocrx_word' id='word_1_372' title='bbox 771 4416 805 4468; x_wconf 88' lang='lat' dir='ltr'>ut</span> <span class='ocrx_word' id='word_1_373' title='bbox 829 4408 965 4489; x_wconf 90' lang='lat' dir='ltr'>utrinque</span> <span class='ocrx_word' id='word_1_374' title='bbox 989 4404 1141 4478; x_wconf 89' lang='lat' dir='ltr'>similiter,</span> <span class='ocrx_word' id='word_1_375' title='bbox 1168 4412 1309 4483; x_wconf 85' lang='lat' dir='ltr'>quantum</span> <span class='ocrx_word' id='word_1_376' title='bbox 1332 4400 1396 4461; x_wconf 87' lang='lat' dir='ltr'>fieri</span> <span class='ocrx_word' id='word_1_377' title='bbox 1420 4407 1534 4478; x_wconf 88' lang='lat' dir='ltr'>posset,</span> 
     </span>
     <span class='ocr_line' id='line_1_39' title="bbox 179 4487 1535 4585; baseline -0.015 -18"><span class='ocrx_word' id='word_1_378' title='bbox 179 4506 354 4585; x_wconf 88' lang='lat' dir='ltr'>stiparetur.</span> <span class='ocrx_word' id='word_1_379' title='bbox 396 4499 473 4563; x_wconf 85' lang='lat' dir='ltr'>Cum</span> <span class='ocrx_word' id='word_1_380' title='bbox 497 4500 590 4580; x_wconf 89' lang='lat' dir='ltr'>igitur</span> <span class='ocrx_word' id='word_1_381' title='bbox 611 4498 657 4559; x_wconf 87' lang='lat' dir='ltr'>ita</span> <span class='ocrx_word' id='word_1_382' title='bbox 679 4497 851 4571; x_wconf 88' lang='lat' dir='ltr'>cecidisset,</span> <span class='ocrx_word' id='word_1_383' title='bbox 875 4506 910 4556; x_wconf 96' lang='lat' dir='ltr'>ut</span> <span class='ocrx_word' id='word_1_384' title='bbox 932 4493 1065 4557; x_wconf 81' lang='lat' dir='ltr'>exterius</span> <span class='ocrx_word' id='word_1_385' title='bbox 1088 4493 1222 4572; x_wconf 80' lang='lat' dir='ltr'>proxime</span> <span class='ocrx_word' id='word_1_386' title='bbox 1247 4490 1409 4551; x_wconf 88' lang='lat' dir='ltr'>ambiretur</span> <span class='ocrx_word' id='word_1_387' title='bbox 1431 4487 1535 4554; x_wconf 47' lang='lat' dir='ltr'>multi.</span> 
     </span>
     <span class='ocr_line' id='line_1_40' title="bbox 179 4575 1535 4673; baseline -0.016 -16"><span class='ocrx_word' id='word_1_388' title='bbox 179 4594 267 4669; x_wconf 78' lang='lat' dir='ltr'>facio,</span> <span class='ocrx_word' id='word_1_389' title='bbox 292 4599 447 4673; x_wconf 85' lang='lat' dir='ltr'>parerat,</span> <span class='ocrx_word' id='word_1_390' title='bbox 472 4598 506 4650; x_wconf 90' lang='lat' dir='ltr'>ut</span> <span class='ocrx_word' id='word_1_391' title='bbox 529 4586 655 4649; x_wconf 89' lang='lat' dir='ltr'>interius</span> <span class='ocrx_word' id='word_1_392' title='bbox 680 4586 772 4646; x_wconf 87' lang='lat' dir='ltr'>etiam</span> <span class='ocrx_word' id='word_1_393' title='bbox 796 4584 929 4665; x_wconf 83' lang='lat' dir='ltr'>proxime</span> <span class='ocrx_word' id='word_1_394' title='bbox 954 4582 1203 4663; x_wconf 89' lang='lat' dir='ltr'>complecteretur</span> <span class='ocrx_word' id='word_1_395' title='bbox 1225 4577 1430 4640; x_wconf 87' lang='lat' dir='ltr'>multifacium</span> <span class='ocrx_word' id='word_1_396' title='bbox 1468 4575 1535 4636; x_wconf 92' lang='lat' dir='ltr'>Duo</span> 
     </span>
     <span class='ocr_line' id='line_1_41' title="bbox 178 4662 1534 4764; baseline -0.017 -19"><span class='ocrx_word' id='word_1_397' title='bbox 178 4683 271 4764; x_wconf 88' lang='lat' dir='ltr'>igitur</span> <span class='ocrx_word' id='word_1_398' title='bbox 293 4682 324 4743; x_wconf 91' lang='lat' dir='ltr'>hi</span> <span class='ocrx_word' id='word_1_399' title='bbox 348 4678 469 4742; x_wconf 89' lang='lat' dir='ltr'>ordines</span> <span class='ocrx_word' id='word_1_400' title='bbox 493 4676 622 4758; x_wconf 89' lang='lat' dir='ltr'>quinque</span> <span class='ocrx_word' id='word_1_401' title='bbox 646 4675 750 4736; x_wconf 90' lang='lat' dir='ltr'>horum</span> <span class='ocrx_word' id='word_1_402' title='bbox 774 4692 930 4754; x_wconf 90' lang='lat' dir='ltr'>corporum</span> <span class='ocrx_word' id='word_1_403' title='bbox 958 4673 1003 4733; x_wconf 85' lang='lat' dir='ltr'>ita</span> <span class='ocrx_word' id='word_1_404' title='bbox 1031 4678 1101 4731; x_wconf 88' lang='lat' dir='ltr'>sunt</span> <span class='ocrx_word' id='word_1_405' title='bbox 1128 4690 1147 4730; x_wconf 89' lang='lat' dir='ltr'>a</span> <span class='ocrx_word' id='word_1_406' title='bbox 1170 4666 1393 4749; x_wconf 89' lang='lat' dir='ltr'>sapientissimo</span> <span class='ocrx_word' id='word_1_407' title='bbox 1419 4662 1534 4726; x_wconf 84' lang='lat' dir='ltr'>Condi-</span> 
     </span>
     <span class='ocr_line' id='line_1_42' title="bbox 179 4752 1535 4838; baseline -0.018 -4"><span class='ocrx_word' id='word_1_408' title='bbox 179 4780 245 4833; x_wconf 90' lang='lat' dir='ltr'>tore</span> <span class='ocrx_word' id='word_1_409' title='bbox 269 4770 299 4833; x_wconf 91' lang='lat' dir='ltr'>iu</span> <span class='ocrx_word' id='word_1_410' title='bbox 322 4787 413 4831; x_wconf 90' lang='lat' dir='ltr'>unum</span> <span class='ocrx_word' id='word_1_411' title='bbox 436 4766 563 4836; x_wconf 85' lang='lat' dir='ltr'>redacti,</span> <span class='ocrx_word' id='word_1_412' title='bbox 588 4772 623 4827; x_wconf 87' lang='lat' dir='ltr'>ut</span> <span class='ocrx_word' id='word_1_413' title='bbox 647 4763 779 4825; x_wconf 90' lang='lat' dir='ltr'>calcibus</span> <span class='ocrx_word' id='word_1_414' title='bbox 798 4763 925 4824; x_wconf 89' lang='lat' dir='ltr'>invicem</span> <span class='ocrx_word' id='word_1_415' title='bbox 945 4762 982 4823; x_wconf 88' lang='lat' dir='ltr'>ad</span> <span class='ocrx_word' id='word_1_416' title='bbox 998 4759 1158 4832; x_wconf 90' lang='lat' dir='ltr'>Tellurem,</span> <span class='ocrx_word' id='word_1_417' title='bbox 1183 4778 1258 4838; x_wconf 87' lang='lat' dir='ltr'>quae</span> <span class='ocrx_word' id='word_1_418' title='bbox 1283 4754 1426 4815; x_wconf 89' lang='lat' dir='ltr'>maceries</span> <span class='ocrx_word' id='word_1_419' title='bbox 1451 4752 1535 4829; x_wconf 82' lang='lat' dir='ltr'>ipso-</span> 
     </span>
    </p>
   </div>
   <div class='ocr_carea' id='block_1_9' title="bbox 178 4840 1500 4979">
    <p class='ocr_par' dir='ltr' id='par_1_9' title="bbox 178 4840 1500 4979">
     <span class='ocr_line' id='line_1_43' title="bbox 178 4840 1500 4979; baseline -0.02 -55"><span class='ocrx_word' id='word_1_420' title='bbox 178 4874 243 4924; x_wconf 87' lang='lat' dir='ltr'>rum</span> <span class='ocrx_word' id='word_1_421' title='bbox 268 4867 326 4934; x_wconf 90' lang='lat' dir='ltr'>est,</span> <span class='ocrx_word' id='word_1_422' title='bbox 351 4856 588 4929; x_wconf 85' lang='lat' dir='ltr'>obverterentur,</span> <span class='ocrx_word' id='word_1_423' title='bbox 614 4851 764 4935; x_wconf 85' lang='lat' dir='ltr'>capitibus</span> <span class='ocrx_word' id='word_1_424' title='bbox 788 4850 816 4911; x_wconf 93' lang='lat' dir='ltr'>in</span> <span class='ocrx_word' id='word_1_425' title='bbox 840 4849 977 4912; x_wconf 87' lang='lat' dir='ltr'>diversas</span> <span class='ocrx_word' id='word_1_426' title='bbox 1001 4847 1101 4910; x_wconf 90' lang='lat' dir='ltr'>muudi</span> <span class='ocrx_word' id='word_1_427' title='bbox 1124 4849 1233 4927; x_wconf 89' lang='lat' dir='ltr'>plagas</span> <span class='ocrx_word' id='word_1_428' title='bbox 1257 4842 1455 4979; x_wconf 65' lang='lat' dir='ltr'>dipqederent.</span> <span class='ocrx_word' id='word_1_429' title='bbox 1472 4840 1500 4911; x_wconf 84' lang='lat'>⁸)</span> 
     </span>
    </p>
   </div>
   <div class='ocr_carea' id='block_1_10' title="bbox 0 0 1939 5824">
    <p class='ocr_par' dir='ltr' id='par_1_10' title="bbox 0 0 1939 5824">
     <span class='ocr_line' id='line_1_44' title="bbox 0 0 1939 5824; baseline 0 0"><span class='ocrx_word' id='word_1_430' title='bbox 0 0 1939 5824; x_wconf 95' lang='lat' dir='ltr'> </span> 
     </span>
    </p>
   </div>
  </div>
 </body>
</html>
