3838 5824
806 378 889 444 capae
905 379 942 431 11.
1491 380 1554 447 tta

193 537 301 602 baculo
324 557 461 617 gressum
485 537 607 599 firmans
631 538 680 610 (ut
703 536 767 616 ipse
790 534 922 599 Rhetico
946 537 1046 600 dicere
1070 537 1177 599 solitus
1202 540 1264 610 est)
1282 532 1324 610 Π)
1353 537 1434 601 felici
1458 541 1555 622 magis

194 645 283 709 quam
306 626 468 687 confidenti
489 627 664 703 conjectura
678 627 846 696 constituit,
872 634 963 706 atque
986 625 1030 688 ita
1053 645 1121 687 sese
1145 626 1256 688 habere
1280 626 1417 702 credidit,
1444 647 1481 689 ea
1504 629 1554 691 in-

192 734 280 797 quam
305 715 406 776 omnia
429 715 596 776 rationibus
620 734 638 774 a
660 714 761 793 priori,
787 715 934 787 aeausis,
959 735 977 775 a
1000 714 1163 776 creationis
1188 715 1258 776 idea
1281 714 1418 778 deductis
1441 716 1554 781 rectis·
1599 726 1602 730 ’

192 804 267 867 sime
290 804 458 866 constituta
481 822 549 863 esse
574 802 845 882 deprehendantur.
1551 814 1570 851 Ι

279 892 360 954 Nam
390 894 415 953 si
444 892 510 971 quis
540 890 764 971 philosophicas
793 892 869 953 istas
903 891 1035 954 rationes
1064 890 1128 965 sine
1158 890 1325 953 rationibus
1349 900 1381 953 et
1404 893 1469 955 solo
1492 893 1555 956 risu

191 981 329 1061 excipere
353 988 444 1060 atque
468 981 589 1042 eludere
611 981 749 1053 uoluerit,
773 989 935 1060 propterea
958 981 1036 1060 quod
1056 986 1149 1041 novu's
1168 981 1256 1041 homo
1277 981 1332 1042 sub
1350 981 1437 1042 finem
1460 1003 1552 1044 seeu-

192 1072 298 1140 lomm,
322 1069 495 1132 tacentibus
519 1070 579 1131 illis
598 1070 807 1149 philosophiae
823 1068 980 1130 luminibus
998 1069 1138 1147 antiquis,
1163 1068 1373 1148 philosophica
1395 1069 1457 1132 ista
1480 1089 1552 1151 pro-

192 1160 297 1231 raram,
321 1159 365 1220 illi
380 1177 437 1238 ego
452 1159 568 1233 ducem,
593 1166 746 1220 auctorem
769 1167 800 1219 et
823 1150 1130 1237 praemonstratorem
1153 1176 1192 1218 ex
1215 1156 1427 1237 antiquissimo
1450 1161 1553 1221 seculo

189 1248 339 1329 proferam
358 1247 625 1328 Pythagoram:
650 1247 735 1324 cnjus
754 1247 850 1308 mdlta
872 1246 901 1307 iu
918 1244 1030 1308 seholis
1048 1244 1170 1320 mentio,
1195 1246 1275 1325 quod
1296 1264 1363 1308 oum
1389 1256 1553 1326 praestan-

189 1338 264 1399 tiam
286 1336 405 1397 videret
427 1335 556 1415 quinque
586 1353 761 1414 corpomm,
795 1334 885 1397 simili
915 1335 1005 1414 plane
1033 1334 1151 1395 ratione
1174 1342 1246 1395 ante
1269 1334 1316 1396 bis
1340 1335 1422 1397 mille
1446 1354 1551 1409 anuos,

189 1443 248 1506 qua
261 1442 339 1486 nuno
354 1442 421 1503 ego,
445 1421 603 1486 Creatoris
617 1442 689 1485 cura
707 1441 764 1485 non
788 1423 942 1502 indiguum
964 1421 1117 1484 censuerit
1140 1422 1177 1483 ad
1202 1422 1255 1484 illa
1277 1423 1436 1504 respicere,
1462 1432 1553 1505 atque

178 1513 278 1577 ¹rebus
300 1512 523 1575 mathematicis
546 1512 670 1593 physice
695 1519 727 1572 et
750 1531 787 1573 ex
812 1531 868 1574 soa
892 1510 1028 1592 qualibet
1045 1510 1231 1590 proprietate
1251 1511 1457 1573 accidentaria
1480 1532 1576 1573 cen»

187 1603 256 1665 sitis
284 1620 333 1663 res
357 1620 416 1663 non
441 1601 673 1663 mathematicas
699 1600 981 1662 accommodaverit.
1020 1599 1143 1661 Terram
1167 1600 1246 1661 enim
1271 1600 1346 1662 cubo
1370 1600 1572 1681 aequipara-³

190 1692 288 1766 uit,¹)
313 1691 383 1770 quia
407 1689 527 1752 stabilis
551 1699 688 1770 uterque,
712 1690 790 1772 qood
815 1699 917 1751 tamen
937 1689 974 1750 de
993 1688 1068 1750 cubo
1089 1707 1146 1748 non
1165 1688 1284 1768 proprie
1304 1689 1421 1751 dicitur.
1457 1687 1551 1751 Coelo

190 1780 379 1843 icosaedmm
402 1779 495 1849 dedit,
522 1779 591 1859 quia
605 1788 761 1860 ntmmque
776 1777 917 1840 volubile.
951 1776 1016 1857 Igni
1037 1777 1203 1859 pyramide,
1227 1778 1297 1857 qnia
1321 1777 1395 1839 haec
1417 1777 1551 1841 volantis

188 1868 308 1950 igniculi
325 1868 434 1929 forma:
459 1868 576 1948 reliqua
599 1867 656 1930 dno
680 1884 807 1945 corpora
830 1867 909 1928 inter
932 1884 1032 1928 aerem
1056 1874 1088 1927 et
1111 1884 1219 1946 aquam
1241 1866 1404 1942 distribuit,
1429 1874 1552 1946 propter

186 1958 315 2021 similem
342 1958 482 2037 atriaque
514 1975 581 2018 oum
614 1956 721 2018 vicinis
751 1956 970 2036 cognationem.
1014 1952 1179 2017 Sedenim
1204 1952 1388 2034 Oopemicus
1417 1955 1462 2016 illi
1485 1954 1550 2016 uiro

187 2047 293 2121 defuit,
318 2047 368 2125 qui
391 2046 484 2126 prius,
509 2045 580 2125 quid
604 2053 688 2106 esset
711 2045 741 2106 in
766 2044 885 2119 mundo,
910 2044 1044 2105 diceret:
1069 2042 1182 2123 absque
1206 2061 1242 2104 eo
1265 2062 1323 2104 non
1348 2043 1465 2118 linisset,
1491 2043 1549 2105 du·

186 2136 266 2198 bium
288 2152 348 2195 non
373 2144 438 2211 est,
463 2135 532 2216 quin
557 2152 649 2214 qnare
672 2140 770 2208 esset,
799 2132 983 2203 invenisset,
1011 2139 1103 2212 atque
1125 2132 1200 2194 haee
1223 2131 1374 2194 coelomm
1395 2132 1550 2212 proportio

186 2229 246 2289 tam
270 2232 343 2284 nota
366 2243 443 2285 nunc
467 2231 566 2298 esset,
588 2236 679 2303 'quam
702 2223 771 2301 ipsa
793 2222 921 2302 quinque
945 2239 1085 2301 corpora,
1117 2228 1178 2282 tam
1202 2220 1275 2283 item
1297 2228 1436 2299 recepta,
1461 2239 1550 2301 quam

186 2314 243 2376 boo
276 2320 442 2392 tempomm
472 2313 600 2373 decursu
628 2310 756 2373 invaluit
783 2310 837 2372 illa
869 2311 906 2372 de
939 2307 1020 2399 Solis
1052 2318 1135 2371 motu
1168 2310 1263 2390 deque
1296 2309 1397 2389 quiete
1421 2308 1550 2371 Telluris

185 2420 295 2483 opimo.

274 2490 388 2552 Vemm
411 2507 468 2569 age
491 2488 540 2550 rel
569 2488 691 2549 tandem
720 2486 925 2566 experiamur,
956 2494 1054 2548 utrum
1083 2486 1163 2547 inter
1191 2486 1278 2547 orbes
1303 2483 1463 2565 (lopernici
1485 2486 1548 2548 sint

184 2580 262 2643 istae
286 2596 442 2658 corporum
466 2576 686 2657 proportiones.
720 2577 769 2638 Ac
791 2575 878 2638 initio
898 2595 961 2637 rem
976 2574 1176 2636 crassiascule
1192 2593 1377 2636 censeamus.
1412 2573 1548 2636 Maxima

183 2669 396 2732 distantiarum
420 2665 590 2730 differentia
613 2664 643 2726 in
668 2663 836 2744 Copemico
859 2672 909 2725 est
931 2664 1010 2726 inter
1032 2661 1140 2725 Jovem
1163 2670 1197 2724 et
1218 2663 1367 2736 Martem,
1400 2670 1434 2723 nt
1461 2663 1547 2724 vides

183 2759 213 2820 in
237 2755 439 2837 explicatione
463 2755 674 2836 hypothesium
697 2752 773 2815 Tab.
797 2750 838 2814 10
861 2761 894 2813 et
916 2752 996 2814 infra
1018 2771 1084 2832 cap.
1115 2749 1153 2813 14
1177 2760 1209 2813 et
1235 2748 1285 2815 15.
1333 2750 1443 2812 Martia
1468 2751 1546 2813 enim

183 2847 331 2909 distantia
354 2864 374 2905 a
396 2842 469 2907 Sole
492 2863 551 2905 noo
575 2851 688 2923 aequat
714 2840 837 2904 tertiam
859 2848 978 2921 partem
1000 2839 1119 2901 Joviae.
1166 2837 1339 2911 Quaeratur
1361 2838 1453 2915 igitur
1476 2858 1545 2900 cor-

181 2955 249 3016 pus,
269 2935 348 3016 quod
361 2932 524 2996 romam
540 2931 615 2994 lacit
629 2929 828 2994 differentiam
843 2928 922 2992 inter
935 2928 1036 2991 orbem
1052 2928 1307 3008 circumscriptum
1321 2936 1352 2988 et
1367 2927 1546 3006 inscriptum

183 3025 382 3098 (mocedatur
403 3021 489 3084 nobis
513 3021 587 3082 haec
611 3040 789 3101 καταχρησις
819 3036 924 3079 cavum
951 3036 1006 3097 pro
1034 3016 1131 3078 solido
1160 3016 1318 3089 censendi)
1332 3014 1362 3088 ¹¹)
1393 3015 1472 3096 quod
1496 3026 1546 3079 est

181 3113 368 3176 tetraedrum
391 3111 456 3172 sive
477 3108 621 3191 pyramis.
658 3109 718 3171 Est
740 3107 833 3187 igitur
855 3107 934 3168 iuter
950 3105 1058 3168 Jovem
1082 3114 1114 3168 et
1131 3106 1264 3170 Martem
1286 3102 1430 3187 pyramis.
1467 3103 1546 3166 Post

180 3203 238 3264 hos
270 3203 430 3264 maximam
463 3199 578 3261 faciunt
609 3195 809 3260 differentiam
841 3196 1006 3258 distantiae
1034 3194 1154 3274 Jupiter
1169 3202 1216 3258 ‘et
1239 3192 1400 3257 Saturnus.
1446 3192 1544 3273 Hujus

182 3291 262 3353 enim
286 3291 337 3354 ille
360 3288 451 3370 paulo
474 3288 542 3369 plns
566 3286 719 3349 dimidium
743 3294 864 3365 aequat.
911 3282 1026 3347 Similis
1060 3292 1188 3364 apparet
1219 3283 1248 3346 in
1283 3283 1350 3344 cubi
1378 3281 1483 3344 intimo
1513 3290 1544 3343 et

181 3380 293 3443 extimo
317 3379 389 3441 orbe
413 3376 591 3439 differentia.
639 3373 754 3437 Cabum
779 3374 870 3454 igitur
893 3372 1042 3436 Saturnus
1067 3373 1179 3450 ambit,
1203 3373 1296 3435 cubus
1319 3371 1435 3434 Jovem.

269 3467 417 3548 Aequalis
441 3466 502 3528 iere
525 3464 680 3547 proportio
704 3473 752 3525 est
776 3463 856 3525 inter
874 3463 1025 3525 Venerem
1048 3470 1081 3525 et
1104 3460 1292 3535 Mercurium,
1318 3479 1374 3522 nec
1397 3458 1545 3523 absimilis

180 3557 260 3622 iuter
282 3559 370 3619 orbes
393 3555 539 3617 octaedri.
586 3554 692 3615 Venus
715 3553 807 3632 igitur
829 3552 886 3614 hoe
909 3570 1017 3633 corpus
1040 3550 1149 3626 ambit,
1172 3549 1340 3613 Mercurius
1363 3548 1470 3611 induit.

270 3646 418 3727 Reliquae
441 3644 519 3706 duae
543 3641 753 3722 proportiones
784 3640 863 3702 inter
886 3640 1037 3703 Venerem
1066 3648 1099 3702 et
1121 3641 1264 3716 Terram,
1296 3639 1376 3710 iuter
1407 3638 1485 3699 hanc
1513 3645 1546 3698 et

180 3736 313 3798 mnam
334 3734 475 3796 minimae
499 3739 583 3806 sunt,
615 3738 647 3793 et
670 3730 732 3792 iere
763 3730 921 3808 aequales,
951 3747 1057 3808 nempe
1080 3728 1205 3791 interior
1228 3727 1388 3790 exterioris
1412 3726 1545 3788 dodrans

181 3824 310 3886 anthes
335 3818 403 3905 (Ἰμ
425 3818 490 3900 'leb
526 3822 559 3883 lu
573 3820 730 3882 icosaedro
746 3826 778 3880 et
796 3817 986 3879 dodecaedro
1001 3825 1072 3878 sunt
1095 3817 1188 3878 etiam
1212 3816 1355 3896 aequales
1379 3815 1544 3877 distantiae

182 3913 316 3975 binomm
340 3913 473 3985 orbium,
499 3919 531 3972 et
553 3909 745 3990 proportione
768 3914 893 3968 utuntur
916 3905 1039 3967 minima
1061 3905 1140 3966 inter
1162 3905 1278 3985 reliqua
1299 3904 1450 3984 regularia
1473 3922 1543 3964 cor·

179 4021 264 4083 pora.
305 4000 409 4074 Quare
433 3998 595 4062 verisimile
618 4005 676 4073 est,
700 3997 832 4057 Martem
856 3993 968 4056 ambire
992 3994 1117 4054 Terram
1139 3994 1291 4055 mediante
1315 3993 1461 4055 alterutro
1485 3991 1543 4053 bo·
1588 4024 1590 4027 ·

180 4110 244 4155 mm
268 4110 434 4171 corpomm,
458 4091 582 4153 Terram
608 4096 708 4149 autem
722 4107 741 4147 a
757 4084 878 4145 Venere
892 4089 1082 4155 summotam‚
1106 4082 1258 4145 mediante
1281 4081 1405 4162 reliquo.
1441 4080 1544 4152 Quare

180 4181 206 4243 si
230 4180 297 4262 quis
321 4199 359 4242 ex
381 4199 429 4241 me
453 4184 590 4259 quaerat,
614 4195 668 4237 cur
690 4175 753 4236 sint
775 4181 891 4235 tantum
916 4190 971 4232 sex
985 4170 1073 4233 orbes
1088 4170 1225 4246 mobiles,
1249 4170 1448 4250 respondebo,
1473 4170 1544 4251 qnia

179 4289 238 4332 non
262 4278 406 4350 oporteat
427 4268 529 4348 plnres
544 4265 673 4345 quinque
686 4261 896 4343 proportiones
912 4279 989 4334 esse,
1013 4257 1141 4320 totidem
1164 4278 1281 4340 nempe,
1305 4268 1379 4339 quot
1392 4258 1544 4339 regularia

179 4367 249 4421 sunt
266 4359 298 4421 iu
317 4358 447 4420 mathesi
463 4373 599 4434 corpora.
633 4351 696 4416 Sex
719 4359 819 4413 autem
842 4348 963 4411 termini
986 4356 1195 4410 consummant
1215 4349 1292 4411 huno
1315 4348 1543 4427 proportionum

179 4466 342 4512 numerum.
