3788 5828
775 360 932 433 &offl-
974 368 977 373 '
1475 362 1538 437 tto

172 524 384 595 aenaeam
412 523 444 589 in
465 525 620 606 praesenti
643 523 780 606 negotio,
809 523 884 588 itinn
912 523 1133 589 incommodum
1160 529 1353 605 sequeretur,
1383 524 1461 607 qood
1486 533 1540 593 aot

170 631 254 676 error
277 613 515 677 committeretur
537 615 567 676 in
591 613 803 693 inscriptione,
833 613 903 677 dum
926 613 1039 675 Terrae
1062 610 1143 673 orbis
1167 630 1221 691 pro
1244 630 1370 693 ¹corpore
1394 618 1538 679 tensare.

170 710 229 774 tur,
252 701 303 783 qni
326 702 500 783 superficies
521 703 632 765 saltem
656 710 748 775 esset,
772 710 806 765 ut
829 702 932 764 videre
956 709 1005 763 est
1029 701 1057 763 in
1080 700 1193 763 schem.
1219 698 1278 776 22,
1304 708 1357 761 ant
1380 701 1445 764 orbi
1460 704 1537 765 Ter-

169 809 241 853 reno
273 790 385 854 nuliam
419 798 454 853 nt
484 791 595 853 ceteris
618 790 816 872 relinquerem
844 788 1026 855 crassitiem.
1072 788 1188 851 Essent
1218 788 1310 868 igitur
1339 789 1538 853 dodecatidri-

168 897 269 941 eorum
293 879 449 960 planorum
477 886 584 942 oentra
608 887 641 941 es
663 878 840 941 ioosaodn‘si
868 877 970 961 anguli
1002 877 1032 939 in
1056 877 1162 940 eadem
1185 877 1342 957 superficie
1368 878 1534 959 sphaerica

168 975 259 1049 atque
282 968 328 1033 its
349 974 433 1030 totus
457 968 584 1031 mundos
612 967 726 1030 arctius
749 967 922 1029 consideret
944 967 1089 1045 fieretque
1122 965 1210 1046 longe
1236 965 1414 1045 angustior,
1449 988 1537 1050 qnam

167 1054 355 1136 medentia
377 1062 510 1119 motuum
534 1063 566 1117 et
589 1055 817 1118 observationes
840 1056 1005 1135 patiuntur.
1052 1055 1155 1134 Atque
1175 1053 1252 1119 huno
1271 1054 1446 1132 scrupulum
1469 1076 1536 1119 enm

167 1162 224 1224 ego
247 1143 392 1207 Miohseii
415 1143 595 1218 Maestiino,
619 1143 808 1224 praeceptori
832 1162 899 1209 meo
922 1140 1092 1211 clarissimo
1116 1141 1280 1219 aperirem,
1313 1141 1534 1221 exploraturus,

166 1252 206 1294 an
236 1233 366 1313 probare
395 1231 489 1295 veliet
516 1233 605 1297 modo
627 1232 759 1312 positum
785 1231 842 1295 hoo
866 1231 1040 1301 theorema,
1075 1229 1101 1290 is
1134 1229 1291 1311 insperato
1322 1229 1380 1290 mei
1408 1230 1534 1310 juvandi

165 1318 267 1383 studio
290 1320 368 1385 hooc
394 1319 528 1385 laborem
561 1321 591 1383 in
614 1339 648 1382 se
673 1319 825 1407 suscepit,
861 1310 893 1382 et
916 1338 972 1381 non
1006 1323 1125 1381 tentum
1149 1336 1187 1379 ex
1210 1316 1383 1379 Prntenieis
1408 1318 1533 1383 Tabulis

166 1407 249 1488 ipsas
271 1408 464 1489 aranearum
488 1408 652 1473 distantias
676 1409 712 1471 de
736 1426 814 1471 novo
837 1406 1040 1486 compotavit,
1072 1405 1127 1467 sed
1151 1405 1243 1467 etiam
1266 1416 1459 1484 praesentem
1484 1416 1535 1470 ta-

164 1496 266 1561 butata
290 1495 363 1561 mihi
386 1497 519 1561 oooiseit
542 1497 670 1572 (seham.
690 1493 734 1563 23
754 1504 786 1560 et
808 1491 886 1573 24),
911 1504 1002 1579 atque
1026 1493 1070 1557 sio
1093 1511 1141 1554 me
1165 1502 1228 1556 tum
1252 1493 1322 1555 aliis
1345 1512 1403 1557 non
1430 1498 1536 1575 paneis
