<?xml version="1.0" encoding="UTF-8"?>
<!DOCTYPE html PUBLIC "-//W3C//DTD XHTML 1.0 Transitional//EN"
    "http://www.w3.org/TR/xhtml1/DTD/xhtml1-transitional.dtd">
<html xmlns="http://www.w3.org/1999/xhtml" xml:lang="en" lang="en">
 <head>
  <title>
</title>
<meta http-equiv="Content-Type" content="text/html;charset=utf-8" />
  <meta name='ocr-system' content='tesseract 3.04.00' />
  <meta name='ocr-capabilities' content='ocr_page ocr_carea ocr_par ocr_line ocrx_word'/>
</head>
<body>
  <div class='ocr_page' id='page_1' title='image "./joanniskepleria27frisgoog_0063.png"; bbox 0 0 3786 5808; ppageno 0'>
   <div class='ocr_carea' id='block_1_1' title="bbox 408 336 1324 459">
    <p class='ocr_par' dir='ltr' id='par_1_1' title="bbox 408 336 1324 459">
     <span class='ocr_line' id='line_1_1' title="bbox 408 336 1324 459; baseline 0.004 -20"><span class='ocrx_word' id='word_1_1' title='bbox 408 391 451 457; x_wconf 81' lang='lat'>32</span> <span class='ocrx_word' id='word_1_2' title='bbox 1000 389 1161 443; x_wconf 72' lang='lat' dir='ltr'>Praemim</span> <span class='ocrx_word' id='word_1_3' title='bbox 1272 336 1324 459; x_wconf 54' lang='lat' dir='ltr'> </span> 
     </span>
    </p>
   </div>
   <div class='ocr_carea' id='block_1_2' title="bbox 354 548 1763 1435">
    <p class='ocr_par' dir='ltr' id='par_1_2' title="bbox 354 548 1763 1435">
     <span class='ocr_line' id='line_1_2' title="bbox 408 548 1751 632; baseline -0.001 -17"><span class='ocrx_word' id='word_1_4' title='bbox 408 551 563 624; x_wconf 86' lang='lat' dir='ltr'>titatibus,</span> <span class='ocrx_word' id='word_1_5' title='bbox 587 570 642 612; x_wconf 89' lang='lat' dir='ltr'>ceu</span> <span class='ocrx_word' id='word_1_6' title='bbox 664 570 737 614; x_wconf 90' lang='lat' dir='ltr'>suae</span> <span class='ocrx_word' id='word_1_7' title='bbox 761 548 885 630; x_wconf 89' lang='lat' dir='ltr'>origini:</span> <span class='ocrx_word' id='word_1_8' title='bbox 910 548 948 610; x_wconf 89' lang='lat' dir='ltr'>ab</span> <span class='ocrx_word' id='word_1_9' title='bbox 971 549 1018 611; x_wconf 88' lang='lat' dir='ltr'>his</span> <span class='ocrx_word' id='word_1_10' title='bbox 1041 569 1099 631; x_wconf 92' lang='lat' dir='ltr'>quo</span> <span class='ocrx_word' id='word_1_11' title='bbox 1122 550 1239 632; x_wconf 87' lang='lat' dir='ltr'>longius</span> <span class='ocrx_word' id='word_1_12' title='bbox 1262 550 1407 632; x_wconf 83' lang='lat' dir='ltr'>quidlibet</span> <span class='ocrx_word' id='word_1_13' title='bbox 1428 551 1557 627; x_wconf 89' lang='lat' dir='ltr'>recedit,</span> <span class='ocrx_word' id='word_1_14' title='bbox 1583 559 1670 614; x_wconf 89' lang='lat' dir='ltr'>tanto</span> <span class='ocrx_word' id='word_1_15' title='bbox 1689 552 1751 631; x_wconf 87' lang='lat' dir='ltr'>plus</span> 
     </span>
     <span class='ocr_line' id='line_1_3' title="bbox 408 637 1751 723; baseline -0.001 -19"><span class='ocrx_word' id='word_1_16' title='bbox 408 642 598 704; x_wconf 90' lang='lat' dir='ltr'>tenebrarum</span> <span class='ocrx_word' id='word_1_17' title='bbox 622 647 654 703; x_wconf 93' lang='lat' dir='ltr'>et</span> <span class='ocrx_word' id='word_1_18' title='bbox 677 659 809 703; x_wconf 89' lang='lat' dir='ltr'>errorum</span> <span class='ocrx_word' id='word_1_19' title='bbox 832 637 946 700; x_wconf 76' lang='lat' dir='ltr'><strong>existit.</strong></span> <span class='ocrx_word' id='word_1_20' title='bbox 986 639 1087 701; x_wconf 80' lang='lat' dir='ltr'>Affert</span> <span class='ocrx_word' id='word_1_21' title='bbox 1109 640 1188 703; x_wconf 91' lang='lat' dir='ltr'>enim</span> <span class='ocrx_word' id='word_1_22' title='bbox 1210 659 1294 703; x_wconf 90' lang='lat' dir='ltr'>mens</span> <span class='ocrx_word' id='word_1_23' title='bbox 1317 648 1421 704; x_wconf 90' lang='lat' dir='ltr'>nostra</span> <span class='ocrx_word' id='word_1_24' title='bbox 1443 648 1552 723; x_wconf 89' lang='lat' dir='ltr'>suapte</span> <span class='ocrx_word' id='word_1_25' title='bbox 1576 648 1686 703; x_wconf 87' lang='lat' dir='ltr'>natura</span> <span class='ocrx_word' id='word_1_26' title='bbox 1706 660 1751 702; x_wconf 90' lang='lat' dir='ltr'>se·</span> 
     </span>
     <span class='ocr_line' id='line_1_4' title="bbox 408 727 1763 812; baseline -0.001 -19"><span class='ocrx_word' id='word_1_27' title='bbox 408 748 473 793; x_wconf 90' lang='lat' dir='ltr'>cum</span> <span class='ocrx_word' id='word_1_28' title='bbox 496 729 537 791; x_wconf 87' lang='lat' dir='ltr'>ad</span> <span class='ocrx_word' id='word_1_29' title='bbox 560 727 725 791; x_wconf 87' lang='lat' dir='ltr'>divinarum</span> <span class='ocrx_word' id='word_1_30' title='bbox 747 747 845 793; x_wconf 89' lang='lat' dir='ltr'>rerum</span> <span class='ocrx_word' id='word_1_31' title='bbox 868 727 970 789; x_wconf 89' lang='lat' dir='ltr'>studia</span> <span class='ocrx_word' id='word_1_32' title='bbox 992 729 1128 791; x_wconf 82' lang='lat' dir='ltr'>notioms</span> <span class='ocrx_word' id='word_1_33' title='bbox 1159 749 1230 792; x_wconf 89' lang='lat' dir='ltr'>snas</span> <span class='ocrx_word' id='word_1_34' title='bbox 1259 730 1288 791; x_wconf 93' lang='lat' dir='ltr'>in</span> <span class='ocrx_word' id='word_1_35' title='bbox 1311 730 1554 810; x_wconf 87' lang='lat' dir='ltr'>praedicamento</span> <span class='ocrx_word' id='word_1_36' title='bbox 1579 730 1763 812; x_wconf 66' lang='lat' dir='ltr'>quantitatis⁴</span> 
     </span>
     <span class='ocr_line' id='line_1_5' title="bbox 409 816 1752 899; baseline -0.001 -18"><span class='ocrx_word' id='word_1_37' title='bbox 409 826 580 882; x_wconf 87' lang='lat' dir='ltr'>extructas:</span> <span class='ocrx_word' id='word_1_38' title='bbox 612 817 718 898; x_wconf 90' lang='lat' dir='ltr'>quihus</span> <span class='ocrx_word' id='word_1_39' title='bbox 742 818 768 880; x_wconf 92' lang='lat' dir='ltr'>si</span> <span class='ocrx_word' id='word_1_40' title='bbox 792 817 951 897; x_wconf 90' lang='lat' dir='ltr'>spolietur,</span> <span class='ocrx_word' id='word_1_41' title='bbox 976 816 1050 879; x_wconf 87' lang='lat' dir='ltr'>nihil</span> <span class='ocrx_word' id='word_1_42' title='bbox 1072 818 1131 881; x_wconf 91' lang='lat' dir='ltr'>nisi</span> <span class='ocrx_word' id='word_1_43' title='bbox 1154 818 1243 881; x_wconf 77' lang='lat' dir='ltr'>mens</span> <span class='ocrx_word' id='word_1_44' title='bbox 1267 820 1476 899; x_wconf 78' lang='lat' dir='ltr'>negationibus</span> <span class='ocrx_word' id='word_1_45' title='bbox 1500 819 1625 882; x_wconf 82' lang='lat' dir='ltr'>definire</span> <span class='ocrx_word' id='word_1_46' title='bbox 1647 826 1752 897; x_wconf 86' lang='lat' dir='ltr'>potest</span> 
     </span>
     <span class='ocr_line' id='line_1_6' title="bbox 354 904 1754 1001; baseline -0.001 -31"><span class='ocrx_word' id='word_1_47' title='bbox 354 978 360 1001; x_wconf 49' lang='grc' dir='ltr'>Ι</span> <span class='ocrx_word' id='word_1_48' title='bbox 408 909 485 970; x_wconf 90' lang='lat' dir='ltr'>Hinc</span> <span class='ocrx_word' id='word_1_49' title='bbox 504 907 557 969; x_wconf 89' lang='lat' dir='ltr'>illa</span> <span class='ocrx_word' id='word_1_50' title='bbox 572 904 806 970; x_wconf 71' lang='lat' dir='ltr'>calvinistarum</span> <span class='ocrx_word' id='word_1_51' title='bbox 825 904 940 978; x_wconf 73' lang='grc' dir='ltr'>ἐκςασις</span> <span class='ocrx_word' id='word_1_52' title='bbox 964 906 1003 967; x_wconf 97' lang='lat' dir='ltr'>ad</span> <span class='ocrx_word' id='word_1_53' title='bbox 1026 924 1131 968; x_wconf 91' lang='lat' dir='ltr'>nomen</span> <span class='ocrx_word' id='word_1_54' title='bbox 1154 909 1392 986; x_wconf 89' lang='lat' dir='ltr'>praesentiae</span> <span class='ocrx_word' id='word_1_55' title='bbox 1415 908 1593 971; x_wconf 89' lang='lat' dir='ltr'>illocalis.</span> <span class='ocrx_word' id='word_1_56' title='bbox 1626 908 1704 972; x_wconf 91' lang='lat' dir='ltr'>Nam</span> <span class='ocrx_word' id='word_1_57' title='bbox 1726 915 1754 968; x_wconf 89' lang='lat' dir='ltr'>et</span> 
     </span>
     <span class='ocr_line' id='line_1_7' title="bbox 407 995 1753 1080; baseline 0.001 -24"><span class='ocrx_word' id='word_1_58' title='bbox 407 1017 466 1059; x_wconf 85' lang='lat' dir='ltr'>vox</span> <span class='ocrx_word' id='word_1_59' title='bbox 491 996 693 1080; x_wconf 90' lang='lat' dir='ltr'>(praesentia)</span> <span class='ocrx_word' id='word_1_60' title='bbox 718 1004 748 1058; x_wconf 91' lang='lat' dir='ltr'>et</span> <span class='ocrx_word' id='word_1_61' title='bbox 771 1015 819 1058; x_wconf 92' lang='lat' dir='ltr'>res</span> <span class='ocrx_word' id='word_1_62' title='bbox 842 995 997 1057; x_wconf 88' lang='lat' dir='ltr'>intellecta</span> <span class='ocrx_word' id='word_1_63' title='bbox 1015 995 1071 1057; x_wconf 92' lang='lat' dir='ltr'>sub</span> <span class='ocrx_word' id='word_1_64' title='bbox 1089 1014 1162 1057; x_wconf 86' lang='lat' dir='ltr'>voce</span> <span class='ocrx_word' id='word_1_65' title='bbox 1186 996 1325 1059; x_wconf 90' lang='lat' dir='ltr'>desumta</span> <span class='ocrx_word' id='word_1_66' title='bbox 1350 1006 1398 1059; x_wconf 93' lang='lat' dir='ltr'>est</span> <span class='ocrx_word' id='word_1_67' title='bbox 1419 1017 1456 1060; x_wconf 81' lang='lat' dir='ltr'>ex</span> <span class='ocrx_word' id='word_1_68' title='bbox 1476 996 1648 1060; x_wconf 91' lang='lat' dir='ltr'>conditione</span> <span class='ocrx_word' id='word_1_69' title='bbox 1671 996 1753 1077; x_wconf 88' lang='lat' dir='ltr'>hujus</span> 
     </span>
     <span class='ocr_line' id='line_1_8' title="bbox 408 1084 1754 1167; baseline -0.001 -19"><span class='ocrx_word' id='word_1_70' title='bbox 408 1085 511 1160; x_wconf 91' lang='lat' dir='ltr'>seculi,</span> <span class='ocrx_word' id='word_1_71' title='bbox 535 1085 601 1157; x_wconf 83' lang='lat' dir='ltr'>loco</span> <span class='ocrx_word' id='word_1_72' title='bbox 624 1092 656 1146; x_wconf 93' lang='lat' dir='ltr'>et</span> <span class='ocrx_word' id='word_1_73' title='bbox 678 1094 811 1164; x_wconf 90' lang='lat' dir='ltr'>tempore</span> <span class='ocrx_word' id='word_1_74' title='bbox 835 1085 1012 1154; x_wconf 68' lang='lat' dir='ltr'>constantin,</span> <span class='ocrx_word' id='word_1_75' title='bbox 1037 1084 1220 1165; x_wconf 80' lang='lat' dir='ltr'>digitumque</span> <span class='ocrx_word' id='word_1_76' title='bbox 1243 1086 1291 1148; x_wconf 87' lang='lat' dir='ltr'>vel</span> <span class='ocrx_word' id='word_1_77' title='bbox 1315 1086 1495 1149; x_wconf 78' lang='lat' dir='ltr'>cautissimis</span> <span class='ocrx_word' id='word_1_78' title='bbox 1514 1087 1556 1148; x_wconf 86' lang='lat' dir='ltr'>ad</span> <span class='ocrx_word' id='word_1_79' title='bbox 1575 1086 1754 1167; x_wconf 80' lang='lat' dir='ltr'>quantitates</span> 
     </span>
     <span class='ocr_line' id='line_1_9' title="bbox 408 1173 1755 1252; baseline -0.001 -15"><span class='ocrx_word' id='word_1_80' title='bbox 408 1174 547 1237; x_wconf 89' lang='lat' dir='ltr'>intendit.</span> <span class='ocrx_word' id='word_1_81' title='bbox 582 1174 667 1235; x_wconf 89' lang='lat' dir='ltr'>Haec</span> <span class='ocrx_word' id='word_1_82' title='bbox 685 1183 716 1236; x_wconf 92' lang='lat' dir='ltr'>et</span> <span class='ocrx_word' id='word_1_83' title='bbox 734 1173 846 1236; x_wconf 88' lang='lat' dir='ltr'>similia</span> <span class='ocrx_word' id='word_1_84' title='bbox 862 1173 889 1235; x_wconf 92' lang='lat' dir='ltr'>si</span> <span class='ocrx_word' id='word_1_85' title='bbox 909 1173 1033 1252; x_wconf 87' lang='lat' dir='ltr'>quilibet</span> <span class='ocrx_word' id='word_1_86' title='bbox 1047 1175 1202 1235; x_wconf 86' lang='lat' dir='ltr'>occasione</span> <span class='ocrx_word' id='word_1_87' title='bbox 1222 1194 1260 1236; x_wconf 80' lang='lat' dir='ltr'>ex</span> <span class='ocrx_word' id='word_1_88' title='bbox 1282 1194 1348 1237; x_wconf 90' lang='lat' dir='ltr'>meo</span> <span class='ocrx_word' id='word_1_89' title='bbox 1373 1175 1472 1238; x_wconf 92' lang='lat' dir='ltr'>libello</span> <span class='ocrx_word' id='word_1_90' title='bbox 1496 1176 1639 1238; x_wconf 88' lang='lat' dir='ltr'>desumta</span> <span class='ocrx_word' id='word_1_91' title='bbox 1661 1191 1755 1237; x_wconf 89' lang='lat' dir='ltr'>secum</span> 
     </span>
     <span class='ocr_line' id='line_1_10' title="bbox 408 1263 1754 1344; baseline 0 -19"><span class='ocrx_word' id='word_1_92' title='bbox 408 1263 622 1344; x_wconf 85' lang='lat' dir='ltr'>perpenderet3</span> <span class='ocrx_word' id='word_1_93' title='bbox 646 1264 760 1344; x_wconf 87' lang='lat' dir='ltr'>opinor,</span> <span class='ocrx_word' id='word_1_94' title='bbox 783 1280 841 1324; x_wconf 91' lang='lat' dir='ltr'>uno</span> <span class='ocrx_word' id='word_1_95' title='bbox 864 1263 959 1341; x_wconf 86' lang='lat' dir='ltr'>gradu</span> <span class='ocrx_word' id='word_1_96' title='bbox 982 1263 1104 1343; x_wconf 92' lang='lat' dir='ltr'>propius</span> <span class='ocrx_word' id='word_1_97' title='bbox 1123 1270 1323 1325; x_wconf 84' lang='lat' dir='ltr'>conventores</span> <span class='ocrx_word' id='word_1_98' title='bbox 1345 1273 1448 1343; x_wconf 90' lang='lat' dir='ltr'>partes</span> <span class='ocrx_word' id='word_1_99' title='bbox 1472 1266 1502 1327; x_wconf 93' lang='lat' dir='ltr'>in</span> <span class='ocrx_word' id='word_1_100' title='bbox 1525 1264 1672 1344; x_wconf 89' lang='lat' dir='ltr'>religione</span> <span class='ocrx_word' id='word_1_101' title='bbox 1695 1263 1754 1325; x_wconf 92' lang='lat' dir='ltr'>dis·</span> 
     </span>
     <span class='ocr_line' id='line_1_11' title="bbox 409 1350 1756 1435; baseline -0.001 -21"><span class='ocrx_word' id='word_1_102' title='bbox 409 1353 552 1415; x_wconf 88' lang='lat' dir='ltr'>sidentes.</span> <span class='ocrx_word' id='word_1_103' title='bbox 598 1350 661 1413; x_wconf 90' lang='lat' dir='ltr'>Sed</span> <span class='ocrx_word' id='word_1_104' title='bbox 684 1352 763 1414; x_wconf 92' lang='lat' dir='ltr'>enim</span> <span class='ocrx_word' id='word_1_105' title='bbox 786 1370 824 1412; x_wconf 82' lang='lat' dir='ltr'>ex</span> <span class='ocrx_word' id='word_1_106' title='bbox 845 1369 949 1412; x_wconf 88' lang='lat' dir='ltr'>musca</span> <span class='ocrx_word' id='word_1_107' title='bbox 975 1352 1027 1412; x_wconf 85' lang='lat' dir='ltr'>fiet</span> <span class='ocrx_word' id='word_1_108' title='bbox 1056 1352 1111 1412; x_wconf 88' lang='lat' dir='ltr'>hoc</span> <span class='ocrx_word' id='word_1_109' title='bbox 1134 1359 1225 1432; x_wconf 93' lang='lat' dir='ltr'>pacto</span> <span class='ocrx_word' id='word_1_110' title='bbox 1249 1353 1375 1433; x_wconf 89' lang='lat' dir='ltr'>denique</span> <span class='ocrx_word' id='word_1_111' title='bbox 1398 1354 1532 1434; x_wconf 87' lang='lat' dir='ltr'>elephas.</span> <span class='ocrx_word' id='word_1_112' title='bbox 1580 1352 1649 1435; x_wconf 86' lang='lat' dir='ltr'>Ego</span> <span class='ocrx_word' id='word_1_113' title='bbox 1673 1370 1756 1433; x_wconf 85' lang='lat' dir='ltr'>quam</span> 
     </span>
    </p>
   </div>
   <div class='ocr_carea' id='block_1_3' title="bbox 301 1438 1755 1524">
    <p class='ocr_par' dir='ltr' id='par_1_3' title="bbox 301 1438 1755 1524">
     <span class='ocr_line' id='line_1_12' title="bbox 301 1438 1755 1524; baseline -0.003 -19"><span class='ocrx_word' id='word_1_114' title='bbox 301 1446 305 1455; x_wconf 88' lang='lat'>&#39;</span> <span class='ocrx_word' id='word_1_115' title='bbox 409 1442 466 1505; x_wconf 90' lang='lat' dir='ltr'>sim</span> <span class='ocrx_word' id='word_1_116' title='bbox 488 1443 543 1503; x_wconf 90' lang='lat' dir='ltr'>hoc</span> <span class='ocrx_word' id='word_1_117' title='bbox 566 1441 668 1503; x_wconf 91' lang='lat' dir='ltr'>nuntio</span> <span class='ocrx_word' id='word_1_118' title='bbox 691 1447 854 1513; x_wconf 88' lang='lat' dir='ltr'>recreatus,</span> <span class='ocrx_word' id='word_1_119' title='bbox 879 1438 977 1501; x_wconf 90' lang='lat' dir='ltr'>dicere</span> <span class='ocrx_word' id='word_1_120' title='bbox 1000 1440 1111 1502; x_wconf 91' lang='lat' dir='ltr'>rectius</span> <span class='ocrx_word' id='word_1_121' title='bbox 1134 1460 1191 1502; x_wconf 93' lang='lat' dir='ltr'>nou</span> <span class='ocrx_word' id='word_1_122' title='bbox 1214 1458 1346 1521; x_wconf 87' lang='lat' dir='ltr'>possum,</span> <span class='ocrx_word' id='word_1_123' title='bbox 1370 1462 1458 1524; x_wconf 89' lang='lat' dir='ltr'>quarn</span> <span class='ocrx_word' id='word_1_124' title='bbox 1482 1443 1509 1505; x_wconf 91' lang='lat' dir='ltr'>si</span> <span class='ocrx_word' id='word_1_125' title='bbox 1531 1438 1589 1505; x_wconf 92' lang='lat' dir='ltr'>tibi</span> <span class='ocrx_word' id='word_1_126' title='bbox 1612 1439 1755 1505; x_wconf 87' lang='lat' dir='ltr'>sollicitu-</span> 
     </span>
    </p>
   </div>
   <div class='ocr_carea' id='block_1_4' title="bbox 392 1528 1848 3037">
    <p class='ocr_par' dir='ltr' id='par_1_4' title="bbox 409 1528 1757 1877">
     <span class='ocr_line' id='line_1_13' title="bbox 409 1528 1756 1612; baseline -0.001 -19"><span class='ocrx_word' id='word_1_127' title='bbox 409 1533 509 1593; x_wconf 89' lang='lat' dir='ltr'>dinem</span> <span class='ocrx_word' id='word_1_128' title='bbox 531 1530 630 1592; x_wconf 86' lang='lat' dir='ltr'>meriti</span> <span class='ocrx_word' id='word_1_129' title='bbox 653 1549 706 1611; x_wconf 94' lang='lat' dir='ltr'>pro</span> <span class='ocrx_word' id='word_1_130' title='bbox 730 1529 865 1610; x_wconf 89' lang='lat' dir='ltr'>pariente</span> <span class='ocrx_word' id='word_1_131' title='bbox 888 1545 988 1604; x_wconf 85' lang='lat' dir='ltr'>uxore,</span> <span class='ocrx_word' id='word_1_132' title='bbox 1013 1528 1211 1609; x_wconf 80' lang='lat' dir='ltr'>gaudiumque</span> <span class='ocrx_word' id='word_1_133' title='bbox 1235 1549 1273 1591; x_wconf 80' lang='lat' dir='ltr'>ex</span> <span class='ocrx_word' id='word_1_134' title='bbox 1292 1531 1418 1611; x_wconf 86' lang='lat' dir='ltr'>denique</span> <span class='ocrx_word' id='word_1_135' title='bbox 1442 1539 1514 1594; x_wconf 91' lang='lat' dir='ltr'>nato</span> <span class='ocrx_word' id='word_1_136' title='bbox 1536 1550 1631 1612; x_wconf 90' lang='lat' dir='ltr'>puero</span> <span class='ocrx_word' id='word_1_137' title='bbox 1654 1548 1756 1612; x_wconf 86' lang='lat' dir='ltr'>ponam</span> 
     </span>
     <span class='ocr_line' id='line_1_14' title="bbox 409 1616 1756 1701; baseline -0.002 -18"><span class='ocrx_word' id='word_1_138' title='bbox 409 1622 446 1683; x_wconf 92' lang='lat' dir='ltr'>ob</span> <span class='ocrx_word' id='word_1_139' title='bbox 461 1620 573 1682; x_wconf 87' lang='lat' dir='ltr'>oculos.</span> <span class='ocrx_word' id='word_1_140' title='bbox 612 1616 758 1690; x_wconf 85' lang='lat' dir='ltr'>Quamvis</span> <span class='ocrx_word' id='word_1_141' title='bbox 773 1617 852 1679; x_wconf 91' lang='lat' dir='ltr'>hand</span> <span class='ocrx_word' id='word_1_142' title='bbox 866 1635 970 1696; x_wconf 89' lang='lat' dir='ltr'>parum</span> <span class='ocrx_word' id='word_1_143' title='bbox 983 1636 1080 1680; x_wconf 88' lang='lat' dir='ltr'>meam</span> <span class='ocrx_word' id='word_1_144' title='bbox 1099 1617 1298 1681; x_wconf 79' lang='lat' dir='ltr'>festivitatem</span> <span class='ocrx_word' id='word_1_145' title='bbox 1316 1620 1497 1682; x_wconf 89' lang='lat' dir='ltr'>interturbat</span> <span class='ocrx_word' id='word_1_146' title='bbox 1519 1639 1649 1695; x_wconf 84' lang='lat' dir='ltr'>remora,</span> <span class='ocrx_word' id='word_1_147' title='bbox 1675 1636 1756 1701; x_wconf 91' lang='lat' dir='ltr'>quam</span> 
     </span>
     <span class='ocr_line' id='line_1_15' title="bbox 409 1706 1757 1791; baseline -0.003 -19"><span class='ocrx_word' id='word_1_148' title='bbox 409 1728 492 1772; x_wconf 89' lang='lat' dir='ltr'>meus</span> <span class='ocrx_word' id='word_1_149' title='bbox 516 1709 573 1771; x_wconf 90' lang='lat' dir='ltr'>iste</span> <span class='ocrx_word' id='word_1_150' title='bbox 596 1717 701 1788; x_wconf 89' lang='lat' dir='ltr'>partus</span> <span class='ocrx_word' id='word_1_151' title='bbox 725 1715 776 1769; x_wconf 90' lang='lat' dir='ltr'>tuo</span> <span class='ocrx_word' id='word_1_152' title='bbox 801 1706 912 1788; x_wconf 87' lang='lat' dir='ltr'>scripto</span> <span class='ocrx_word' id='word_1_153' title='bbox 937 1707 1055 1788; x_wconf 86' lang='lat' dir='ltr'>objecit,</span> <span class='ocrx_word' id='word_1_154' title='bbox 1080 1706 1224 1789; x_wconf 89' lang='lat' dir='ltr'>simulque</span> <span class='ocrx_word' id='word_1_155' title='bbox 1248 1708 1341 1770; x_wconf 89' lang='lat' dir='ltr'>totius</span> <span class='ocrx_word' id='word_1_156' title='bbox 1359 1708 1499 1790; x_wconf 81' lang='lat' dir='ltr'>Europae</span> <span class='ocrx_word' id='word_1_157' title='bbox 1519 1708 1757 1791; x_wconf 76' lang='lat' dir='ltr'>expectationem</span> 
     </span>
     <span class='ocr_line' id='line_1_16' title="bbox 410 1796 1196 1877; baseline -0.011 -16"><span class='ocrx_word' id='word_1_158' title='bbox 410 1800 446 1861; x_wconf 90' lang='lat' dir='ltr'>de</span> <span class='ocrx_word' id='word_1_159' title='bbox 470 1799 522 1861; x_wconf 94' lang='lat' dir='ltr'>illo</span> <span class='ocrx_word' id='word_1_160' title='bbox 547 1797 656 1860; x_wconf 91' lang='lat' dir='ltr'>diutius</span> <span class='ocrx_word' id='word_1_161' title='bbox 680 1796 846 1877; x_wconf 86' lang='lat' dir='ltr'>suspendit.</span> <span class='ocrx_word' id='word_1_162' title='bbox 1192 1848 1196 1861; x_wconf 88' lang='grc'><strong>,</strong></span> 
     </span>
    </p>

    <p class='ocr_par' dir='ltr' id='par_1_5' title="bbox 392 1883 1848 3037">
     <span class='ocr_line' id='line_1_17' title="bbox 498 1883 1757 1966; baseline -0.002 -18"><span class='ocrx_word' id='word_1_163' title='bbox 498 1885 586 1958; x_wconf 81' lang='lat' dir='ltr'>Quod</span> <span class='ocrx_word' id='word_1_164' title='bbox 606 1887 643 1947; x_wconf 92' lang='lat' dir='ltr'>de</span> <span class='ocrx_word' id='word_1_165' title='bbox 663 1884 824 1947; x_wconf 86' lang='lat' dir='ltr'>offensione</span> <span class='ocrx_word' id='word_1_166' title='bbox 843 1891 966 1946; x_wconf 89' lang='lat' dir='ltr'>senatus</span> <span class='ocrx_word' id='word_1_167' title='bbox 981 1883 1144 1946; x_wconf 74' lang='lat' dir='ltr'>academici</span> <span class='ocrx_word' id='word_1_168' title='bbox 1159 1885 1299 1964; x_wconf 89' lang='lat' dir='ltr'>quereris,</span> <span class='ocrx_word' id='word_1_169' title='bbox 1325 1886 1437 1964; x_wconf 87' lang='lat' dir='ltr'>opinor,</span> <span class='ocrx_word' id='word_1_170' title='bbox 1462 1894 1493 1949; x_wconf 87' lang='lat' dir='ltr'>te</span> <span class='ocrx_word' id='word_1_171' title='bbox 1516 1894 1622 1950; x_wconf 89' lang='lat' dir='ltr'>tamen</span> <span class='ocrx_word' id='word_1_172' title='bbox 1647 1886 1757 1966; x_wconf 88' lang='lat' dir='ltr'>aliquos</span> 
     </span>
     <span class='ocr_line' id='line_1_18' title="bbox 410 1972 1755 2053; baseline -0.001 -17"><span class='ocrx_word' id='word_1_173' title='bbox 410 1995 447 2036; x_wconf 82' lang='lat' dir='ltr'>ex</span> <span class='ocrx_word' id='word_1_174' title='bbox 469 1975 521 2038; x_wconf 91' lang='lat' dir='ltr'>illo</span> <span class='ocrx_word' id='word_1_175' title='bbox 544 1973 714 2036; x_wconf 88' lang='lat' dir='ltr'>habituram</span> <span class='ocrx_word' id='word_1_176' title='bbox 745 1992 855 2053; x_wconf 87' lang='lat' dir='ltr'>aequos</span> <span class='ocrx_word' id='word_1_177' title='bbox 883 1981 999 2035; x_wconf 89' lang='lat' dir='ltr'>tuomm</span> <span class='ocrx_word' id='word_1_178' title='bbox 1029 1972 1164 2035; x_wconf 91' lang='lat' dir='ltr'>laborum</span> <span class='ocrx_word' id='word_1_179' title='bbox 1191 1992 1340 2036; x_wconf 85' lang='lat' dir='ltr'>censores.</span> <span class='ocrx_word' id='word_1_180' title='bbox 1386 1975 1531 2050; x_wconf 88' lang='lat' dir='ltr'>Memini,</span> <span class='ocrx_word' id='word_1_181' title='bbox 1567 1994 1636 2038; x_wconf 91' lang='lat' dir='ltr'>cum</span> <span class='ocrx_word' id='word_1_182' title='bbox 1658 1975 1697 2036; x_wconf 91' lang='lat' dir='ltr'>D.</span> <span class='ocrx_word' id='word_1_183' title='bbox 1720 1973 1755 2034; x_wconf 91' lang='lat' dir='ltr'>D.</span> 
     </span>
     <span class='ocr_line' id='line_1_19' title="bbox 411 2062 1757 2148; baseline -0.001 -24"><span class='ocrx_word' id='word_1_184' title='bbox 411 2063 691 2145; x_wconf 88' lang='lat' dir='ltr'>superattendentes</span> <span class='ocrx_word' id='word_1_185' title='bbox 721 2062 866 2143; x_wconf 85' lang='lat' dir='ltr'>superiori</span> <span class='ocrx_word' id='word_1_186' title='bbox 895 2069 1013 2123; x_wconf 87' lang='lat' dir='ltr'>aestate</span> <span class='ocrx_word' id='word_1_187' title='bbox 1041 2080 1084 2131; x_wconf 71' lang='lat' dir='ltr'>‚ex</span> <span class='ocrx_word' id='word_1_188' title='bbox 1115 2081 1161 2123; x_wconf 91' lang='lat' dir='ltr'>me</span> <span class='ocrx_word' id='word_1_189' title='bbox 1190 2073 1386 2142; x_wconf 86' lang='lat' dir='ltr'>quaererent,</span> <span class='ocrx_word' id='word_1_190' title='bbox 1421 2065 1527 2148; x_wconf 91' lang='lat' dir='ltr'>ecquid</span> <span class='ocrx_word' id='word_1_191' title='bbox 1558 2066 1596 2126; x_wconf 90' lang='lat' dir='ltr'>de</span> <span class='ocrx_word' id='word_1_192' title='bbox 1623 2064 1683 2125; x_wconf 92' lang='lat' dir='ltr'>isto</span> <span class='ocrx_word' id='word_1_193' title='bbox 1709 2070 1757 2124; x_wconf 91' lang='lat' dir='ltr'>tuo</span> 
     </span>
     <span class='ocr_line' id='line_1_20' title="bbox 392 2150 1757 2234; baseline -0.001 -20"><span class='ocrx_word' id='word_1_194' title='bbox 392 2154 523 2234; x_wconf 85' lang='lat' dir='ltr'>¹scripto</span> <span class='ocrx_word' id='word_1_195' title='bbox 549 2152 653 2228; x_wconf 82' lang='lat' dir='ltr'>fieret3</span> <span class='ocrx_word' id='word_1_196' title='bbox 681 2151 861 2232; x_wconf 89' lang='lat' dir='ltr'>respondere</span> <span class='ocrx_word' id='word_1_197' title='bbox 888 2169 956 2212; x_wconf 91' lang='lat' dir='ltr'>me:</span> <span class='ocrx_word' id='word_1_198' title='bbox 986 2150 1063 2231; x_wconf 87' lang='lat' dir='ltr'>quod</span> <span class='ocrx_word' id='word_1_199' title='bbox 1086 2152 1222 2233; x_wconf 88' lang='lat' dir='ltr'>equidem</span> <span class='ocrx_word' id='word_1_200' title='bbox 1245 2160 1362 2215; x_wconf 89' lang='lat' dir='ltr'>tautum</span> <span class='ocrx_word' id='word_1_201' title='bbox 1391 2153 1502 2216; x_wconf 86' lang='lat' dir='ltr'>laboris</span> <span class='ocrx_word' id='word_1_202' title='bbox 1525 2154 1585 2217; x_wconf 92' lang='lat' dir='ltr'>tibi</span> <span class='ocrx_word' id='word_1_203' title='bbox 1609 2172 1709 2215; x_wconf 88' lang='lat' dir='ltr'>sumas</span> <span class='ocrx_word' id='word_1_204' title='bbox 1730 2150 1757 2212; x_wconf 94' lang='lat' dir='ltr'>in</span> 
     </span>
     <span class='ocr_line' id='line_1_21' title="bbox 410 2238 1759 2323; baseline -0.003 -19"><span class='ocrx_word' id='word_1_205' title='bbox 410 2262 479 2304; x_wconf 91' lang='lat' dir='ltr'>mea</span> <span class='ocrx_word' id='word_1_206' title='bbox 508 2261 616 2317; x_wconf 89' lang='lat' dir='ltr'>causa,</span> <span class='ocrx_word' id='word_1_207' title='bbox 651 2249 683 2303; x_wconf 92' lang='lat' dir='ltr'>nt</span> <span class='ocrx_word' id='word_1_208' title='bbox 714 2241 825 2321; x_wconf 90' lang='lat' dir='ltr'>partim</span> <span class='ocrx_word' id='word_1_209' title='bbox 851 2241 959 2321; x_wconf 90' lang='lat' dir='ltr'>pudor,</span> <span class='ocrx_word' id='word_1_210' title='bbox 993 2238 1102 2318; x_wconf 92' lang='lat' dir='ltr'>partim</span> <span class='ocrx_word' id='word_1_211' title='bbox 1129 2250 1227 2302; x_wconf 90' lang='lat' dir='ltr'>metus</span> <span class='ocrx_word' id='word_1_212' title='bbox 1256 2260 1303 2303; x_wconf 92' lang='lat' dir='ltr'>me</span> <span class='ocrx_word' id='word_1_213' title='bbox 1330 2241 1541 2322; x_wconf 85' lang='lat' dir='ltr'>prohibeatis</span> <span class='ocrx_word' id='word_1_214' title='bbox 1567 2251 1622 2306; x_wconf 88' lang='lat' dir='ltr'>tua</span> <span class='ocrx_word' id='word_1_215' title='bbox 1643 2241 1759 2323; x_wconf 84' lang='lat' dir='ltr'>privata</span> 
     </span>
     <span class='ocr_line' id='line_1_22' title="bbox 411 2326 1758 2412; baseline -0.002 -20"><span class='ocrx_word' id='word_1_216' title='bbox 411 2331 513 2394; x_wconf 87' lang='lat' dir='ltr'>studia</span> <span class='ocrx_word' id='word_1_217' title='bbox 536 2331 679 2392; x_wconf 85' lang='lat' dir='ltr'>curiosius</span> <span class='ocrx_word' id='word_1_218' title='bbox 703 2330 860 2410; x_wconf 86' lang='lat' dir='ltr'>inquirere.</span> <span class='ocrx_word' id='word_1_219' title='bbox 907 2326 974 2399; x_wconf 83' lang='lat' dir='ltr'>Quo</span> <span class='ocrx_word' id='word_1_220' title='bbox 998 2328 1041 2391; x_wconf 93' lang='lat' dir='ltr'>illi</span> <span class='ocrx_word' id='word_1_221' title='bbox 1066 2329 1167 2391; x_wconf 89' lang='lat' dir='ltr'>audito</span> <span class='ocrx_word' id='word_1_222' title='bbox 1191 2338 1349 2393; x_wconf 88' lang='lat' dir='ltr'>tacuerunt</span> <span class='ocrx_word' id='word_1_223' title='bbox 1371 2339 1402 2392; x_wconf 90' lang='lat' dir='ltr'>et</span> <span class='ocrx_word' id='word_1_224' title='bbox 1424 2333 1528 2412; x_wconf 87' lang='lat' dir='ltr'>procul</span> <span class='ocrx_word' id='word_1_225' title='bbox 1551 2333 1643 2395; x_wconf 91' lang='lat' dir='ltr'>dubio</span> <span class='ocrx_word' id='word_1_226' title='bbox 1667 2330 1758 2392; x_wconf 91' lang='lat' dir='ltr'>adhuc</span> 
     </span>
     <span class='ocr_line' id='line_1_23' title="bbox 411 2417 1756 2502; baseline -0.004 -18"><span class='ocrx_word' id='word_1_227' title='bbox 411 2440 556 2484; x_wconf 89' lang='lat' dir='ltr'>memores</span> <span class='ocrx_word' id='word_1_228' title='bbox 580 2426 658 2482; x_wconf 92' lang='lat' dir='ltr'>sunt.</span> <span class='ocrx_word' id='word_1_229' title='bbox 704 2419 774 2483; x_wconf 90' lang='lat' dir='ltr'>Non</span> <span class='ocrx_word' id='word_1_230' title='bbox 796 2418 888 2498; x_wconf 89' lang='lat' dir='ltr'>igitur</span> <span class='ocrx_word' id='word_1_231' title='bbox 910 2422 1066 2496; x_wconf 85' lang='lat' dir='ltr'>tantopere</span> <span class='ocrx_word' id='word_1_232' title='bbox 1089 2417 1145 2479; x_wconf 92' lang='lat' dir='ltr'>tibi</span> <span class='ocrx_word' id='word_1_233' title='bbox 1168 2427 1285 2481; x_wconf 89' lang='lat' dir='ltr'>metuas</span> <span class='ocrx_word' id='word_1_234' title='bbox 1310 2419 1348 2481; x_wconf 90' lang='lat' dir='ltr'>ab</span> <span class='ocrx_word' id='word_1_235' title='bbox 1371 2420 1424 2483; x_wconf 94' lang='lat' dir='ltr'>illa</span> <span class='ocrx_word' id='word_1_236' title='bbox 1447 2428 1572 2483; x_wconf 90' lang='lat' dir='ltr'>senatus</span> <span class='ocrx_word' id='word_1_237' title='bbox 1597 2420 1756 2502; x_wconf 89' lang='lat' dir='ltr'>reprehen-</span> 
     </span>
     <span class='ocr_line' id='line_1_24' title="bbox 413 2506 1756 2591; baseline -0.004 -18"><span class='ocrx_word' id='word_1_238' title='bbox 413 2512 511 2583; x_wconf 78' lang='lat' dir='ltr'>sione,</span> <span class='ocrx_word' id='word_1_239' title='bbox 542 2527 663 2591; x_wconf 87' lang='lat' dir='ltr'>eamque</span> <span class='ocrx_word' id='word_1_240' title='bbox 691 2515 811 2588; x_wconf 89' lang='lat' dir='ltr'>praeter</span> <span class='ocrx_word' id='word_1_241' title='bbox 839 2506 1079 2568; x_wconf 88' lang='lat' dir='ltr'>adhortationem</span> <span class='ocrx_word' id='word_1_242' title='bbox 1111 2507 1185 2570; x_wconf 90' lang='lat' dir='ltr'>nihil</span> <span class='ocrx_word' id='word_1_243' title='bbox 1217 2508 1246 2570; x_wconf 93' lang='lat' dir='ltr'>in</span> <span class='ocrx_word' id='word_1_244' title='bbox 1273 2510 1482 2590; x_wconf 9' lang='lat' dir='ltr'>seqcoutinere</span> <span class='ocrx_word' id='word_1_245' title='bbox 1505 2510 1637 2591; x_wconf 89' lang='lat' dir='ltr'>cogites.</span> <span class='ocrx_word' id='word_1_246' title='bbox 1683 2507 1756 2580; x_wconf 82' lang='lat' dir='ltr'>Quin</span> 
     </span>
     <span class='ocr_line' id='line_1_25' title="bbox 413 2593 1756 2679; baseline -0.003 -18"><span class='ocrx_word' id='word_1_247' title='bbox 413 2618 469 2679; x_wconf 87' lang='lat' dir='ltr'>ego</span> <span class='ocrx_word' id='word_1_248' title='bbox 492 2607 544 2661; x_wconf 90' lang='lat' dir='ltr'>tuo</span> <span class='ocrx_word' id='word_1_249' title='bbox 567 2598 611 2661; x_wconf 91' lang='lat' dir='ltr'>illi</span> <span class='ocrx_word' id='word_1_250' title='bbox 633 2597 768 2678; x_wconf 88' lang='lat' dir='ltr'>symbolo</span> <span class='ocrx_word' id='word_1_251' title='bbox 796 2597 876 2658; x_wconf 89' lang='lat' dir='ltr'>aliud</span> <span class='ocrx_word' id='word_1_252' title='bbox 900 2614 1026 2676; x_wconf 87' lang='lat' dir='ltr'>oppono.</span> <span class='ocrx_word' id='word_1_253' title='bbox 1073 2593 1216 2666; x_wconf 83' lang='lat' dir='ltr'>Quereris</span> <span class='ocrx_word' id='word_1_254' title='bbox 1244 2604 1274 2658; x_wconf 88' lang='lat' dir='ltr'>te</span> <span class='ocrx_word' id='word_1_255' title='bbox 1302 2600 1435 2661; x_wconf 91' lang='lat' dir='ltr'>consumi</span> <span class='ocrx_word' id='word_1_256' title='bbox 1462 2598 1530 2661; x_wconf 90' lang='lat' dir='ltr'>aliis</span> <span class='ocrx_word' id='word_1_257' title='bbox 1558 2596 1756 2663; x_wconf 87' lang='lat' dir='ltr'>inserviendo.</span> 
     </span>
     <span class='ocr_line' id='line_1_26' title="bbox 413 2684 1759 2767; baseline -0.003 -16"><span class='ocrx_word' id='word_1_258' title='bbox 413 2692 459 2751; x_wconf 83' lang='lat' dir='ltr'>At</span> <span class='ocrx_word' id='word_1_259' title='bbox 482 2688 572 2763; x_wconf 87' lang='lat' dir='ltr'>alius,</span> <span class='ocrx_word' id='word_1_260' title='bbox 600 2685 729 2767; x_wconf 85' lang='lat' dir='ltr'>regium,</span> <span class='ocrx_word' id='word_1_261' title='bbox 758 2686 814 2761; x_wconf 87' lang='lat' dir='ltr'>ait,</span> <span class='ocrx_word' id='word_1_262' title='bbox 843 2684 910 2747; x_wconf 91' lang='lat' dir='ltr'>aliis</span> <span class='ocrx_word' id='word_1_263' title='bbox 940 2684 1127 2746; x_wconf 88' lang='lat' dir='ltr'>inserviendo</span> <span class='ocrx_word' id='word_1_264' title='bbox 1149 2686 1227 2748; x_wconf 88' lang='lat' dir='ltr'>male</span> <span class='ocrx_word' id='word_1_265' title='bbox 1251 2686 1362 2748; x_wconf 89' lang='lat' dir='ltr'>andire.</span> <span class='ocrx_word' id='word_1_266' title='bbox 1408 2686 1506 2751; x_wconf 82' lang='lat' dir='ltr'>Crede</span> <span class='ocrx_word' id='word_1_267' title='bbox 1528 2688 1618 2764; x_wconf 89' lang='lat' dir='ltr'>mihi,</span> <span class='ocrx_word' id='word_1_268' title='bbox 1648 2706 1686 2750; x_wconf 84' lang='lat' dir='ltr'>ex</span> <span class='ocrx_word' id='word_1_269' title='bbox 1706 2687 1759 2748; x_wconf 82' lang='lat' dir='ltr'>hac</span> 
     </span>
     <span class='ocr_line' id='line_1_27' title="bbox 414 2774 1760 2858; baseline -0.004 -18"><span class='ocrx_word' id='word_1_270' title='bbox 414 2777 616 2840; x_wconf 89' lang='lat' dir='ltr'>consumtiooe</span> <span class='ocrx_word' id='word_1_271' title='bbox 639 2775 695 2838; x_wconf 90' lang='lat' dir='ltr'>tibi</span> <span class='ocrx_word' id='word_1_272' title='bbox 718 2784 842 2837; x_wconf 90' lang='lat' dir='ltr'>aeterna</span> <span class='ocrx_word' id='word_1_273' title='bbox 865 2775 946 2835; x_wconf 89' lang='lat' dir='ltr'>fama</span> <span class='ocrx_word' id='word_1_274' title='bbox 968 2774 1119 2835; x_wconf 89' lang='lat' dir='ltr'>nascitur:</span> <span class='ocrx_word' id='word_1_275' title='bbox 1144 2775 1227 2855; x_wconf 92' lang='lat' dir='ltr'>cujus</span> <span class='ocrx_word' id='word_1_276' title='bbox 1242 2775 1358 2855; x_wconf 90' lang='lat' dir='ltr'>quidem</span> <span class='ocrx_word' id='word_1_277' title='bbox 1373 2795 1420 2839; x_wconf 91' lang='lat' dir='ltr'>me</span> <span class='ocrx_word' id='word_1_278' title='bbox 1435 2783 1520 2838; x_wconf 91' lang='lat' dir='ltr'>tanto</span> <span class='ocrx_word' id='word_1_279' title='bbox 1543 2778 1760 2858; x_wconf 86' lang='lat' dir='ltr'>diligentiorem</span> 
     </span>
     <span class='ocr_line' id='line_1_28' title="bbox 412 2862 1759 2948; baseline -0.004 -19"><span class='ocrx_word' id='word_1_280' title='bbox 412 2866 634 2929; x_wconf 89' lang='lat' dir='ltr'>buccinatorem</span> <span class='ocrx_word' id='word_1_281' title='bbox 657 2884 723 2926; x_wconf 88' lang='lat' dir='ltr'>esse</span> <span class='ocrx_word' id='word_1_282' title='bbox 748 2863 903 2926; x_wconf 89' lang='lat' dir='ltr'>convenit:</span> <span class='ocrx_word' id='word_1_283' title='bbox 928 2871 1039 2943; x_wconf 91' lang='lat' dir='ltr'>quanto</span> <span class='ocrx_word' id='word_1_284' title='bbox 1064 2870 1097 2925; x_wconf 92' lang='lat' dir='ltr'>tu</span> <span class='ocrx_word' id='word_1_285' title='bbox 1119 2864 1186 2943; x_wconf 90' lang='lat' dir='ltr'>plns</span> <span class='ocrx_word' id='word_1_286' title='bbox 1209 2862 1281 2926; x_wconf 91' lang='lat' dir='ltr'>mihi</span> <span class='ocrx_word' id='word_1_287' title='bbox 1305 2884 1392 2947; x_wconf 89' lang='lat' dir='ltr'>quam</span> <span class='ocrx_word' id='word_1_288' title='bbox 1415 2866 1493 2941; x_wconf 89' lang='lat' dir='ltr'>aliis,</span> <span class='ocrx_word' id='word_1_289' title='bbox 1518 2874 1612 2948; x_wconf 89' lang='lat' dir='ltr'>atque</span> <span class='ocrx_word' id='word_1_290' title='bbox 1636 2863 1759 2930; x_wconf 91' lang='lat' dir='ltr'>adeoiu</span> 
     </span>
     <span class='ocr_line' id='line_1_29' title="bbox 412 2948 1848 3037; baseline -0.002 -19"><span class='ocrx_word' id='word_1_291' title='bbox 412 2958 469 3021; x_wconf 90' lang='lat' dir='ltr'>hoc</span> <span class='ocrx_word' id='word_1_292' title='bbox 492 2974 563 3017; x_wconf 89' lang='lat' dir='ltr'>casu</span> <span class='ocrx_word' id='word_1_293' title='bbox 585 2954 641 3017; x_wconf 89' lang='lat' dir='ltr'>tibi</span> <span class='ocrx_word' id='word_1_294' title='bbox 663 2954 720 3033; x_wconf 90' lang='lat' dir='ltr'>ipsi</span> <span class='ocrx_word' id='word_1_295' title='bbox 737 2953 921 3015; x_wconf 84' lang='lat' dir='ltr'>benefecisti.</span> <span class='ocrx_word' id='word_1_296' title='bbox 960 2952 1006 3014; x_wconf 83' lang='lat' dir='ltr'>Ac</span> <span class='ocrx_word' id='word_1_297' title='bbox 1029 2953 1128 3014; x_wconf 92' lang='lat' dir='ltr'>hercle</span> <span class='ocrx_word' id='word_1_298' title='bbox 1151 2954 1261 3024; x_wconf 87' lang='lat' dir='ltr'>nescio,</span> <span class='ocrx_word' id='word_1_299' title='bbox 1287 2973 1343 3035; x_wconf 89' lang='lat' dir='ltr'>quo</span> <span class='ocrx_word' id='word_1_300' title='bbox 1362 2963 1452 3034; x_wconf 88' lang='lat' dir='ltr'>paeto</span> <span class='ocrx_word' id='word_1_301' title='bbox 1475 2965 1506 3017; x_wconf 93' lang='lat' dir='ltr'>te</span> <span class='ocrx_word' id='word_1_302' title='bbox 1529 2956 1629 3037; x_wconf 91' lang='lat' dir='ltr'>ipsum</span> <span class='ocrx_word' id='word_1_303' title='bbox 1653 2955 1757 3018; x_wconf 90' lang='lat' dir='ltr'>multo·</span> <span class='ocrx_word' id='word_1_304' title='bbox 1847 2948 1848 2951; x_wconf 63' lang='grc'>’</span> 
     </span>
    </p>
   </div>
   <div class='ocr_carea' id='block_1_5' title="bbox 412 3041 1848 3124">
    <p class='ocr_par' dir='ltr' id='par_1_6' title="bbox 412 3041 1848 3124">
     <span class='ocr_line' id='line_1_30' title="bbox 412 3041 1848 3124; baseline -0.005 -16"><span class='ocrx_word' id='word_1_305' title='bbox 412 3047 471 3108; x_wconf 93' lang='lat' dir='ltr'>ties</span> <span class='ocrx_word' id='word_1_306' title='bbox 494 3044 690 3107; x_wconf 88' lang='lat' dir='ltr'>beneficentia</span> <span class='ocrx_word' id='word_1_307' title='bbox 717 3048 757 3104; x_wconf 74' lang='lat' dir='ltr'>et‘</span> <span class='ocrx_word' id='word_1_308' title='bbox 770 3043 953 3104; x_wconf 85' lang='lat' dir='ltr'>humanitate</span> <span class='ocrx_word' id='word_1_309' title='bbox 976 3043 1088 3103; x_wconf 84' lang='lat' dir='ltr'>vincas.</span> <span class='ocrx_word' id='word_1_310' title='bbox 1135 3041 1211 3105; x_wconf 84' lang='lat' dir='ltr'>Cum</span> <span class='ocrx_word' id='word_1_311' title='bbox 1232 3042 1338 3123; x_wconf 86' lang='lat' dir='ltr'>ingens</span> <span class='ocrx_word' id='word_1_312' title='bbox 1360 3045 1551 3124; x_wconf 85' lang='lat' dir='ltr'>praestiteris</span> <span class='ocrx_word' id='word_1_313' title='bbox 1575 3046 1649 3109; x_wconf 92' lang='lat' dir='ltr'>mihi</span> <span class='ocrx_word' id='word_1_314' title='bbox 1671 3045 1760 3106; x_wconf 91' lang='lat' dir='ltr'>bene·</span> <span class='ocrx_word' id='word_1_315' title='bbox 1847 3060 1848 3063; x_wconf 45' lang='lat'>¹</span> 
     </span>
    </p>
   </div>
   <div class='ocr_carea' id='block_1_6' title="bbox 411 3130 1848 4998">
    <p class='ocr_par' dir='ltr' id='par_1_7' title="bbox 411 3130 1848 4998">
     <span class='ocr_line' id='line_1_31' title="bbox 412 3130 1759 3214; baseline -0.004 -17"><span class='ocrx_word' id='word_1_316' title='bbox 412 3135 519 3209; x_wconf 86' lang='lat' dir='ltr'>ficium,</span> <span class='ocrx_word' id='word_1_317' title='bbox 544 3153 670 3196; x_wconf 86' lang='lat' dir='ltr'>excusas</span> <span class='ocrx_word' id='word_1_318' title='bbox 693 3141 724 3193; x_wconf 89' lang='lat' dir='ltr'>te</span> <span class='ocrx_word' id='word_1_319' title='bbox 747 3130 828 3205; x_wconf 90' lang='lat' dir='ltr'>mihi,</span> <span class='ocrx_word' id='word_1_320' title='bbox 853 3131 931 3212; x_wconf 91' lang='lat' dir='ltr'>quod</span> <span class='ocrx_word' id='word_1_321' title='bbox 949 3130 1052 3209; x_wconf 57' lang='lat' dir='ltr'>,majus</span> <span class='ocrx_word' id='word_1_322' title='bbox 1074 3131 1147 3192; x_wconf 92' lang='lat' dir='ltr'>illud</span> <span class='ocrx_word' id='word_1_323' title='bbox 1171 3150 1229 3193; x_wconf 91' lang='lat' dir='ltr'>non</span> <span class='ocrx_word' id='word_1_324' title='bbox 1254 3133 1351 3207; x_wconf 89' lang='lat' dir='ltr'>fuerit,</span> <span class='ocrx_word' id='word_1_325' title='bbox 1377 3134 1512 3214; x_wconf 86' lang='lat' dir='ltr'>quodque</span> <span class='ocrx_word' id='word_1_326' title='bbox 1532 3142 1597 3198; x_wconf 66' lang='lat' dir='ltr'>mm</span> <span class='ocrx_word' id='word_1_327' title='bbox 1615 3136 1665 3196; x_wconf 89' lang='lat' dir='ltr'>diu</span> <span class='ocrx_word' id='word_1_328' title='bbox 1684 3132 1759 3195; x_wconf 88' lang='lat' dir='ltr'>dila-</span> 
     </span>
     <span class='ocr_line' id='line_1_32' title="bbox 413 3217 1760 3305; baseline -0.005 -19"><span class='ocrx_word' id='word_1_329' title='bbox 413 3233 477 3287; x_wconf 89' lang='lat' dir='ltr'>tum</span> <span class='ocrx_word' id='word_1_330' title='bbox 491 3222 532 3285; x_wconf 89' lang='lat' dir='ltr'>sit</span> <span class='ocrx_word' id='word_1_331' title='bbox 547 3222 729 3302; x_wconf 90' lang='lat' dir='ltr'>opusculum,</span> <span class='ocrx_word' id='word_1_332' title='bbox 753 3221 871 3300; x_wconf 88' lang='lat' dir='ltr'>culpam</span> <span class='ocrx_word' id='word_1_333' title='bbox 894 3241 912 3280; x_wconf 88' lang='lat' dir='ltr'>a</span> <span class='ocrx_word' id='word_1_334' title='bbox 934 3227 965 3280; x_wconf 92' lang='lat' dir='ltr'>te</span> <span class='ocrx_word' id='word_1_335' title='bbox 986 3236 1131 3280; x_wconf 86' lang='lat' dir='ltr'>removes.</span> <span class='ocrx_word' id='word_1_336' title='bbox 1166 3217 1261 3290; x_wconf 82' lang='lat' dir='ltr'>Quasi</span> <span class='ocrx_word' id='word_1_337' title='bbox 1284 3229 1337 3282; x_wconf 89' lang='lat' dir='ltr'>aut</span> <span class='ocrx_word' id='word_1_338' title='bbox 1359 3222 1433 3284; x_wconf 88' lang='lat' dir='ltr'>haec</span> <span class='ocrx_word' id='word_1_339' title='bbox 1457 3224 1545 3305; x_wconf 90' lang='lat' dir='ltr'>culpa</span> <span class='ocrx_word' id='word_1_340' title='bbox 1568 3224 1688 3298; x_wconf 83' lang='lat' dir='ltr'>ruisset,</span> <span class='ocrx_word' id='word_1_341' title='bbox 1712 3226 1760 3282; x_wconf 90' lang='lat' dir='ltr'>aut</span> 
     </span>
     <span class='ocr_line' id='line_1_33' title="bbox 414 3306 1848 3395; baseline -0.005 -19"><span class='ocrx_word' id='word_1_342' title='bbox 414 3332 470 3392; x_wconf 87' lang='lat' dir='ltr'>ego</span> <span class='ocrx_word' id='word_1_343' title='bbox 493 3311 707 3389; x_wconf 77' lang='lat' dir='ltr'>beneficentiae</span> <span class='ocrx_word' id='word_1_344' title='bbox 730 3319 801 3371; x_wconf 86' lang='lat' dir='ltr'>tuae</span> <span class='ocrx_word' id='word_1_345' title='bbox 826 3309 938 3371; x_wconf 87' lang='lat' dir='ltr'>arbiter</span> <span class='ocrx_word' id='word_1_346' title='bbox 961 3315 1052 3387; x_wconf 85' lang='lat' dir='ltr'>atque</span> <span class='ocrx_word' id='word_1_347' title='bbox 1075 3306 1230 3387; x_wconf 89' lang='lat' dir='ltr'>legislator</span> <span class='ocrx_word' id='word_1_348' title='bbox 1253 3309 1414 3373; x_wconf 81' lang='lat' dir='ltr'>existerem</span> <span class='ocrx_word' id='word_1_349' title='bbox 1421 3331 1431 3385; x_wconf 91' lang='lat'>;</span> <span class='ocrx_word' id='word_1_350' title='bbox 1454 3312 1572 3375; x_wconf 88' lang='lat' dir='ltr'>omnino</span> <span class='ocrx_word' id='word_1_351' title='bbox 1599 3312 1686 3395; x_wconf 86' lang='lat' dir='ltr'>quasi</span> <span class='ocrx_word' id='word_1_352' title='bbox 1708 3310 1761 3371; x_wconf 89' lang='lat' dir='ltr'>de·</span> <span class='ocrx_word' id='word_1_353' title='bbox 1847 3332 1848 3337; x_wconf 45' lang='lat'>¹</span> 
     </span>
     <span class='ocr_line' id='line_1_34' title="bbox 414 3395 1848 3482; baseline -0.001 -19"><span class='ocrx_word' id='word_1_354' title='bbox 414 3402 508 3463; x_wconf 90' lang='lat' dir='ltr'>bitum</span> <span class='ocrx_word' id='word_1_355' title='bbox 522 3401 578 3461; x_wconf 88' lang='lat' dir='ltr'>hoc</span> <span class='ocrx_word' id='word_1_356' title='bbox 597 3407 689 3462; x_wconf 88' lang='lat' dir='ltr'>esset.</span> <span class='ocrx_word' id='word_1_357' title='bbox 721 3398 865 3478; x_wconf 87' lang='lat' dir='ltr'>Agnosco</span> <span class='ocrx_word' id='word_1_358' title='bbox 889 3414 961 3457; x_wconf 91' lang='lat' dir='ltr'>sane</span> <span class='ocrx_word' id='word_1_359' title='bbox 985 3402 1017 3456; x_wconf 91' lang='lat' dir='ltr'>et</span> <span class='ocrx_word' id='word_1_360' title='bbox 1039 3395 1213 3458; x_wconf 89' lang='lat' dir='ltr'>reminiscor</span> <span class='ocrx_word' id='word_1_361' title='bbox 1235 3399 1327 3460; x_wconf 88' lang='lat' dir='ltr'>verba</span> <span class='ocrx_word' id='word_1_362' title='bbox 1348 3401 1491 3462; x_wconf 88' lang='lat' dir='ltr'>nonnulla</span> <span class='ocrx_word' id='word_1_363' title='bbox 1504 3420 1591 3464; x_wconf 88' lang='lat' dir='ltr'>meae</span> <span class='ocrx_word' id='word_1_364' title='bbox 1607 3400 1759 3482; x_wconf 80' lang='lat' dir='ltr'>epistolae,</span> <span class='ocrx_word' id='word_1_365' title='bbox 1847 3478 1848 3481; x_wconf 8' lang='grc' dir='ltr'><strong>Ἴ</strong></span> 
     </span>
     <span class='ocr_line' id='line_1_35' title="bbox 415 3484 1848 3575; baseline -0.003 -24"><span class='ocrx_word' id='word_1_366' title='bbox 415 3489 521 3571; x_wconf 88' lang='lat' dir='ltr'>quibas</span> <span class='ocrx_word' id='word_1_367' title='bbox 544 3489 661 3551; x_wconf 88' lang='lat' dir='ltr'>isthaec</span> <span class='ocrx_word' id='word_1_368' title='bbox 684 3486 839 3549; x_wconf 85' lang='lat' dir='ltr'>excusatio</span> <span class='ocrx_word' id='word_1_369' title='bbox 862 3484 1043 3565; x_wconf 88' lang='lat' dir='ltr'>respondere</span> <span class='ocrx_word' id='word_1_370' title='bbox 1070 3484 1197 3547; x_wconf 86' lang='lat' dir='ltr'>videtur.</span> <span class='ocrx_word' id='word_1_371' title='bbox 1244 3486 1356 3550; x_wconf 89' lang='lat' dir='ltr'>Verum</span> <span class='ocrx_word' id='word_1_372' title='bbox 1388 3489 1463 3551; x_wconf 92' lang='lat' dir='ltr'>illud</span> <span class='ocrx_word' id='word_1_373' title='bbox 1495 3498 1526 3553; x_wconf 90' lang='lat' dir='ltr'>te</span> <span class='ocrx_word' id='word_1_374' title='bbox 1558 3509 1684 3554; x_wconf 89' lang='lat' dir='ltr'>moneo:</span> <span class='ocrx_word' id='word_1_375' title='bbox 1716 3484 1761 3568; x_wconf 91' lang='lat' dir='ltr'>qui</span> <span class='ocrx_word' id='word_1_376' title='bbox 1847 3562 1848 3575; x_wconf 10' lang='grc' dir='ltr'>χ</span> 
     </span>
     <span class='ocr_line' id='line_1_36' title="bbox 414 3573 1848 3662; baseline -0.003 -20"><span class='ocrx_word' id='word_1_377' title='bbox 414 3577 540 3642; x_wconf 90' lang='lat' dir='ltr'>candido</span> <span class='ocrx_word' id='word_1_378' title='bbox 555 3576 660 3641; x_wconf 90' lang='lat' dir='ltr'>scribit</span> <span class='ocrx_word' id='word_1_379' title='bbox 679 3577 785 3651; x_wconf 89' lang='lat' dir='ltr'>animo,</span> <span class='ocrx_word' id='word_1_380' title='bbox 811 3593 877 3637; x_wconf 91' lang='lat' dir='ltr'>eum</span> <span class='ocrx_word' id='word_1_381' title='bbox 892 3573 988 3636; x_wconf 89' lang='lat' dir='ltr'>multa</span> <span class='ocrx_word' id='word_1_382' title='bbox 1010 3573 1210 3654; x_wconf 88' lang='lat' dir='ltr'>incogitanter</span> <span class='ocrx_word' id='word_1_383' title='bbox 1232 3577 1361 3641; x_wconf 90' lang='lat' dir='ltr'>scribere</span> <span class='ocrx_word' id='word_1_384' title='bbox 1381 3587 1413 3640; x_wconf 91' lang='lat' dir='ltr'>et</span> <span class='ocrx_word' id='word_1_385' title='bbox 1431 3580 1545 3643; x_wconf 89' lang='lat' dir='ltr'>semina</span> <span class='ocrx_word' id='word_1_386' title='bbox 1562 3580 1762 3662; x_wconf 89' lang='lat' dir='ltr'>suspicionum</span> <span class='ocrx_word' id='word_1_387' title='bbox 1847 3578 1848 3585; x_wconf 75' lang='grc'>’</span> 
     </span>
     <span class='ocr_line' id='line_1_37' title="bbox 414 3662 1760 3742; baseline -0.004 -12"><span class='ocrx_word' id='word_1_388' title='bbox 414 3682 533 3742; x_wconf 87' lang='lat' dir='ltr'>serere;</span> <span class='ocrx_word' id='word_1_389' title='bbox 556 3685 611 3728; x_wconf 88' lang='lat' dir='ltr'>nec</span> <span class='ocrx_word' id='word_1_390' title='bbox 634 3674 735 3728; x_wconf 73' lang='lat' dir='ltr'>mmen</span> <span class='ocrx_word' id='word_1_391' title='bbox 758 3665 826 3726; x_wconf 87' lang='lat' dir='ltr'>ideo</span> <span class='ocrx_word' id='word_1_392' title='bbox 850 3682 951 3726; x_wconf 89' lang='lat' dir='ltr'>earum</span> <span class='ocrx_word' id='word_1_393' title='bbox 974 3662 1079 3725; x_wconf 88' lang='lat' dir='ltr'>teneri.</span> <span class='ocrx_word' id='word_1_394' title='bbox 1112 3662 1194 3726; x_wconf 85' lang='lat' dir='ltr'>Saue</span> <span class='ocrx_word' id='word_1_395' title='bbox 1212 3664 1284 3728; x_wconf 92' lang='lat' dir='ltr'>mihi</span> <span class='ocrx_word' id='word_1_396' title='bbox 1301 3686 1385 3730; x_wconf 89' lang='lat' dir='ltr'>meus</span> <span class='ocrx_word' id='word_1_397' title='bbox 1408 3668 1480 3732; x_wconf 89' lang='lat' dir='ltr'>alibi</span> <span class='ocrx_word' id='word_1_398' title='bbox 1503 3688 1561 3732; x_wconf 91' lang='lat' dir='ltr'>non</span> <span class='ocrx_word' id='word_1_399' title='bbox 1585 3678 1653 3733; x_wconf 90' lang='lat' dir='ltr'>erat</span> <span class='ocrx_word' id='word_1_400' title='bbox 1675 3664 1760 3730; x_wconf 88' lang='lat' dir='ltr'>eoin</span> 
     </span>
     <span class='ocr_line' id='line_1_38' title="bbox 415 3752 1759 3841; baseline -0.003 -21"><span class='ocrx_word' id='word_1_401' title='bbox 415 3760 499 3832; x_wconf 89' lang='lat' dir='ltr'>loco,</span> <span class='ocrx_word' id='word_1_402' title='bbox 534 3775 622 3837; x_wconf 91' lang='lat' dir='ltr'>quam</span> <span class='ocrx_word' id='word_1_403' title='bbox 651 3755 681 3816; x_wconf 93' lang='lat' dir='ltr'>in</span> <span class='ocrx_word' id='word_1_404' title='bbox 710 3752 856 3815; x_wconf 91' lang='lat' dir='ltr'>sumtibus</span> <span class='ocrx_word' id='word_1_405' title='bbox 885 3771 975 3834; x_wconf 91' lang='lat' dir='ltr'>parce</span> <span class='ocrx_word' id='word_1_406' title='bbox 1008 3752 1152 3815; x_wconf 85' lang='lat' dir='ltr'>iaciendis</span> <span class='ocrx_word' id='word_1_407' title='bbox 1185 3755 1314 3817; x_wconf 91' lang='lat' dir='ltr'>emtione</span> <span class='ocrx_word' id='word_1_408' title='bbox 1340 3774 1501 3837; x_wconf 87' lang='lat' dir='ltr'>paucorum</span> <span class='ocrx_word' id='word_1_409' title='bbox 1528 3757 1759 3841; x_wconf 77' lang='lat' dir='ltr'>exemplarium:</span> 
     </span>
     <span class='ocr_line' id='line_1_39' title="bbox 414 3841 1760 3928; baseline -0.002 -19"><span class='ocrx_word' id='word_1_410' title='bbox 414 3856 503 3928; x_wconf 89' lang='lat' dir='ltr'>atque</span> <span class='ocrx_word' id='word_1_411' title='bbox 527 3845 567 3907; x_wconf 90' lang='lat' dir='ltr'>ad</span> <span class='ocrx_word' id='word_1_412' title='bbox 589 3846 646 3908; x_wconf 90' lang='lat' dir='ltr'>hoc</span> <span class='ocrx_word' id='word_1_413' title='bbox 669 3843 840 3904; x_wconf 91' lang='lat' dir='ltr'>institutum</span> <span class='ocrx_word' id='word_1_414' title='bbox 863 3842 963 3904; x_wconf 91' lang='lat' dir='ltr'>omnia</span> <span class='ocrx_word' id='word_1_415' title='bbox 984 3841 1100 3922; x_wconf 88' lang='lat' dir='ltr'>reliqua</span> <span class='ocrx_word' id='word_1_416' title='bbox 1122 3842 1280 3904; x_wconf 86' lang='lat' dir='ltr'>referenda</span> <span class='ocrx_word' id='word_1_417' title='bbox 1302 3853 1382 3906; x_wconf 89' lang='lat' dir='ltr'>sunt.</span> <span class='ocrx_word' id='word_1_418' title='bbox 1426 3844 1506 3917; x_wconf 82' lang='lat' dir='ltr'>Quid</span> <span class='ocrx_word' id='word_1_419' title='bbox 1525 3848 1668 3928; x_wconf 87' lang='lat' dir='ltr'>quaeris?</span> <span class='ocrx_word' id='word_1_420' title='bbox 1698 3842 1760 3922; x_wconf 83' lang='lat' dir='ltr'>Ego</span> 
     </span>
     <span class='ocr_line' id='line_1_40' title="bbox 412 3931 1759 4017; baseline -0.004 -18"><span class='ocrx_word' id='word_1_421' title='bbox 412 3937 538 3999; x_wconf 90' lang='lat' dir='ltr'>totidem</span> <span class='ocrx_word' id='word_1_422' title='bbox 562 3934 659 3997; x_wconf 91' lang='lat' dir='ltr'>sentio</span> <span class='ocrx_word' id='word_1_423' title='bbox 682 3932 830 4007; x_wconf 89' lang='lat' dir='ltr'>stimulos,</span> <span class='ocrx_word' id='word_1_424' title='bbox 855 3931 971 4013; x_wconf 89' lang='lat' dir='ltr'>quoties</span> <span class='ocrx_word' id='word_1_425' title='bbox 994 3938 1028 3993; x_wconf 93' lang='lat' dir='ltr'>tu</span> <span class='ocrx_word' id='word_1_426' title='bbox 1050 3932 1097 3992; x_wconf 88' lang='lat' dir='ltr'>vel</span> <span class='ocrx_word' id='word_1_427' title='bbox 1122 3939 1239 4011; x_wconf 93' lang='lat' dir='ltr'>tempus</span> <span class='ocrx_word' id='word_1_428' title='bbox 1263 3951 1399 4010; x_wconf 82' lang='lat' dir='ltr'>excusas,</span> <span class='ocrx_word' id='word_1_429' title='bbox 1424 3936 1472 3997; x_wconf 86' lang='lat' dir='ltr'>vel</span> <span class='ocrx_word' id='word_1_430' title='bbox 1487 3945 1631 4017; x_wconf 86' lang='lat' dir='ltr'>quantum</span> <span class='ocrx_word' id='word_1_431' title='bbox 1654 3937 1684 3999; x_wconf 92' lang='lat' dir='ltr'>in</span> <span class='ocrx_word' id='word_1_432' title='bbox 1707 3948 1759 3993; x_wconf 84' lang='lat' dir='ltr'>ex·</span> 
     </span>
     <span class='ocr_line' id='line_1_41' title="bbox 413 4018 1760 4104; baseline -0.006 -16"><span class='ocrx_word' id='word_1_433' title='bbox 413 4026 533 4088; x_wconf 83' lang='lat' dir='ltr'>cusiene</span> <span class='ocrx_word' id='word_1_434' title='bbox 560 4022 770 4104; x_wconf 82' lang='lat' dir='ltr'>praestiteris,</span> <span class='ocrx_word' id='word_1_435' title='bbox 801 4040 950 4084; x_wconf 91' lang='lat' dir='ltr'>recenses.</span> <span class='ocrx_word' id='word_1_436' title='bbox 998 4018 1108 4082; x_wconf 88' lang='lat' dir='ltr'>Obruis</span> <span class='ocrx_word' id='word_1_437' title='bbox 1135 4039 1182 4082; x_wconf 89' lang='lat' dir='ltr'>me</span> <span class='ocrx_word' id='word_1_438' title='bbox 1210 4040 1283 4084; x_wconf 89' lang='lat' dir='ltr'>sane</span> <span class='ocrx_word' id='word_1_439' title='bbox 1311 4022 1399 4085; x_wconf 92' lang='lat' dir='ltr'>nimio</span> <span class='ocrx_word' id='word_1_440' title='bbox 1429 4024 1488 4086; x_wconf 92' lang='lat' dir='ltr'>mei</span> <span class='ocrx_word' id='word_1_441' title='bbox 1515 4026 1644 4089; x_wconf 78' lang='lat' dir='ltr'>studioz.</span> <span class='ocrx_word' id='word_1_442' title='bbox 1669 4036 1760 4102; x_wconf 92' lang='lat' dir='ltr'>neque</span> 
     </span>
     <span class='ocr_line' id='line_1_42' title="bbox 413 4108 1761 4193; baseline -0.004 -17"><span class='ocrx_word' id='word_1_443' title='bbox 413 4116 529 4177; x_wconf 90' lang='lat' dir='ltr'>calamo</span> <span class='ocrx_word' id='word_1_444' title='bbox 551 4114 581 4176; x_wconf 93' lang='lat' dir='ltr'>id</span> <span class='ocrx_word' id='word_1_445' title='bbox 606 4131 733 4193; x_wconf 90' lang='lat' dir='ltr'>aequare</span> <span class='ocrx_word' id='word_1_446' title='bbox 757 4111 884 4191; x_wconf 88' lang='lat' dir='ltr'>amplius</span> <span class='ocrx_word' id='word_1_447' title='bbox 907 4129 1037 4191; x_wconf 86' lang='lat' dir='ltr'>possum.</span> <span class='ocrx_word' id='word_1_448' title='bbox 1075 4110 1140 4173; x_wconf 91' lang='lat' dir='ltr'>Nec</span> <span class='ocrx_word' id='word_1_449' title='bbox 1164 4108 1259 4172; x_wconf 90' lang='lat' dir='ltr'>minus</span> <span class='ocrx_word' id='word_1_450' title='bbox 1280 4120 1386 4191; x_wconf 86' lang='lat' dir='ltr'>gratae</span> <span class='ocrx_word' id='word_1_451' title='bbox 1411 4131 1499 4193; x_wconf 88' lang='lat' dir='ltr'>quarn</span> <span class='ocrx_word' id='word_1_452' title='bbox 1521 4115 1672 4179; x_wconf 86' lang='lat' dir='ltr'>salutares</span> <span class='ocrx_word' id='word_1_453' title='bbox 1695 4113 1761 4173; x_wconf 86' lang='lat' dir='ltr'>sunt</span> 
     </span>
     <span class='ocr_line' id='line_1_43' title="bbox 411 4198 1760 4284; baseline -0.002 -18"><span class='ocrx_word' id='word_1_454' title='bbox 411 4205 614 4284; x_wconf 88' lang='lat' dir='ltr'>intersparsae</span> <span class='ocrx_word' id='word_1_455' title='bbox 648 4200 875 4264; x_wconf 89' lang='lat' dir='ltr'>admonitiones.</span> <span class='ocrx_word' id='word_1_456' title='bbox 922 4199 972 4261; x_wconf 82' lang='lat' dir='ltr'>Ad</span> <span class='ocrx_word' id='word_1_457' title='bbox 1000 4198 1118 4261; x_wconf 90' lang='lat' dir='ltr'>unicum</span> <span class='ocrx_word' id='word_1_458' title='bbox 1145 4199 1182 4262; x_wconf 91' lang='lat' dir='ltr'>de</span> <span class='ocrx_word' id='word_1_459' title='bbox 1213 4199 1304 4262; x_wconf 90' lang='lat' dir='ltr'>nimia</span> <span class='ocrx_word' id='word_1_460' title='bbox 1331 4220 1400 4263; x_wconf 88' lang='lat' dir='ltr'>mea</span> <span class='ocrx_word' id='word_1_461' title='bbox 1425 4202 1574 4266; x_wconf 86' lang='lat' dir='ltr'>brevitate</span> <span class='ocrx_word' id='word_1_462' title='bbox 1609 4211 1641 4265; x_wconf 92' lang='lat' dir='ltr'>et</span> <span class='ocrx_word' id='word_1_463' title='bbox 1671 4218 1760 4278; x_wconf 72' lang='grc' dir='ltr'><em>παρα·</em></span> 
     </span>
     <span class='ocr_line' id='line_1_44' title="bbox 412 4285 1760 4373; baseline -0.005 -18"><span class='ocrx_word' id='word_1_464' title='bbox 412 4294 519 4373; x_wconf 69' lang='lat' dir='ltr'>deneas</span> <span class='ocrx_word' id='word_1_465' title='bbox 540 4292 708 4372; x_wconf 88' lang='lat' dir='ltr'>respondeo</span> <span class='ocrx_word' id='word_1_466' title='bbox 731 4291 761 4352; x_wconf 93' lang='lat' dir='ltr'>in</span> <span class='ocrx_word' id='word_1_467' title='bbox 784 4308 908 4370; x_wconf 83' lang='lat' dir='ltr'>genere3</span> <span class='ocrx_word' id='word_1_468' title='bbox 932 4307 989 4350; x_wconf 93' lang='lat' dir='ltr'>non</span> <span class='ocrx_word' id='word_1_469' title='bbox 1013 4285 1191 4368; x_wconf 83' lang='lat' dir='ltr'>obloquendi</span> <span class='ocrx_word' id='word_1_470' title='bbox 1215 4290 1326 4365; x_wconf 88' lang='lat' dir='ltr'>animo,</span> <span class='ocrx_word' id='word_1_471' title='bbox 1351 4292 1405 4352; x_wconf 91' lang='lat' dir='ltr'>sed</span> <span class='ocrx_word' id='word_1_472' title='bbox 1427 4302 1461 4353; x_wconf 90' lang='lat' dir='ltr'>ut</span> <span class='ocrx_word' id='word_1_473' title='bbox 1485 4292 1590 4355; x_wconf 86' lang='lat' dir='ltr'>videas</span> <span class='ocrx_word' id='word_1_474' title='bbox 1615 4294 1760 4355; x_wconf 81' lang='lat' dir='ltr'>fortunam</span> 
     </span>
     <span class='ocr_line' id='line_1_45' title="bbox 413 4377 1758 4447; baseline 0.001 -3"><span class='ocrx_word' id='word_1_475' title='bbox 413 4402 519 4444; x_wconf 90' lang='lat' dir='ltr'>meam.</span> <span class='ocrx_word' id='word_1_476' title='bbox 567 4379 644 4443; x_wconf 85' lang='lat' dir='ltr'>Cum</span> <span class='ocrx_word' id='word_1_477' title='bbox 667 4380 813 4441; x_wconf 86' lang='lat' dir='ltr'>neminem</span> <span class='ocrx_word' id='word_1_478' title='bbox 840 4379 933 4440; x_wconf 88' lang='lat' dir='ltr'>sciam</span> <span class='ocrx_word' id='word_1_479' title='bbox 960 4377 990 4438; x_wconf 93' lang='lat' dir='ltr'>in</span> <span class='ocrx_word' id='word_1_480' title='bbox 1018 4377 1070 4439; x_wconf 93' lang='lat' dir='ltr'>illo</span> <span class='ocrx_word' id='word_1_481' title='bbox 1098 4377 1265 4447; x_wconf 87' lang='lat' dir='ltr'>clarissimo</span> <span class='ocrx_word' id='word_1_482' title='bbox 1293 4380 1402 4442; x_wconf 91' lang='lat' dir='ltr'>lumine</span> <span class='ocrx_word' id='word_1_483' title='bbox 1431 4389 1550 4444; x_wconf 86' lang='lat' dir='ltr'>vestrae</span> <span class='ocrx_word' id='word_1_484' title='bbox 1579 4377 1758 4446; x_wconf 71' lang='lat' dir='ltr'>academiae,</span> 
     </span>
     <span class='ocr_line' id='line_1_46' title="bbox 414 4466 1761 4554; baseline -0.001 -21"><span class='ocrx_word' id='word_1_485' title='bbox 414 4473 553 4554; x_wconf 83' lang='lat' dir='ltr'>quirnea</span> <span class='ocrx_word' id='word_1_486' title='bbox 582 4472 725 4551; x_wconf 88' lang='lat' dir='ltr'>dogmata</span> <span class='ocrx_word' id='word_1_487' title='bbox 752 4468 827 4530; x_wconf 79' lang='lat' dir='ltr'>data</span> <span class='ocrx_word' id='word_1_488' title='bbox 853 4468 1011 4548; x_wconf 88' lang='lat' dir='ltr'>impeteret</span> <span class='ocrx_word' id='word_1_489' title='bbox 1039 4466 1149 4547; x_wconf 76' lang='lat' dir='ltr'>operi:</span> <span class='ocrx_word' id='word_1_490' title='bbox 1183 4468 1321 4530; x_wconf 87' lang='lat' dir='ltr'>inventus</span> <span class='ocrx_word' id='word_1_491' title='bbox 1353 4478 1401 4531; x_wconf 86' lang='lat' dir='ltr'>est</span> <span class='ocrx_word' id='word_1_492' title='bbox 1432 4470 1462 4532; x_wconf 93' lang='lat' dir='ltr'>in</span> <span class='ocrx_word' id='word_1_493' title='bbox 1494 4472 1551 4533; x_wconf 87' lang='lat' dir='ltr'>hac</span> <span class='ocrx_word' id='word_1_494' title='bbox 1579 4472 1706 4533; x_wconf 86' lang='lat' dir='ltr'>obscura</span> <span class='ocrx_word' id='word_1_495' title='bbox 1731 4470 1761 4524; x_wconf 74' lang='lat' dir='ltr'>el</span> 
     </span>
     <span class='ocr_line' id='line_1_47' title="bbox 413 4555 1760 4638; baseline -0.004 -16"><span class='ocrx_word' id='word_1_496' title='bbox 413 4560 575 4623; x_wconf 88' lang='lat' dir='ltr'>tenebrosa</span> <span class='ocrx_word' id='word_1_497' title='bbox 597 4559 745 4634; x_wconf 89' lang='lat' dir='ltr'>barbarie,</span> <span class='ocrx_word' id='word_1_498' title='bbox 770 4558 829 4638; x_wconf 87' lang='lat' dir='ltr'>qui,</span> <span class='ocrx_word' id='word_1_499' title='bbox 854 4576 918 4619; x_wconf 89' lang='lat' dir='ltr'>cum</span> <span class='ocrx_word' id='word_1_500' title='bbox 942 4557 1009 4637; x_wconf 84' lang='lat' dir='ltr'>plus</span> <span class='ocrx_word' id='word_1_501' title='bbox 1034 4555 1201 4635; x_wconf 86' lang='lat' dir='ltr'>intelligere</span> <span class='ocrx_word' id='word_1_502' title='bbox 1225 4576 1283 4618; x_wconf 91' lang='lat' dir='ltr'>non</span> <span class='ocrx_word' id='word_1_503' title='bbox 1306 4565 1422 4637; x_wconf 88' lang='lat' dir='ltr'>posset,</span> <span class='ocrx_word' id='word_1_504' title='bbox 1447 4560 1542 4623; x_wconf 90' lang='lat' dir='ltr'>solum</span> <span class='ocrx_word' id='word_1_505' title='bbox 1560 4561 1633 4623; x_wconf 89' lang='lat' dir='ltr'>illud</span> <span class='ocrx_word' id='word_1_506' title='bbox 1646 4559 1760 4621; x_wconf 85' lang='lat' dir='ltr'>calum·</span> 
     </span>
     <span class='ocr_line' id='line_1_48' title="bbox 414 4645 1758 4728; baseline -0.001 -18"><span class='ocrx_word' id='word_1_507' title='bbox 414 4650 488 4712; x_wconf 89' lang='lat' dir='ltr'>niari</span> <span class='ocrx_word' id='word_1_508' title='bbox 512 4650 550 4712; x_wconf 91' lang='lat' dir='ltr'>ad</span> <span class='ocrx_word' id='word_1_509' title='bbox 572 4666 712 4728; x_wconf 85' lang='lat' dir='ltr'>proceres</span> <span class='ocrx_word' id='word_1_510' title='bbox 737 4667 828 4708; x_wconf 89' lang='lat' dir='ltr'>ausus</span> <span class='ocrx_word' id='word_1_511' title='bbox 851 4655 913 4720; x_wconf 90' lang='lat' dir='ltr'>est,</span> <span class='ocrx_word' id='word_1_512' title='bbox 937 4647 1079 4725; x_wconf 89' lang='lat' dir='ltr'>pleraque</span> <span class='ocrx_word' id='word_1_513' title='bbox 1104 4664 1140 4705; x_wconf 85' lang='lat' dir='ltr'>ex</span> <span class='ocrx_word' id='word_1_514' title='bbox 1164 4645 1330 4725; x_wconf 85' lang='lat' dir='ltr'>Capernico</span> <span class='ocrx_word' id='word_1_515' title='bbox 1354 4648 1492 4712; x_wconf 80' lang='lat' dir='ltr'>desumto</span> <span class='ocrx_word' id='word_1_516' title='bbox 1515 4657 1546 4711; x_wconf 89' lang='lat' dir='ltr'>et</span> <span class='ocrx_word' id='word_1_517' title='bbox 1569 4650 1608 4713; x_wconf 86' lang='lat' dir='ltr'>ab</span> <span class='ocrx_word' id='word_1_518' title='bbox 1631 4667 1666 4711; x_wconf 89' lang='lat' dir='ltr'>eo</span> <span class='ocrx_word' id='word_1_519' title='bbox 1690 4649 1758 4708; x_wconf 71' lang='lat' dir='ltr'>ante</span> 
     </span>
     <span class='ocr_line' id='line_1_49' title="bbox 413 4734 1758 4820; baseline -0.005 -18"><span class='ocrx_word' id='word_1_520' title='bbox 413 4739 523 4802; x_wconf 90' lang='lat' dir='ltr'>multos</span> <span class='ocrx_word' id='word_1_521' title='bbox 547 4755 642 4799; x_wconf 90' lang='lat' dir='ltr'>annos</span> <span class='ocrx_word' id='word_1_522' title='bbox 666 4736 756 4799; x_wconf 89' lang='lat' dir='ltr'>dicta.</span> <span class='ocrx_word' id='word_1_523' title='bbox 793 4734 873 4805; x_wconf 82' lang='lat' dir='ltr'>Quid</span> <span class='ocrx_word' id='word_1_524' title='bbox 897 4734 1009 4813; x_wconf 86' lang='lat' dir='ltr'>agam?</span> <span class='ocrx_word' id='word_1_525' title='bbox 1040 4734 1146 4814; x_wconf 90' lang='lat' dir='ltr'>Neque</span> <span class='ocrx_word' id='word_1_526' title='bbox 1164 4735 1347 4818; x_wconf 85' lang='lat' dir='ltr'>hypotheses</span> <span class='ocrx_word' id='word_1_527' title='bbox 1365 4756 1450 4800; x_wconf 88' lang='lat' dir='ltr'>meae</span> <span class='ocrx_word' id='word_1_528' title='bbox 1470 4748 1550 4814; x_wconf 87' lang='lat' dir='ltr'>sunt,</span> <span class='ocrx_word' id='word_1_529' title='bbox 1574 4756 1670 4820; x_wconf 90' lang='lat' dir='ltr'>neqoe</span> <span class='ocrx_word' id='word_1_530' title='bbox 1693 4751 1758 4795; x_wconf 89' lang='lat' dir='ltr'>cor·</span> 
     </span>
     <span class='ocr_line' id='line_1_50' title="bbox 412 4822 1758 4911; baseline -0.009 -20"><span class='ocrx_word' id='word_1_531' title='bbox 412 4847 496 4911; x_wconf 88' lang='lat' dir='ltr'>pora.</span> <span class='ocrx_word' id='word_1_532' title='bbox 535 4828 664 4888; x_wconf 86' lang='lat' dir='ltr'>Tantum</span> <span class='ocrx_word' id='word_1_533' title='bbox 687 4845 746 4907; x_wconf 90' lang='lat' dir='ltr'>ego</span> <span class='ocrx_word' id='word_1_534' title='bbox 767 4826 864 4886; x_wconf 78' lang='lat' dir='ltr'>nexui.</span> <span class='ocrx_word' id='word_1_535' title='bbox 901 4825 947 4885; x_wconf 85' lang='lat' dir='ltr'>At</span> <span class='ocrx_word' id='word_1_536' title='bbox 969 4823 1035 4903; x_wconf 91' lang='lat' dir='ltr'>quis</span> <span class='ocrx_word' id='word_1_537' title='bbox 1060 4842 1097 4883; x_wconf 82' lang='lat' dir='ltr'>ex</span> <span class='ocrx_word' id='word_1_538' title='bbox 1119 4822 1265 4904; x_wconf 89' lang='lat' dir='ltr'>imperitis</span> <span class='ocrx_word' id='word_1_539' title='bbox 1289 4824 1392 4887; x_wconf 86' lang='lat' dir='ltr'>harum</span> <span class='ocrx_word' id='word_1_540' title='bbox 1412 4846 1519 4904; x_wconf 86' lang='lat' dir='ltr'>rerum,</span> <span class='ocrx_word' id='word_1_541' title='bbox 1543 4829 1666 4890; x_wconf 85' lang='lat' dir='ltr'>audiens</span> <span class='ocrx_word' id='word_1_542' title='bbox 1685 4825 1758 4886; x_wconf 91' lang='lat' dir='ltr'>hanc</span> 
     </span>
     <span class='ocr_line' id='line_1_51' title="bbox 413 4913 1757 4998; baseline -0.007 -16"><span class='ocrx_word' id='word_1_543' title='bbox 413 4918 593 4982; x_wconf 89' lang='lat' dir='ltr'>calumniam</span> <span class='ocrx_word' id='word_1_544' title='bbox 616 4935 655 4977; x_wconf 78' lang='lat' dir='ltr'>ex</span> <span class='ocrx_word' id='word_1_545' title='bbox 677 4934 723 4991; x_wconf 88' lang='lat' dir='ltr'>eo,</span> <span class='ocrx_word' id='word_1_546' title='bbox 748 4934 835 4996; x_wconf 92' lang='lat' dir='ltr'>quem</span> <span class='ocrx_word' id='word_1_547' title='bbox 857 4913 976 4977; x_wconf 88' lang='lat' dir='ltr'>doctum</span> <span class='ocrx_word' id='word_1_548' title='bbox 999 4920 1146 4986; x_wconf 89' lang='lat' dir='ltr'>autumat,</span> <span class='ocrx_word' id='word_1_549' title='bbox 1170 4913 1227 4976; x_wconf 89' lang='lat' dir='ltr'>hoe</span> <span class='ocrx_word' id='word_1_550' title='bbox 1249 4921 1340 4994; x_wconf 88' lang='lat' dir='ltr'>pacto</span> <span class='ocrx_word' id='word_1_551' title='bbox 1363 4915 1481 4979; x_wconf 89' lang='lat' dir='ltr'>institui</span> <span class='ocrx_word' id='word_1_552' title='bbox 1503 4925 1614 4998; x_wconf 84' lang='lat' dir='ltr'>potest,</span> <span class='ocrx_word' id='word_1_553' title='bbox 1639 4923 1674 4978; x_wconf 90' lang='lat' dir='ltr'>ut</span> <span class='ocrx_word' id='word_1_554' title='bbox 1694 4925 1757 4974; x_wconf 88' lang='lat' dir='ltr'>eum</span> 
     </span>
    </p>
   </div>
   <div class='ocr_carea' id='block_1_7' title="bbox 0 0 1908 5808">
    <p class='ocr_par' dir='ltr' id='par_1_8' title="bbox 0 0 1908 5808">
     <span class='ocr_line' id='line_1_52' title="bbox 0 0 1908 5808; baseline 0 0"><span class='ocrx_word' id='word_1_555' title='bbox 0 0 1908 5808; x_wconf 95' lang='lat' dir='ltr'> </span> 
     </span>
    </p>
   </div>
  </div>
 </body>
</html>
