3872 5836
710 386 743 435 da
760 387 833 435 neus
852 386 1011 449 inmigrare.
1165 356 1172 363 ’
1479 384 1544 452 343

184 548 214 608 in
237 543 317 625 *b
350 545 426 619 >leil
447 554 480 607 et
502 542 573 623 ΔΒ
596 546 637 620 ll.
682 545 776 621 Puto,
812 546 890 625 quod
919 548 940 621 p
969 553 1133 625 occupatur
1160 546 1190 608 in
1215 546 1254 621 Ω,
1283 547 1352 608 binc
1380 546 1544 626 significari

184 635 405 707 multitudinem
429 636 622 696 consiliorum
651 644 682 695 et
706 635 951 714 imaginationum
980 643 1011 694 et
1034 635 1189 696 mollitiem
1218 654 1331 697 earum.
1378 637 1457 697 Nam
1480 637 1543 698 dii-

186 724 321 787 iunderia
350 723 379 785 in
410 724 629 802 cogitationes:
661 725 758 797 bene3
791 723 950 784 dummodo
979 733 1012 783 et
1035 723 1234 784 discerneres.
1282 724 1329 784 An
1360 724 1417 784 boc
1446 725 1544 800 magis

185 834 222 873 ex
246 818 281 881 Δ
296 814 362 883 ό)
389 813 603 883 deducendum,
627 813 678 892 qui
693 811 766 873 mihi
785 812 947 873 communis
962 821 1071 882 tecum,
1096 820 1129 873 nt
1153 822 1185 873 et
1208 812 1380 873 multitudo.
1420 813 1462 875 Ut
1488 813 1543 874 tibi

184 903 339 963 absolvam
357 920 456 962 meum
475 901 623 979 dirigendi
647 903 780 973 modum,
806 902 850 961 sic
864 919 975 980 pergo:
1000 909 1145 980 qnantum
1159 899 1213 962 Sol
1237 900 1272 961 iit
1294 900 1399 961 diebus
1414 898 1458 963 lo
1473 904 1543 979 (pro

184 990 273 1051 annis
296 986 365 1064 40),
386 990 561 1050 tantundem
587 999 618 1050 et
632 990 749 1051 Lunam
764 1009 917 1068 promove.
955 989 1034 1051 Nam
1051 990 1133 1049 solus
1149 989 1259 1049 Terrae
1275 996 1373 1050 motus
1388 989 1542 1068 significa-

185 1094 267 1140 tores
290 1078 409 1159 dirigit3
440 1087 472 1141 at
496 1078 520 1138 ei
540 1078 628 1139 Luna
651 1099 683 1138 sc
715 1079 782 1157 ipsa
803 1098 863 1139 non
887 1078 1067 1152 circumiret,
1102 1096 1220 1155 semper
1248 1078 1276 1138 in
1299 1078 1404 1138 eadem
1429 1100 1447 1137 a
1470 1077 1543 1139 Sole

184 1167 330 1230 distantia
348 1174 493 1241 maneret,
518 1167 735 1247 vehereturque
758 1168 787 1227 iu
812 1166 893 1229 Solis
917 1166 1012 1246 ipsius
1036 1166 1193 1227 celeritate
1209 1184 1263 1244 per
1278 1166 1448 1240 zodiacum,
1474 1165 1546 1245 quia

185 1276 300 1317 annuus
315 1256 426 1316 Terrae
451 1264 549 1316 ructus
574 1256 738 1317 communis
763 1264 811 1316 est
835 1255 1018 1317 orbiLnuae
1041 1274 1108 1315 cum
1123 1255 1227 1315 Terra.
1274 1255 1333 1316 Pro
1348 1255 1543 1315 Ascendenta

189 1353 220 1406 et
243 1344 344 1406 Medio
361 1342 446 1405 Coeli
471 1343 530 1404 sic:
566 1344 604 1404 ad
628 1345 834 1406 ascensionem
858 1352 971 1405 rectam
998 1342 1080 1404 Solis
1105 1344 1152 1403 die
1179 1340 1220 1401 lu
1236 1345 1305 1420 (pro
1330 1344 1416 1403 annis
1441 1339 1500 1415 40)
1526 1363 1544 1402 a

185 1433 345 1496 nativitate
369 1433 446 1494 adde
470 1433 561 1494 horas
585 1433 752 1507 natalitiae,
778 1443 811 1492 ut
830 1433 894 1511 jam
919 1434 1009 1492 horas
1029 1429 1066 1495 5:
1093 1431 1187 1492 babes
1207 1432 1236 1491 in
1261 1432 1365 1492 tabula
1390 1432 1543 1492 domorum

186 1524 226 1585 M.
248 1520 284 1584 C.
310 1533 340 1583 et
364 1524 452 1595 Aac,
479 1522 517 1583 ad
541 1541 618 1602 quae
641 1521 814 1583 natalitium
837 1522 878 1582 M.
905 1519 940 1583 C.
967 1531 999 1581 et
1022 1521 1200 1582 Ascendeus
1225 1529 1436 1599 pervenerunt.

255 1612 448 1661 Fabricius:
468 1610 557 1668 Credo,
576 1624 715 1674 corpora
732 1617 933 1659 cometarum
951 1615 978 1659 at
995 1623 1113 1658 novarum
1126 1609 1252 1658 stellarum
1271 1609 1303 1658 ab
1321 1610 1391 1657 initia
1411 1608 1498 1657 muudi
1516 1609 1543 1656 iu

185 1683 285 1732 miliare
304 1684 425 1737 existere,
451 1681 497 1731 sad
515 1683 608 1743 ahena
627 1681 727 1738 lumine,
747 1683 793 1730 nisi
811 1688 934 1744 quatenns
958 1682 1069 1742 speciata
1092 1695 1136 1743 par
1155 1687 1236 1729 camos
1262 1680 1420 1743 planetarum
1437 1680 1542 1742 positu,

183 1754 222 1803 eal
239 1753 382 1803 mediate
401 1768 417 1803 a
436 1753 490 1803 Deo
510 1754 543 1802 ad
560 1753 750 1818 significandam
767 1768 819 1800 ram
839 1752 945 1816 aliquam
964 1751 1144 1801 illuminantur.

273 1826 479 1902 Keplerus:
504 1824 591 1894 Quae
615 1834 649 1885 tn
673 1825 709 1884 de
734 1822 908 1902 corporibus
933 1823 1087 1884 cometicia
1108 1841 1225 1893 censes,
1249 1823 1329 1885 haud
1354 1822 1443 1883 facila
1468 1838 1543 1899 pos-

185 1922 255 1974 sunt
276 1913 401 1974 refntari
425 1910 577 1993 ἐπεχιως,
610 1912 693 1974 dicta
722 1932 850 1991 uanique
881 1920 951 1972 suut
974 1911 1118 1991 ἂτεχνως,
1155 1911 1193 1970 ab
1225 1930 1275 1983 eo,
1312 1911 1361 1991 qni
1385 1932 1435 1986 cpe
1458 1914 1545 1970 dena

185 2005 332 2081 aninam.
379 2002 445 2063 Hoc
465 2004 561 2063 solum
585 2002 684 2063 dicere
707 2020 845 2081 possum:
883 2001 908 2060 si
937 2012 1065 2078 corpora
1085 2007 1190 2060 essent
1219 2018 1312 2078 aeque
1342 2019 1448 2060 crassa
1472 2005 1543 2058 ante

185 2102 216 2152 et
239 2092 268 2152 in
293 2091 417 2164 risione,
443 2091 683 2153 illuminarentur
707 2112 725 2150 a
749 2089 831 2151 Sole.
880 2087 1046 2168 Oporteret
1069 2088 1170 2168 itaque
1195 2088 1312 2155 dicere,
1343 2108 1401 2148 non
1426 2095 1545 2147 tautum

186 2179 354 2254 illuminari,
379 2190 414 2239 ut
437 2180 606 2254 videantur,
632 2181 684 2240 sed
709 2180 804 2239 etiam
819 2178 968 2239 subtiliari
988 2185 1115 2255 postea,
1132 2196 1169 2237 ue
1185 2176 1360 2250 videantur3
1384 2176 1542 2237 illustrau-

185 2278 233 2329 tur
257 2269 336 2329 euim
359 2288 377 2328 a
401 2267 482 2328 Sole.

255 2356 441 2406 Fabricius:
470 2354 572 2416 Quanta
596 2362 634 2404 est
652 2356 762 2403 maxima
781 2353 887 2405 latitudo
904 2351 1055 2403 Mercurii
1081 2352 1232 2415 a'l'ychoua
1250 2354 1381 2403 observata
1409 2358 1435 2402 at
1453 2316 1545 2415 qun-in

184 2427 258 2477 loeo?
295 2428 345 2476 Cur
364 2426 473 2476 Cicero
492 2428 560 2476 illum
578 2432 692 2475 sanctam
711 2426 810 2475 stellam
828 2422 919 2474 roam?

271 2499 475 2577 Keplerus:
513 2499 558 2559 De
593 2498 645 2567 illa
679 2497 810 2558 scribere
843 2496 884 2555 nil
918 2514 1057 2574 possum3
1092 2493 1177 2555 limes
1202 2495 1320 2574 quidem
1351 2495 1458 2555 boreus
1491 2480 1556 2570 per'

186 2588 295 2650 tineam
318 2607 356 2648 ex
380 2586 451 2648 Sole
476 2588 604 2666 ejectam
627 2585 747 2647 videtur
765 2587 794 2647 in
819 2585 945 2646 confinio
970 2599 1002 2648 ee
1028 2591 1059 2643 et
1078 2587 1116 2657 tl,
1146 2586 1223 2645 uude
1250 2584 1302 2643 lat.
1332 2583 1464 2644 maxima
1487 2582 1543 2641 bo-

185 2678 275 2738 realis
300 2677 329 2738 in
355 2678 411 2736 fine
434 2681 483 2754 ᾖ,
508 2677 645 2738 austrina
667 2675 695 2735 in
718 2675 777 2735 fine
802 2690 833 2739 aa
860 2672 1088 2752 apparentibus.

274 2764 336 2827 Cur
356 2763 492 2832 sanctior
514 2763 656 2827 Mercurii
680 2762 780 2836 stella,
807 2782 896 2841 quam
919 2760 1018 2833 Jovia,
1044 2759 1157 2820 neseio.
1205 2759 1275 2818 Vox
1299 2765 1408 2818 sancta
1432 2758 1461 2817 iu
1486 2754 1542 2818 Ci-

171 2874 290 2935 cerone
314 2855 393 2914 solet
417 2854 526 2933 opponi
551 2852 713 2933 rapacitati
737 2859 769 2911 et
793 2849 961 2927 sacrilegiis
991 2858 1022 2909 et
1050 2846 1343 2926 depeculationibus,
1379 2853 1411 2905 et
1433 2845 1462 2906 in
1487 2863 1544 2923 ge-

186 2962 254 3005 nere
285 2942 521 3027 appetitionibus
555 2942 735 3013 alienorum,
761 2940 852 2999 etiam
886 2937 1053 3014 conjugum.
1100 2938 1148 2995 An
1183 2935 1275 3013 igitur
1308 2943 1431 3008 sancta,
1465 2932 1545 3012 quod

186 3032 360 3112 parcissime
384 3041 530 3111 evagetur
554 3054 572 3091 a
596 3029 694 3091 Sole?

256 3121 444 3171 Fabricius:
472 3120 511 3170 De
538 3125 607 3168 statu
625 3116 908 3180 Tychonianorum
933 3114 985 3175 jam
1013 3112 1104 3160 dudum
1130 3110 1190 3159 nihil
1213 3109 1308 3167 babeo,
1337 3122 1385 3157 nec
1410 3108 1486 3158 etiam
1514 3106 1546 3157 da

185 3191 284 3241 Joanne
302 3189 429 3253 (Eriisan)
448 3201 540 3242 nostro.
580 3189 658 3240 Credo
674 3187 784 3237 Martem
801 3184 860 3234 mihi
880 3199 922 3232 ros
942 3199 1026 3234 omnes
1044 3183 1147 3232 iniustos
1160 3181 1275 3237 reddere,
1295 3181 1332 3229 ita
1350 3194 1411 3230 sana
1431 3184 1546 3244 apparet,

203 3264 246 3312 uia
263 3263 296 3312 nil
315 3264 430 3313 scribitis.

187 3279 202 3328 q
273 3335 473 3414 Keplerus:
507 3332 666 3397 Silentium
694 3339 830 3392 nostrum
856 3326 1014 3388 directioni
1039 3325 1119 3388 Solis
1149 3326 1185 3386 ad
1216 3342 1325 3402 corpus
1350 3321 1461 3383 Martis
1486 3320 1543 3382 tri·

186 3423 260 3497 buis,
287 3426 371 3507 quasi
396 3424 422 3484 is
445 3444 501 3486 nos
524 3424 579 3485 tibi
603 3422 711 3484 reddat
733 3420 878 3481 infensos.
926 3417 992 3504 Hoc
1018 3435 1088 3494 ergo
1109 3415 1156 3477 vel
1181 3414 1246 3476 solo
1271 3431 1430 3490 agnosces,
1460 3420 1491 3472 te
1514 3410 1543 3470 iu

186 3532 284 3575 errore
309 3514 421 3574 versam
447 3514 528 3574 circa
550 3512 744 3573 directionem
770 3509 863 3577 hauc,
888 3505 967 3585 quod
992 3507 1100 3566 falsum
1124 3516 1182 3566 est.
1229 3502 1285 3563 Tui
1309 3502 1388 3563 enim
1411 3499 1544 3580 quotidie

187 3603 247 3662 t'ere
261 3602 453 3662 mentionem
477 3601 613 3661 facimus.
661 3599 707 3659 De
731 3605 814 3657 statu
837 3595 1073 3674 Tycbonicorum
1097 3602 1238 3653 constare
1263 3591 1333 3650 mibi
1358 3609 1415 3650 non
1430 3596 1544 3668 potest,

85 3756 89 3768 .
186 3691 255 3767 quia
282 3710 328 3750 ine
352 3689 557 3766 Tengnagiius
581 3695 760 3746 summovet.
791 3690 889 3755 (Pergit
904 3694 957 3750 jam
970 3691 1093 3752 Keplerus
1112 3702 1244 3739 recensens
1262 3701 1352 3741 causas
1366 3686 1545 3735 dissensionum

183 3780 344 3841 interipsum
363 3783 389 3825 et
407 3773 684 3837 Tycbonishaaradas,
709 3772 855 3834 praesertim
874 3769 1087 3834 Tangnagalium,
1107 3768 1231 3830 Tychonis
1256 3780 1392 3830 genarum,
1419 3765 1466 3814 alio
1491 3764 1545 3814 loco

184 3844 438 3982 Pf0l>0÷¹3dr²i⁸gw
464 3931 558 3981 Latent
575 3931 727 3981 Basileae
746 3928 780 3978 ad
800 3929 877 3977 civem
895 3889 952 3977 ἔξω.
973 3925 1104 3975 Cononem
1124 3922 1193 3972 r-5
1213 3923 1387 3986 quaterniones
1411 3922 1447 3970 rei
1465 3928 1544 3970 astro·

185 4004 280 4069 logicae
300 4005 377 4052 miras
395 4002 546 4066 plenissimi,
576 4006 645 4064 culus
666 4004 741 4052 irater
770 3999 829 4049 mihi
855 3998 925 4047 dedit
943 4011 987 4054 aa,
1012 3999 1033 4045 ei
1052 3997 1125 4045 modo
1143 3995 1288 4045 tabellarius
1308 4001 1375 4042 meat
1394 3991 1543 4042 commodus.

185 4074 250 4124 Mira
267 4074 315 4123 illis
333 4076 432 4131 insunt,
458 4074 518 4123 nulli
537 4076 597 4123 risa
635 4074 735 4134 Quaeso
754 4071 813 4121 mihi
834 4072 896 4120 certi
915 4069 974 4134 quid
991 4068 1129 4132 perscribas
1148 4067 1179 4116 de
1198 4065 1334 4116 tabellariis
1352 4066 1418 4114 inter
1436 4064 1545 4130 Pragarn

185 4153 212 4195 at
229 4147 367 4196 Basileam.

274 4236 478 4315 Keplerus:
503 4234 656 4294 Basileam
679 4233 747 4294 hinc
772 4231 844 4293 nulli
869 4236 1031 4291 excurrunt
1045 4226 1209 4300 tabellarii,
1235 4225 1306 4306 quia
1331 4243 1389 4287 nou
1410 4232 1544 4304 estpro-

186 4328 284 4389 vincia
307 4323 433 4404 imperii.

256 4431 439 4483 Fabricius:
468 4430 563 4491 Accepi
581 4429 698 4491 scriptam
719 4419 903 4487 (mroseopum)
926 4429 995 4471 mum
1015 4422 1046 4471 ds
1066 4420 1273 4470 Cancellario
1296 4426 1379 4469 nostm
1404 4420 1465 4468 satis
1483 4418 1545 4467 liba·

185 4522 253 4564 rnrn;
272 4506 377 4553 auratus
397 4501 541 4556 eandorem,
560 4506 594 4558 et,
613 4506 642 4547 at
660 4499 685 4546 in
704 4497 824 4551 omnibns,
843 4497 1012 4559 perspicacem
1030 4494 1125 4557 ingenii
1143 4493 1199 4540 vim.
1236 4491 1277 4541 Tu
1292 4491 1364 4554 plura
1375 4491 1452 4548 videa
1469 4504 1545 4553 qnam

188 4592 235 4643 ego
253 4593 284 4627 ax
303 4575 448 4639 quotidiana
477 4572 554 4635 ipsius
573 4571 760 4621 conversatione
778 4566 880 4617 odorare
904 4567 980 4629 potui.
1018 4565 1113 4613 Locum
1131 4562 1156 4623 (ς
1177 4564 1202 4611 in
1221 4560 1256 4608 2⁸·
1275 4558 1297 4617 ὅ
1315 4563 1396 4625 ponis,
1425 4576 1480 4610 cum
1499 4561 1544 4611 lat.

185 4655 247 4712 sept
267 4645 303 4709 (i)
322 4654 406 4695 umen
426 4644 504 4693 nodas
524 4643 629 4692 avehens
649 4641 674 4690 in
695 4635 746 4687 17⁰
765 4635 788 4694 ὅ
807 4639 848 4693 sit,
887 4640 925 4686 An
944 4636 1116 4699 supraposito
1135 4635 1231 4683 iactum
1249 4633 1287 4683 rel
1306 4648 1394 4691 errore,
1414 4648 1464 4681 non
1476 4633 1543 4687 scio;

186 4727 244 4782 puto
262 4726 288 4769 te
307 4719 369 4766 iorta
388 4732 418 4766 ar
437 4715 567 4778 Gopernici
585 4713 675 4763 tabulis
694 4712 775 4761 locum
795 4709 932 4773 collegisse.
971 4705 997 4756 Si
1018 4719 1085 4755 anuo
1104 4706 1196 4754 aetatis
1214 4703 1257 4753 22.
1276 4704 1437 4753 brandonem
1455 4716 1543 4752 ascen

185 4791 266 4841 dentis
285 4789 318 4838 ad
336 4788 418 4837 Solam
437 4776 546 4837 morbum
566 4785 657 4837 attulit.
677 4781 736 4847 qnid
755 4781 816 4830 iacit
837 4777 869 4839 Θ
890 4780 922 4828 ad
942 4777 966 4838 ό
988 4784 1014 4827 at
1032 4776 1048 4829 t
1064 4778 1138 4837 juxta
1157 4774 1335 4840 aequaturum?

275 4878 475 4957 Keplerus:
501 4878 534 4937 ln
551 4875 588 4935 D.
606 4870 753 4935 l‘ranoii
778 4868 882 4949 genesi
907 4869 983 4928 bene
1009 4864 1102 4925 habet
1125 4865 1207 4927 locus
1232 4872 1266 4935 0'·
1313 4863 1392 4925 Nam
1415 4858 1473 4921 etsi
1497 4867 1545 4920 est
