3814 5818
356 345 424 409 270
900 341 1023 407 Ami·
1040 340 1164 403 wani·

356 505 404 567 Ex
431 504 479 567 his
502 510 631 582 apparet
651 499 771 565 occasio
794 499 939 578 genuina,
968 516 1045 579 quae
1068 498 1232 577 Apollonio
1260 498 1338 560 hanc
1361 497 1556 561 assumtionis
1588 497 1716 560 formam

357 589 608 672 suppeditaverit.
654 589 735 651 Nam
762 589 841 668 qued
864 606 1021 650 accesmm
1045 595 1078 649 et
1098 605 1252 648 recessum
1281 586 1473 665 planetarum
1499 586 1541 648 ad
1562 605 1617 649 nes
1643 605 1717 667 pru-

357 679 557 761 portiouaiem
579 677 768 740 conversioni
792 675 875 738 Solis
899 676 1019 749 attinet,
1045 675 1170 737 eundem
1194 675 1286 737 etiam
1305 675 1515 738 Ptolemaicae
1533 676 1719 759 hypotheses

357 769 511 831 exhibent.
557 767 664 847 Itaque
689 766 786 828 adhuc
810 765 883 828 nihil
905 771 964 837 est,
988 782 1047 844 quo
1070 783 1139 826 eene
1153 772 1275 826 tueatur
1288 764 1386 826 Ursus
1409 764 1603 844 obtineatque
1617 763 1719 844 Apol·

358 857 468 919 lonium
478 876 546 918 esse
560 857 745 917 inversorum
758 854 1065 928 Aristarchiausruru,
1081 871 1216 932 quaeque
1231 853 1365 935 Tychuui
1383 853 1538 927 debentur,
1554 861 1717 915 auctorem.

337 969 343 975 ·
446 945 502 1007 llis
525 944 604 1006 adde
628 952 660 1003 et
682 943 754 1014 hoc,
784 943 952 1022 quodcum
976 940 1177 1021 inaequalitas
1202 941 1256 1002 illa
1278 952 1393 1017 motus,
1424 960 1515 1021 quarn
1537 941 1719 1021 Apollonius

358 1052 455 1096 asna
477 1031 734 1095 demonstratione
766 1031 933 1110 sejunctam
962 1049 1032 1091 esee
1054 1029 1164 1104 voluit,
1199 1030 1312 1109 negligi
1335 1038 1482 1110 nequeat,
1515 1029 1618 1115 itaque
1641 1048 1720 1109 apo-

359 1140 468 1201 gaeum
501 1128 533 1183 et
563 1120 736 1200 perigeeum
768 1119 798 1179 in
831 1119 910 1180 liuea
938 1118 1013 1189 HN,
1046 1117 1100 1180 GE
1133 1119 1178 1190 (iu
1212 1119 1324 1181 schem.
1359 1119 1478 1200 quinto)
1511 1135 1630 1197 semper
1660 1117 1720 1180 sibi

361 1211 420 1292 ipsi
442 1209 590 1291 parallelo
613 1207 755 1270 constitui
779 1207 904 1281 debeat,
928 1226 967 1268 ex
989 1225 1025 1269 eo
1049 1207 1163 1281 evenit,
1196 1216 1232 1269 ut
1253 1205 1312 1269 ΑΕ
1334 1208 1461 1289 apogaei
1486 1206 1597 1269 lineam
1618 1207 1720 1269 dicere

356 1301 423 1379 jam
443 1316 532 1379 porro
555 1315 612 1359 nou
637 1296 785 1375 pessimus
808 1304 933 1375 totaque
957 1296 1184 1358 nomenclatura
1207 1295 1358 1376 'lychonie
1382 1296 1503 1358 differat
1524 1295 1564 1357 ab
1588 1295 1720 1376 Apollo-

362 1387 420 1451 nio.
467 1386 571 1458 Quare
592 1404 690 1464 neque
712 1391 826 1447 motum
848 1386 991 1464 planetae
1014 1384 1044 1446 in
1066 1384 1282 1463 praecedentia
1303 1385 1369 1447 lieri
1391 1384 1502 1446 statuit
1524 1403 1563 1446 ex
1583 1385 1615 1446 A
1638 1384 1723 1458 inB,

362 1477 417 1539 sed
444 1477 474 1538 in
501 1474 718 1554 consequentia
744 1492 782 1534 ex
806 1472 831 1536 C
855 1474 885 1535 in
909 1473 935 1534 B
963 1481 1070 1535 contra
1097 1491 1187 1553 quarn
1208 1473 1400 1552 Apollonius.
1447 1476 1486 1536 lu
1511 1480 1602 1536 tauta
1621 1490 1723 1535 rerum

361 1564 611 1643 termiuurnmque
635 1562 813 1625 diversitate
837 1563 951 1625 frustra
974 1562 1095 1624 laborat
1117 1561 1214 1624 Ursus
1237 1563 1426 1625 mensuum
1449 1582 1469 1623 a
1491 1562 1631 1644 'lychnus
1655 1562 1721 1623 sor-

361 1673 440 1716 maru
461 1651 674 1735 hypothesium
697 1651 736 1713 ad
758 1651 952 1730 Apollonium
975 1651 1102 1713 deferre.

943 2212 1064 2312 Caput
1089 2210 1154 2286 IV.

361 2371 436 2434 Nou
467 2378 592 2435 emtore
622 2368 717 2435 alubi
747 2371 932 2444 martiuum
967 2371 1199 2454 hypotheticum,
1237 2334 1319 2455 quoe
1351 2372 1459 2458 fischo
1498 2373 1561 2437 eibi
1598 2376 1722 2451 uerterit¹

814 2458 916 2523 Ureu
937 2458 1113 2541 Apollonio
1131 2462 1270 2544 osjiracr't.

449 2618 562 2681 Nescio
594 2635 652 2697 qno
685 2617 795 2679 affectu
822 2618 997 2681 stimulante
1028 2618 1060 2681 id
1089 2637 1179 2681 unum
1209 2619 1275 2699 agit
1301 2619 1413 2696 Ursus,
1433 2627 1482 2685 ut
1503 2618 1654 2701 Tychouis
1686 2620 1724 2683 de

361 2708 469 2769 mundo
502 2706 714 2786 conceptiones
739 2706 916 2787 antiquitati
938 2715 1078 2782 asserat,
1108 2707 1300 2771 manifestam
1333 2708 1456 2771 veritati
1488 2707 1549 2771 vin
1582 2707 1722 2771 afferens.

361 2795 494 2858 Primum
521 2813 561 2856 ex
583 2794 736 2857 veteribus
763 2795 794 2856 in
822 2796 918 2858 aciem
942 2815 1034 2876 supra
1060 2798 1245 2876 produxerat
1268 2796 1472 2876 Apollonium.
1518 2794 1554 2859 Si
1582 2796 1639 2859 huc
1666 2796 1724 2858 de·

364 2883 543 2946 leudeudum
566 2884 769 2964 suscepisset,
800 2885 1013 2964 cognationem
1037 2885 1186 2964 quandam
1209 2885 1396 2948 intercedere
1418 2883 1623 2965 Apolloniauo
1650 2903 1724 2964 pro-

362 2972 486 3036 blemati
501 2991 568 3035 cum
582 2972 732 3054 'lychnuis
747 2974 977 3055 hypothesibus,
1003 2981 1126 3052 poterat
1147 2974 1271 3036 tolerari
1293 2974 1414 3054 partim,
1441 2974 1471 3035 iu
1495 2974 1605 3036 ceteris
1629 2991 1724 3037 excu-

362 3061 433 3125 suri.
481 3062 568 3123 Nunc
596 3062 666 3141 quin
692 3063 781 3142 plane
810 3070 968 3142 utrumque
1001 3070 1165 3142 exaequat,
1200 3062 1343 3143 apparuit
1372 3062 1508 3141 proximo
1537 3062 1638 3141 capite
1671 3080 1724 3125 eos

362 3168 420 3212 non
447 3150 536 3230 plene
559 3149 639 3212 Urso
671 3150 763 3212 fuisse
797 3151 955 3230 cognitos,
987 3151 1107 3212 minime
1138 3170 1209 3213 vero
1237 3152 1285 3213 vel
1315 3152 1426 3213 lectum
1461 3151 1510 3213 vel
1537 3150 1725 3215 intellectum

362 3236 518 3318 Apollonii
539 3236 703 3317 problema
750 3236 902 3318 Cognatio
925 3246 1026 3300 summ
1049 3238 1103 3301 illa
1126 3239 1339 3320 hypothesium
1361 3240 1512 3320 habenis
1535 3258 1602 3302 eum
1620 3240 1722 3318 Apol·

362 3326 434 3389 lonii
463 3325 666 3406 problemate,
699 3344 788 3405 quam
812 3335 852 3387 et
880 3345 972 3406 supra
1000 3327 1205 3389 demonstravi
1239 3337 1270 3391 et
1293 3328 1359 3408 jam
1382 3328 1506 3391 concedi
1535 3344 1626 3409 posse
1649 3327 1722 3403 dixi,

357 3415 422 3494 jam
445 3413 565 3495 quidem
588 3413 727 3488 cernitur,
751 3421 912 3495 postquam
927 3414 1029 3495 Tycho
1053 3434 1137 3477 suam
1160 3417 1261 3479 mundi
1285 3418 1410 3479 termam
1432 3416 1646 3483 diuersissimis
1671 3417 1721 3481 iu-

363 3504 470 3566 ductue
493 3501 678 3581 argumentis
701 3511 734 3563 et
747 3503 905 3566 coustituit
918 3510 954 3565 et
969 3504 1114 3583 prodidit
1160 3505 1286 3586 Absque
1303 3506 1359 3567 huc
1374 3514 1467 3580 eseet,
1492 3505 1572 3568 hand
1586 3506 1725 3587 equidem
1818 3584 1824 3589 ,
1885 3468 1886 3487 ἶ

363 3590 437 3663 scio,
461 3608 499 3652 an
524 3589 679 3670 quiequam
709 3592 785 3654 odeo
810 3592 890 3653 felici
918 3593 1035 3654 futurus
1060 3591 1168 3656 fuisset
1188 3594 1324 3674 iugenio,
1359 3601 1394 3655 ut
1424 3613 1463 3655 ex
1480 3594 1545 3657 eolo
1567 3594 1723 3674 Apollonii

363 3679 550 3760 problemate
565 3679 702 3758 inspecto
718 3680 747 3742 iu
763 3681 912 3762 Tychouie
935 3680 1139 3760 cogitationes
1153 3682 1286 3745 incidere
1301 3682 1451 3763 potuisset
1460 3702 1470 3758 ;
1494 3682 1570 3745 adeo
1593 3684 1725 3746 obscura

365 3776 414 3830 est
436 3767 511 3830 haec
536 3768 676 3847 cognatio
700 3788 867 3849 coecusque
888 3770 1046 3832 transitus.

452 3856 541 3919 Alter
570 3876 609 3919 err
636 3858 788 3921 veteribus
812 3858 945 3941 Tychoni
974 3858 1012 3921 ab
1034 3860 1114 3923 Urso
1143 3865 1286 3937 tunquam
1314 3858 1448 3921 aemulus
1476 3860 1514 3921 eb
1538 3860 1641 3937 oculos
1665 3860 1724 3925 ed-

364 3945 481 4008 ducitur
504 3945 715 4008 Martianus
740 3946 909 4027 Capella,
928 3942 969 4021 ¹³)
998 3949 1028 4009 iu
1053 3967 1111 4027 quo
1134 3946 1228 4008 multo
1251 3947 1348 4010 adhue
1371 3947 1549 4010 imbecillius
1573 3955 1639 4010 stat
1660 3948 1724 4011 Ur-

364 4053 415 4097 sus
446 4053 534 4115 qnam
565 4033 594 4094 in
618 4034 790 4114 Apollonio.
837 4036 958 4098 Etenim
981 4036 1007 4098 is
1031 4046 1151 4109 auctor,
1184 4053 1251 4097 cunr
1279 4036 1437 4099 honestam
1465 4036 1603 4098 eliterie
1632 4037 1725 4100 enimi

363 4122 581 4186 recreationem
603 4132 723 4204 peteret
746 4125 807 4198 (vir
830 4123 910 4187 enirn
936 4125 1077 4204 politicus
1100 4131 1169 4186 erat
1196 4132 1230 4184 et
1251 4143 1376 4204 praeses
1399 4126 1554 4200 Africae),
1584 4126 1725 4206 poeticen

363 4211 614 4293 encyclopaediae
638 4213 818 4292 conjungere
842 4213 966 4288 statuit,
999 4212 1159 4292 fabulaque
1181 4214 1370 4295 pereleganti
1400 4216 1528 4276 conficta
1550 4216 1588 4275 de
1611 4213 1725 4295 nuptiis

363 4301 506 4364 Mercurii
530 4308 561 4362 et
579 4301 777 4382 Philologiae,
802 4320 868 4364 cum
892 4301 1114 4382 philosophiam
1128 4301 1317 4364 Platonicum
1340 4310 1404 4365 tum
1427 4303 1456 4365 in
1480 4302 1580 4385 specie
1607 4312 1725 4384 septem

365 4397 448 4451 artes
473 4391 522 4462 (ut
544 4391 748 4469 appellamus)
775 4389 916 4452 liberales
940 4391 986 4452 ita
1007 4390 1112 4471 tetigit
1134 4398 1166 4451 et
1186 4392 1344 4470 percurrit,
1367 4401 1403 4454 ut
1424 4411 1483 4453 non
1497 4400 1615 4454 tautum
1637 4410 1723 4455 eum·

364 4495 444 4539 ruam
474 4477 619 4557 cujusque
649 4478 825 4542 brevissime
858 4487 1036 4559 exponeret,
1070 4480 1125 4542 sed
1157 4481 1248 4541 etiam
1272 4481 1414 4561 quidquid
1441 4480 1472 4542 in
1499 4481 1626 4561 singulie
1657 4482 1724 4561 ipse

365 4564 610 4642 deprehendebat
632 4566 759 4645 insigne,
783 4568 965 4642 abstrusum,
988 4567 1209 4643 admirandum,
1234 4576 1288 4631 sut
1309 4569 1372 4631 tale
1401 4570 1480 4650 qnod
1503 4570 1602 4650 ipsum
1621 4570 1722 4651 potis-

364 4651 470 4715 uuum
493 4652 657 4726 afficiebat,
680 4654 712 4716 id
736 4673 804 4717 eum
826 4656 986 4736 diligentia
1000 4655 1231 4738 cincinnatoque
1252 4656 1333 4739 stylo
1347 4657 1524 4721 inculcaret.
1569 4659 1605 4721 In
1620 4667 1723 4721 mtre-

364 4740 467 4803 nomia
487 4738 691 4814 Macrobium,
714 4743 845 4806 Plinium
869 4752 901 4806 et
923 4744 1096 4808 Vitruvium
1117 4745 1309 4826 potissimum
1333 4756 1454 4810 secutus
1478 4754 1543 4821 eet,
1566 4747 1723 4810 Romanus

364 4828 493 4892 Latinos
516 4827 683 4911 scriptores
709 4831 797 4913 idque
816 4833 914 4909 vadeo,
938 4824 1033 4897 ut'ue
1047 4834 1169 4917 quidem
1183 4834 1222 4897 ab
1237 4835 1386 4899 erroribus
1410 4854 1511 4901 eorum
1535 4833 1722 4911 diruerunt
1815 4872 1820 4877 ·
