3872 5836
386 362 450 430 366
806 366 907 417 Luem
923 364 1028 431 auree
1046 366 1199 432 memus
1216 371 1319 416 uuum

385 542 494 586 secans
517 523 704 586 horizontem
727 521 757 583 in
782 519 827 597 G,
851 522 1009 585 zodiacum
1031 523 1060 585 iu
1084 524 1127 586 M.
1174 523 1233 586 Est
1256 523 1347 603 igitur
1369 522 1598 605 ipsffleetellae
1620 523 1648 586 L
1670 532 1745 585 sex-

385 614 449 676 tilis
473 622 537 674 tam
561 613 591 674 in
616 609 646 672 G
669 629 757 690 quam
780 610 809 671 in
834 611 882 686 Μ,
914 613 984 690 quia
1007 613 1116 673 stellae
1140 613 1262 674 radiant
1289 613 1319 674 in
1345 613 1447 675 orbem
1471 612 1680 684 circumcirca,
1712 621 1746 674 et

387 703 416 765 G
446 702 566 783 quidem
593 700 659 778 jam
692 700 792 779 tangit
824 698 1024 793 horizontem,
1059 701 1094 762 M
1125 720 1196 763 vero
1230 709 1280 763 est
1305 701 1395 763 iufra.
1442 701 1621 775 Quaeritur,
1656 701 1745 780 quale

384 799 528 874 punctum
553 789 590 851 de
613 788 723 850 circulo
738 786 802 849 MG
826 787 987 850 tenendum
1012 790 1054 851 sit
1075 809 1130 869 pro
1153 790 1316 852 directione
1340 790 1429 868 hujus
1452 790 1571 853 sextilis
1594 788 1633 851 ad
1652 790 1745 852 boro-

386 878 531 959 scopum?
567 878 647 941 Nam
670 877 697 938 si
722 875 750 937 G
775 886 862 938 extra
875 877 1042 952 zodiacum,
1067 878 1191 941 directio
1207 879 1328 940 durabit
1343 878 1528 942 diutissime:
1552 877 1654 940 omnia
1667 878 1747 941 enim

386 978 498 1050 puncta
521 966 623 1027 cuculi
647 963 733 1045 parvi
761 984 798 1026 ex
822 964 848 1025 L
876 965 1020 1046 descripti
1052 969 1224 1029 successive
1256 975 1386 1046 tangunt
1420 968 1635 1047 horoscopum3
1673 985 1746 1046 crgo

386 1059 483 1119 solum
506 1054 697 1134 punctumM
717 1052 840 1114 valebit.
888 1051 1051 1123 Quaeritur
1074 1055 1166 1134 igitur
1191 1055 1346 1134 iongitudo
1369 1056 1442 1118 ΜΗ.
1488 1055 1652 1117 Methodus
1676 1074 1747 1117 cor·

385 1144 557 1210 rectissima
579 1142 635 1204 boc
659 1144 723 1204 loco
748 1149 805 1215 est,
829 1150 864 1203 ut
877 1151 1029 1204 secantem
1045 1138 1110 1204 LMv
1129 1139 1189 1206 00ο
1212 1144 1330 1206 dividas
1352 1162 1407 1223 per
1428 1153 1585 1206 secantem
1600 1144 1657 1205 LH
1672 1143 1745 1205 lati-

388 1236 514 1305 tudiuis,
545 1240 578 1292 ut
601 1232 729 1311 prodeat
751 1249 859 1291 secane
882 1231 955 1293 ΜΗ.
1001 1231 1071 1292 Jam
1094 1233 1265 1312 Maginus
1299 1236 1339 1304 (in
1359 1240 1536 1307 Supplemente
1555 1240 1747 1306 ephemeriden

347 1326 352 1340 '
385 1348 409 1397 p.
432 1327 483 1382 158
501 1329 527 1379 ff.
557 1328 674 1378 maslot
695 1322 779 1392 1608)
803 1321 918 1381 mavult
942 1328 1082 1399 punctum
1106 1322 1140 1381 M
1163 1322 1193 1382 iu
1217 1330 1379 1402 aequatore
1403 1331 1549 1396 statuere,
1575 1330 1610 1384 ut
1632 1322 1675 1383 sit
1689 1320 1747 1382 LH

388 1410 559 1484 declinatio,
584 1408 674 1471 HMF
694 1418 838 1488 aequatur
845 1427 854 1482 ;
879 1407 938 1471 erit
960 1408 1052 1488 igitur
1074 1428 1234 1490 processus
1257 1409 1347 1485 idem,
1371 1418 1403 1472 et
1418 1411 1508 1486 scias,
1532 1410 1589 1471 hoc
1602 1428 1747 1489 processu

386 1500 522 1563 tabulam
550 1516 617 1558 esse
646 1499 772 1571 factam,
810 1515 847 1557 ex
876 1516 935 1576 que
962 1497 1104 1577 Maginus
1130 1498 1219 1577 jubet
1252 1516 1424 1577 excerpere.
1478 1498 1529 1561 Sic
1559 1497 1747 1577 Origauus

386 1587 572 1654 <Ephemeridet
591 1585 826 1650 Brandonburgicee
845 1585 878 1634 ab
890 1599 912 1634 e.
929 1582 1112 1635 totu-root.
1132 1586 1248 1636 Frankci.
1263 1586 1296 1636 ud
1308 1585 1356 1636 Od.
1372 1581 1449 1638 tuos.
1469 1586 1526 1636 Vol.
1539 1586 1559 1636 1.
1578 1601 1602 1651 p.
1617 1582 1669 1635 080
1682 1582 1747 1651 seq.)

304 1694 314 1704 -
373 1665 453 1723 'cunr
476 1677 530 1721 suo
553 1658 641 1720 modo
665 1666 697 1717 et
721 1656 825 1717 tabula
851 1657 941 1735 plane
969 1657 1025 1719 boc
1053 1667 1206 1737 praestat,
1242 1657 1319 1738 quod
1344 1676 1400 1737 ego
1425 1677 1516 1738 supra
1539 1658 1627 1720 docui
1649 1658 1746 1738 primo

387 1749 541 1813 schemate
572 1765 626 1827 per
658 1753 799 1807 secantes
836 1746 987 1816 (violentus
1014 1754 1113 1805 sentit:
1143 1756 1243 1805 medum
1267 1761 1338 1805 cunm
1363 1755 1533 1805 concitemur
1557 1754 1595 1805 vel
1623 1753 1749 1819 meanti

388 1844 516 1902 aspectat,
541 1834 671 1886 dividendo
688 1839 818 1884 secantem
835 1832 875 1883 rel
893 1831 1059 1883 distantiam
1076 1833 1215 1885 latitudinis
1234 1833 1280 1885 dte.
1299 1849 1347 1885 nec
1365 1850 1413 1901 ego
1439 1850 1487 1886 nec
1507 1835 1631 1901 Origanur
1650 1834 1749 1899 nmqni

387 1912 542 1983 muamus).
587 1904 709 1969 Invenit
732 1904 823 1976 euim,
858 1913 1001 1984 quantum
1024 1906 1166 1984 planetae
1191 1905 1322 1969 debeant
1346 1907 1459 1969 distare
1489 1906 1518 1970 iu
1543 1907 1681 1982 zodiaco,
1716 1913 1759 1966 ut

388 1999 429 2060 sit
459 1997 538 2058 inter
564 1994 697 2074 ipsorum
725 2010 851 2072 corpora
877 1993 1029 2072 perfectus
1053 2004 1206 2073 aspectus.
1252 1995 1447 2067 Nesciebem,
1481 1994 1601 2057 tabulas
1633 1994 1690 2057 has
1718 1993 1754 2080 in·

387 2084 512 2164 Megino
534 2083 583 2144 vel
608 2079 742 2162 Origano
766 2079 902 2142 inveniri.
949 2080 1064 2161 Magini
1087 2090 1187 2144 tarum
1212 2085 1395 2146 sententiam
1424 2085 1461 2146 de
1490 2090 1654 2164 aequatore
1689 2101 1747 2143 uon

387 2181 461 2255 puto
485 2178 610 2232 naturee
635 2175 878 2230 consentaneam.
923 2169 1118 2231 Planetarum
1142 2180 1174 2232 et
1196 2169 1278 2234 Solis
1302 2174 1360 2234 iter
1383 2184 1432 2235 est
1455 2173 1484 2234 in
1508 2171 1648 2234 zodiaco:
1678 2170 1748 2233 iude

388 2273 437 2324 est
461 2261 506 2321 uis
529 2259 668 2339 partibus
691 2256 807 2319 zodiaci
830 2257 914 2318 radio
938 2258 1047 2320 stellae
1062 2257 1154 2320 tactis
1169 2260 1308 2323 movendi
1331 2269 1482 2337 naturam,
1506 2280 1572 2323 cum
1596 2280 1651 2322 eae
1673 2278 1748 2340 par-

389 2360 436 2413 tes
459 2349 499 2412 ad
522 2349 718 2427 horoscopum
742 2345 874 2408 veniunt.
921 2344 1038 2409 Sufficit
1059 2348 1168 2427 igitur,
1192 2358 1227 2412 ut
1249 2357 1396 2431 aequatur
1417 2358 1556 2429 praestet
1578 2366 1748 2411 mensuram

389 2437 534 2519 temporis
558 2434 744 2498 directionis.

477 2549 513 2626 4)
541 2551 734 2615 Ptolemaeus
764 2550 840 2610 forte
864 2543 1035 2632 ὄλοσχερως
1063 2557 1095 2613 et
1122 2551 1271 2639 pinguiori
1294 2553 1433 2615 Minerva
1455 2551 1589 2627 dixerat,
1624 2550 1750 2632 vadum

389 2640 562 2724 aequaberis
585 2639 615 2701 in
639 2638 803 2703 directione
831 2638 1002 2717 significare
1027 2659 1136 2701 annum
1173 2642 1340 2713 (vrekeuimz
1358 2650 1477 2717 nuptm
1494 2651 1627 2717 gunnes,
1653 2648 1750 2700 Nette-

389 2732 447 2781 dam
465 2752 499 2764 -
517 2731 544 2779 in
563 2726 700 2778 comment.
720 2726 753 2776 ad
766 2725 936 2777 Ptolemaeum
956 2754 988 2765 -
1007 2729 1089 2779 verius
1107 2743 1184 2794 quam
1200 2736 1298 2780 cotem
1316 2736 1459 2781 ”secutum
1477 2730 1553 2783 fuisse
1567 2737 1676 2780 mentem
1688 2729 1747 2780 Pto·

388 2803 479 2852 lemael
497 2803 523 2850 in
541 2799 732 2859 directionibus,
757 2805 784 2847 et
801 2798 900 2848 modum
918 2799 997 2862 ipsine
1015 2802 1146 2851 convenire
1170 2815 1226 2851 cum
1244 2803 1317 2851 modo
1335 2812 1379 2852 mo
1399 2801 1444 2852 dtc.
1481 2801 1549 2853 Num
1568 2800 1608 2852 hic
1627 2815 1698 2850 verus
1717 2802 1750 2849 rit

389 2884 475 2933 medus
492 2870 667 2937 Ptolomeicus,
687 2884 713 2928 et
731 2877 804 2944 quale
821 2885 892 2930 mum
909 2881 942 2930 rit
951 2879 1079 2943 judicium,
1098 2881 1194 2944 postulo
1209 2887 1235 2930 et
1247 2876 1374 2947 expecto).
1412 2874 1503 2948 Sane,
1529 2873 1600 2954 quia
1623 2881 1749 2935 eventus

389 2963 586 3028 directionum
610 2980 670 3023 non
693 2961 731 3021 ad
755 2959 970 3023 subtilissimas
994 2961 1135 3023 minuties
1158 2963 1352 3041 respondent,
1375 2963 1494 3042 putavit
1511 2962 1675 3024 mittendas
1690 2959 1749 3021 mi·

389 3054 507 3127 nutias,
538 3058 570 3112 et
592 3061 673 3113 recte
698 3049 828 3129 quidem.
874 3049 1088 3125 Recentiores,
1113 3046 1285 3125 Cardenus,
1310 3052 1465 3131 Maginus,
1491 3049 1749 3123 0810003,οη-

389 3145 482 3217 heus,
519 3139 655 3202 minutim
686 3138 787 3199 omnia
819 3146 1050 3217 consectantes,
1088 3138 1200 3201 rectius
1229 3140 1431 3214 contendunt,
1471 3132 1559 3203 300ο
1580 3138 1749 3219 significare

390 3225 497 3312 subl,
525 3246 629 3289 annos.
675 3225 764 3287 Meus
795 3227 901 3287 modus
931 3226 1082 3288 consentit
1110 3228 1239 3289 maxime
1263 3247 1328 3289 cum
1352 3228 1491 3304 Braheo,
1527 3228 1594 3309 qui,
1628 3236 1663 3289 ut
1694 3244 1749 3306 ego

388 3339 443 3401 per
469 3316 586 3379 zodiaci
614 3332 702 3376 arcus
726 3313 822 3393 dirigo
845 3312 962 3390 Solem,
986 3314 1033 3376 ita
1055 3315 1120 3396 ipse
1145 3335 1199 3397 per
1222 3318 1394 3398 aequaturis
1415 3337 1504 3380 arcus
1528 3317 1697 3379 coorientes
1719 3314 1749 3377 iu

392 3415 478 3472 recta
500 3404 639 3485 sphaera.

479 3507 515 3585 5)
548 3506 637 3581 Quod
664 3508 853 3569 Peucerus
877 3509 917 3580 (in
929 3516 990 3568 libro
1009 3517 1040 3568 de
1052 3518 1240 3571 Divinaticnum
1252 3521 1385 3587 generibus
1397 3514 1552 3586 praecipuis)
1573 3518 1665 3594 putat
1687 3527 1753 3571 cum

390 3601 538 3675 Herlicio,
563 3617 617 3660 eas
640 3596 807 3661 censendas
832 3615 901 3660 csse
924 3598 1115 3679 planetarum
1137 3591 1259 3676 domus,
1289 3619 1366 3681 quae
1390 3602 1672 3665 constellationibus
1695 3598 1752 3660 de-

390 3691 577 3761 scribuntur,
609 3705 664 3749 uec
692 3685 877 3766 incipiendus
906 3687 945 3749 ab
975 3689 1180 3769 aequinoctio,
1213 3691 1268 3752 sed
1298 3711 1317 3752 a
1343 3690 1442 3771 prima
1464 3691 1585 3754 arietis:
1619 3687 1752 3769 speciem

389 3782 482 3844 habet
505 3776 578 3852 veri,
603 3777 647 3839 sic
670 3776 748 3838 enim
772 3783 805 3836 et
827 3794 894 3838 cunr
916 3776 1021 3839 Lunae
1044 3779 1250 3840 mansionibus
1273 3780 1316 3842 fit.
1361 3779 1408 3841 At
1431 3779 1499 3841 vide
1524 3779 1599 3842 libro
1623 3797 1689 3841 meo
1713 3776 1751 3837 de

390 3869 513 3947 „Stella
535 3865 745 3948 Serpentarii“
776 3865 959 3927 senteutiam
981 3884 1093 3945 meam,
1127 3868 1219 3929 etiam
1247 3887 1285 3929 ex
1307 3876 1408 3929 mente
1436 3868 1658 3949 astrologorum
1685 3867 1751 3927 ior-

390 3968 513 4033 matam,
536 3957 670 4017 Peucero
693 3954 893 4016 contrariam:
923 3953 981 4016 etsi
1005 3964 1121 4017 totum
1143 3957 1311 4019 domuum
1333 3957 1523 4036 negotium
1546 3966 1750 4020 contemno.

478 4072 564 4134 Haec
588 4070 626 4131 ad
652 4070 756 4132 literas
779 4070 808 4130 d.
834 4070 864 4129 d.
889 4068 942 4132 25.
967 4068 1083 4131 Martii.
1128 4071 1216 4134 Nunc
1240 4071 1280 4134 ad
1302 4080 1465 4153 sequentes
1492 4069 1542 4134 18.
1566 4072 1659 4151 Maji:

482 4160 514 4233 l)
546 4157 646 4232 Petis,
676 4165 710 4220 ut
733 4157 816 4219 brevi
839 4164 1002 4239 praecepto
1026 4168 1058 4220 te
1077 4158 1190 4237 juvem,
1214 4170 1249 4221 nt
1272 4161 1367 4237 scias,
1399 4168 1544 4241 quantum
1571 4158 1749 4241 Goperni-

390 4249 497 4314 canis
520 4245 683 4308 motibus
707 4247 946 4325 planetarum
968 4247 1010 4309 sit
1024 4246 1204 4323 addendum,
1229 4258 1372 4329 quantum
1386 4249 1635 4312 subtrahendum.
1676 4249 1750 4312 Dixi

386 4340 450 4421 jam
483 4354 575 4415 saepe
609 4344 640 4395 et
672 4334 798 4414 scripsi,
831 4353 893 4396 rem
921 4343 1084 4415 praecepto
1108 4337 1320 4417 comprehendi
1349 4357 1407 4399 non
1431 4334 1533 4419 posse.
1579 4337 1750 4400 Braheus

389 4430 455 4509 ipse
479 4423 524 4487 sic
547 4424 626 4503 egit:
659 4422 811 4498 ostendit,
845 4434 990 4502 quantum
1013 4424 1043 4485 iu
1066 4426 1296 4489 excentricitate
1320 4428 1515 4501 mutandum,
1549 4427 1749 4507 quantumin

391 4531 547 4596 upupam,
581 4519 725 4592 quantum
758 4511 788 4573 in
820 4511 1013 4591 proportione
1046 4513 1181 4589 orbium,
1214 4515 1243 4577 in
1275 4525 1358 4578 motu
1380 4517 1497 4591 medic,
1531 4515 1561 4577 iu
1585 4514 1747 4578 latitudine

390 4604 533 4667 maxima.
579 4599 698 4671 Quibus
728 4601 902 4663 constitutis
930 4601 1025 4681 jussit
1054 4611 1165 4682 postea
1196 4605 1346 4667 calculare
1384 4612 1484 4666 motus
1512 4604 1601 4666 modo
1630 4603 1747 4667 usitato

390 4693 421 4756 iu
443 4689 613 4755 Prutenicis
637 4697 670 4752 et
691 4689 899 4771 Alphonsinis,
923 4697 1041 4751 tantum
1065 4691 1209 4754 correctis
1232 4691 1395 4772 principiis.
1442 4692 1591 4773 Exemplo
1611 4692 1746 4773 ingentis

390 4779 561 4855 varietatis,
584 4797 661 4859 quae
684 4779 732 4840 bis
755 4797 794 4839 ex
816 4777 969 4857 principiis
994 4779 1104 4855 oritur,
1134 4780 1176 4843 sit
1197 4781 1251 4843 tibi
1275 4782 1389 4843 Mars.
1436 4780 1525 4843 Anuo
1539 4777 1634 4844 1606.
1658 4780 1745 4860 prin-

389 4871 468 4954 cipio
491 4867 563 4933 unni
584 4875 627 4930 et.
649 4889 680 4931 n.
702 4866 799 4947 incipe
821 4866 934 4929 addere
961 4868 1026 4948 ejus
1058 4869 1135 4932 locis
1156 4869 1345 4941 Pmteuicis‚
1378 4867 1433 4933 22.
1455 4869 1546 4934 Febr.
1575 4869 1653 4933 adde
1675 4870 1748 4950 plu·
