3788 5828
811 1341 846 1458 J
847 1339 1054 1460 OANNIS
1091 1337 1333 1456 llllPLllRl

616 1565 859 1664 morcon
887 1567 1117 1665 rrcrrcms
1144 1566 1328 1662 corum
1358 1565 1521 1660 menn.

736 2055 806 2128 al)
833 2053 1091 2128 mom
1117 2051 1412 2127 PRAEFATIO.

480 2228 588 2290 Edidit
621 2236 692 2290 ante
726 2230 886 2292 triennium
918 2229 1097 2293 Nicolaus
1121 2230 1254 2305 Ursus,
1289 2226 1460 2292 Caesareae
1483 2227 1661 2307 Majestatis
1685 2227 1755 2289 dum

391 2317 508 2379 viveret
540 2317 791 2392 mathematicus,
823 2318 958 2381 libellum
986 2319 1022 2379 de
1046 2317 1273 2400 Hypothesibns
1301 2316 1521 2387 astronomicis,
1554 2317 1663 2396 inquo
1687 2334 1756 2379 cum

390 2404 549 2468 historiam
571 2407 723 2469 texuisset
745 2407 957 2489 hypothesium
980 2407 1160 2487 tandemque
1184 2407 1224 2468 ad
1243 2406 1418 2469 Helisaeum
1437 2403 1625 2480 Rocslinum,
1650 2404 1753 2466 Medi-

391 2494 477 2555 cinae
501 2494 679 2570 Doctorem,
714 2497 842 2577 amicum
870 2515 968 2558 meum
996 2495 1180 2575 singularem
1209 2494 1396 2562 devenisset,
1431 2502 1464 2555 et
1491 2495 1530 2555 ad
1561 2493 1755 2556 refutandam

392 2584 456 2664 ejus
479 2582 659 2662 opinionem,
684 2585 817 2647 adducta
840 2585 967 2665 quadam
991 2583 1126 2646 Euclidis
1149 2584 1370 2664 propositione,
1400 2583 1548 2644 rationem
1573 2582 1753 2644 tradidisset

392 2691 430 2734 ex
453 2672 626 2734 dedomonis
654 2674 834 2739 necessariis
862 2673 1047 2753 geometrica
1073 2673 1215 2735 methodo
1243 2671 1479 2751 planetariorum
1503 2671 1617 2734 orbium
1642 2671 1753 2750 ampli-

391 2761 511 2824 tudines
543 2759 718 2825 dimetiendi
752 2765 830 2836 (rem
868 2762 972 2824 tritam
1006 2762 1085 2842 apud
1115 2764 1335 2835 astronomos),
1369 2760 1540 2839 subjunxit,
1574 2779 1612 2820 ex
1643 2760 1753 2822 iisdem

391 2850 594 2912 fundamentis
617 2852 710 2914 etiam
735 2852 899 2914 examinari
923 2870 1014 2932 posse
1037 2871 1106 2913 mea
1128 2850 1253 2932 placita,
1278 2868 1353 2931 quae
1373 2867 1451 2911 anno
1470 2849 1568 2929 priore
1593 2848 1647 2909 snb
1663 2848 1752 2910 titulo

389 2938 528 3021 Mysterii
553 2936 801 3021 cosmographici
828 2940 940 3021 publici
959 2940 1037 3020 juris
1060 2941 1207 3010 feceram
1245 2957 1340 3018 eaque
1372 2937 1531 2999 occasione
1560 2944 1651 3017 capta
1685 2937 1752 3018 epi-

390 3028 500 3090 stolam
523 3029 683 3109 quandam,
709 3050 769 3112 qua
792 3030 911 3093 hiennio
936 3037 1007 3091 ante
1033 3046 1123 3107 super
1146 3028 1318 3089 inventione
1333 3044 1400 3089 mea
1419 3026 1515 3105 ipsum
1531 3026 1752 3102 consulueram,

391 3116 491 3178 libello
515 3135 569 3179 suo
592 3116 727 3181 inseruit.
773 3119 941 3181 Pessimum
968 3118 1087 3200 quidem
1111 3116 1167 3178 hoc
1190 3115 1307 3178 nomine
1331 3116 1462 3195 gratiam
1486 3115 1565 3199 apud
1589 3134 1636 3177 me
1654 3116 1753 3178 Ursas

390 3204 466 3267 iniit.
513 3203 712 3284 Scripseram,
737 3213 842 3285 utpote
866 3206 973 3283 viginti
998 3207 1088 3268 trium
1116 3224 1260 3266 annorum
1283 3203 1413 3283 juvenis,
1438 3203 1557 3265 minime
1581 3223 1653 3265 sane
1678 3223 1752 3283 gra·

389 3292 477 3354 viter.
523 3293 604 3355 Nam
628 3303 659 3354 et
680 3294 711 3355 in
735 3294 814 3356 Urso
838 3294 987 3356 laudando
1011 3294 1096 3354 etin
1119 3312 1166 3354 me
1190 3292 1233 3354 illi
1257 3292 1444 3371 subjiciendo
1468 3292 1588 3354 modum
1611 3293 1750 3374 utrinque

390 3381 515 3442 multum
538 3381 668 3443 excessi.
715 3380 931 3444 Securissimns
960 3382 1039 3442 enim
1063 3381 1180 3443 dehoc
1204 3389 1313 3443 eventu
1342 3382 1372 3444 id
1396 3381 1507 3443 saltem
1531 3382 1683 3462 spectavi,
1718 3389 1752 3443 ut

389 3486 566 3548 responsum
590 3469 792 3548 impetrarem.
837 3469 880 3531 Et
901 3469 938 3532 iis
961 3470 1115 3532 ferebatur
1138 3489 1206 3532 esse
1229 3469 1362 3532 moribus
1386 3470 1498 3544 Ursus,
1527 3469 1632 3531 uthis
1657 3470 1751 3532 armis

390 3575 465 3636 opos
484 3564 568 3618 esset
590 3558 630 3618 ad
653 3558 884 3637 expugnandum
906 3559 972 3638 ojus
996 3558 1157 3625 silentium.
1202 3559 1248 3620 At
1276 3559 1301 3620 si
1326 3558 1432 3639 quibus
1457 3558 1493 3619 de
1517 3558 1659 3621 instituto
1683 3578 1750 3620 meo

390 3663 450 3707 nou
482 3652 618 3721 constat,
652 3647 673 3708 ii
706 3646 778 3709 mihi
805 3648 912 3710 merito
941 3647 1174 3723 succensebunt,
1209 3648 1288 3727 qnod
1315 3647 1482 3709 immodicis
1511 3647 1582 3710 Ursi
1611 3647 1751 3709 laudibus

391 3733 530 3814 injuriam
545 3734 648 3797 multis
662 3736 691 3797 in
706 3735 829 3818 Europa
843 3736 1027 3800 doctissimis
1042 3736 1265 3799 mathematicis
1286 3737 1422 3811 secerim3
1446 3734 1633 3799 mirabuntur
1646 3736 1749 3811 etiam,

391 3821 440 3902 qni
469 3840 516 3882 me
548 3824 670 3905 propius
699 3834 820 3901 norunt,
854 3844 899 3888 mo
930 3844 983 3905 pro
1007 3826 1170 3888 Maestlino
1194 3826 1304 3888 Ursum
1333 3832 1560 3905 praeceptorem
1584 3825 1748 3900 celebrare,

390 3910 493 3990 illique
526 3914 744 3976 transscribere
768 3914 824 3976 hoe
847 3916 1023 3995 quantulum
1056 3924 1105 3976 est
1127 3912 1308 3993 cognitionis
1339 3915 1367 3976 in
1391 3913 1628 3987 mathematicis,
1662 3931 1749 3994 quem

390 4007 490 4061 tamen
515 4000 573 4062 nisi
595 4002 624 4064 in
639 4002 867 4078 „Fundamenta
882 4023 935 4066 suo
951 4003 1175 4066 astronomico“
1198 4003 1368 4081 loquentem
1393 4021 1542 4082 nunqnam
1565 4001 1748 4073 audiveram,

335 4158 339 4167 Ι
391 4106 540 4170 nunquam
564 4090 707 4154 videram.
755 4091 818 4154 Sed
840 4092 916 4154 haec
939 4093 1035 4155 adhuc
1059 4092 1139 4153 levia
1162 4091 1257 4152 videri
1280 4099 1421 4170 possunt3
1452 4092 1594 4169 graviora
1616 4109 1748 4170 sequnn-

391 4182 449 4238 tur.
496 4177 575 4241 Nam
599 4179 658 4241 etsi
680 4181 777 4243 Ursus
800 4180 941 4244 honorem
966 4201 1061 4243 mcum
1086 4180 1186 4259 egisse
1209 4178 1306 4241 videri
1329 4180 1395 4241 vult
1416 4179 1571 4259 publicata
1595 4198 1664 4241 mea
1683 4180 1748 4260 epi-

389 4265 480 4340 stola,
505 4267 573 4328 dnm
597 4286 664 4329 eam
690 4270 756 4330 lnce
781 4269 901 4348 dignam
924 4269 1096 4351 praedicat:
1121 4277 1222 4329 tamen
1239 4269 1308 4349 quid
1333 4268 1525 4349 quaesiverit,
1552 4288 1611 4330 non
1636 4269 1747 4330 obscu-

390 4372 454 4416 rnm
478 4355 609 4435 reliquit.
636 4388 677 4398 -
705 4357 838 4420 Primum
860 4358 894 4420 in
916 4359 1004 4421 titulo
1028 4356 1123 4420 libelli
1145 4357 1247 4419 Nobili
1276 4366 1308 4419 et
1331 4358 1444 4419 lllnstri
1464 4357 1593 4419 Domino
1615 4356 1748 4439 Tychoni

390 4442 491 4505 Brahe
510 4444 608 4520 Dauo,
631 4445 761 4510 Domino
780 4447 809 4509 in
825 4446 1021 4527 Knudstorpp
1045 4456 1078 4508 et
1090 4445 1265 4527 Uranibnrg
1279 4447 1353 4520 dic,
1378 4446 1591 4526 hypothesium
1605 4464 1748 4508 novarum

391 4530 594 4595 inventionem
622 4533 769 4615 praeripit
794 4555 918 4615 eamque
946 4534 1004 4597 sibi
1032 4530 1204 4614 arrogat.⁶)
1251 4530 1376 4597 Putavit
1402 4536 1503 4614 itaque
1537 4536 1593 4597 hac
1621 4535 1749 4615 epistola

391 4637 474 4696 mea,
503 4621 532 4683 in
557 4640 616 4702 qna
638 4623 713 4685 haec
737 4631 808 4686 sunt
836 4622 945 4686 verba:
972 4623 1184 4705 „Hypotheses
1210 4633 1281 4686 tuas
1311 4624 1411 4699 amo“,
1436 4625 1675 4687 demonstratum
1703 4623 1747 4696 iri,

391 4727 459 4771 esse
488 4718 520 4772 et
541 4709 692 4784 homines,
724 4712 774 4792 qui
797 4712 868 4776 Ursi
891 4713 1056 4775 bonitatem
1076 4730 1187 4791 causae
1215 4720 1394 4791 agnoscant,
1429 4731 1523 4794 eaque
1553 4712 1671 4775 ratione
1704 4730 1748 4773 mo

392 4796 509 4861 alienas
532 4798 578 4861 liti
601 4798 763 4863 immiscuit
777 4808 808 4862 et
821 4800 1027 4863 testimonium
1037 4802 1075 4863 ab
1089 4800 1194 4881 ignaro
1210 4800 1347 4864 extorsit
1392 4800 1509 4863 Deinde
1533 4819 1600 4863 cnm
1623 4802 1654 4864 in
1668 4800 1748 4863 calco

392 4885 473 4950 tituli
496 4886 693 4951 cruditionem
716 4908 802 4952 snam
829 4889 860 4951 in
884 4891 940 4952 hoc
964 4889 1064 4952 libello
1092 4909 1146 4952 cen
1178 4892 1216 4952 ad
1240 4907 1372 4971 agonem
1396 4890 1545 4971 quendam
1568 4889 1746 4974 olympicum
