3788 5828
726 370 879 435 anxa
1094 336 1100 342 ’
1424 372 1485 439 rae

120 532 210 597 istius
233 550 325 612 quam
348 529 429 593 illius
451 538 552 592 ιιιειιιε
576 529 697 603 fortior,
722 532 787 592 siro
811 529 949 600 citatior,
972 530 1036 593 siro
1055 530 1212 610 pernioior,
1237 531 1301 593 sire
1325 532 1484 613 vigentior,

121 641 175 684 seu
200 639 375 701 quocunqne
400 619 493 681 verbo
515 638 579 680 rem
603 620 772 698 exprimere
796 619 907 698 placet,
945 621 991 681 At
1015 628 1126 700 quanto
1150 620 1232 682 orbis
1252 620 1324 682 orbe
1348 622 1485 702 amplior,

120 717 210 774 tanto
234 710 302 791 plus
326 707 471 788 temporis
495 709 586 771 etiam
611 706 736 789 requirit
759 708 797 768 ad
826 707 991 784 ambitum,
1026 710 1085 770 etsi
1113 708 1250 789 utrinque
1281 709 1322 772 sit
1349 712 1484 792 aequalis

121 801 166 862 ris
191 808 302 862 motus.
334 797 416 877 Ergo
440 797 509 859 hine
532 797 676 878 seqnitur,
701 814 789 858 unaue
814 797 1036 877 elongationem
1055 798 1197 876 planetae
1216 795 1320 860 aSole
1340 800 1485 879 majorem

120 890 168 951 his
194 891 294 951 faeere
317 887 357 948 ad
381 888 550 966 augendam
573 885 746 966 periodum:
779 895 953 960 etcontra,
984 885 1200 949 incrementum
1224 886 1338 967 periodi
1364 889 1484 969 duplum

120 999 190 1040 esse
215 978 254 1039 ad
278 975 477 1051 ἀποςρματωι
501 974 708 1038 differentiam.
724 972 749 1048 ¹)

211 1065 373 1129 Dimidium
398 1063 488 1144 igitur
512 1063 686 1126 inerementi
710 1063 845 1126 additum
868 1062 992 1144 periodo
1016 1062 1121 1124 minori
1141 1063 1282 1126 exhibere
1302 1063 1393 1126 debet
1409 1085 1483 1145 pro-

122 1157 293 1238 portionem
317 1172 420 1214 veram
444 1152 675 1215 distantiarum:
701 1152 744 1214 sie
770 1161 802 1214 ut
825 1158 1024 1232 aggregatum
1048 1150 1097 1225 sit,
1123 1159 1157 1214 nt
1175 1152 1323 1215 distantia
1346 1155 1483 1234 superio-

122 1248 165 1309 ris
189 1253 222 1307 et
241 1244 372 1323 simplex
388 1241 484 1304 minor
498 1242 638 1322 periodus
653 1250 863 1321 repraesentet
878 1240 1035 1315 inferioris,
1061 1259 1105 1301 se.
1129 1241 1271 1322 planetae
1297 1242 1342 1304 sui
1366 1241 1485 1305 distau-

122 1336 197 1401 tiam
227 1335 257 1397 in
286 1333 391 1395 endem
420 1331 599 1411 quantitate.
645 1329 845 1409 Exemplum:
879 1332 900 1406 6
931 1339 1031 1391 ιιιοιιιε
1064 1329 1234 1408 periodious
1267 1341 1316 1393 εει
1347 1327 1391 1394 88
1424 1332 1486 1394 1ειε

123 1423 249 1497 dierum
275 1418 404 1483 Veneris
428 1417 493 1481 224
515 1439 583 1482 oum
604 1418 692 1481 besse
712 1421 816 1494 ferme,
841 1418 1011 1483 differentia
1040 1414 1100 1481 136
1124 1426 1156 1481 ει
1179 1419 1243 1493 bes,
1260 1418 1420 1483 dimidium
1444 1416 1487 1483 68

124 1522 156 1574 ει
176 1531 250 1592 ρειε
273 1509 374 1573 tertia.
421 1509 486 1569 Hoc
506 1510 645 1587 junctum
669 1528 736 1570 enm
760 1503 804 1570 88
828 1507 918 1568 efficit
946 1502 1005 1570 156
1029 1517 1061 1567 ει
1083 1507 1234 1570 trientem.
1281 1507 1363 1586 Ergo
1386 1519 1421 1570 ut
1443 1506 1487 1572 88

110 1603 163 1677 ⁸ad
191 1596 253 1663 156
277 1618 344 1661 cnm
366 1596 478 1670 tertia,
513 1599 555 1659 sio
587 1596 811 1658 semidiameter
837 1596 941 1657 circuli
965 1595 1154 1658 Mercurialis
1179 1596 1268 1658 medii
1293 1598 1331 1658 ed
1356 1598 1486 1660 mediam

125 1691 266 1753 Veneris.
304 1688 370 1749 Hoc
393 1686 481 1746 modo
506 1686 532 1747 si
550 1686 579 1747 in
600 1685 725 1765 singulis
741 1684 895 1763 opereris,
911 1691 1000 1764 atque
1024 1684 1236 1765 provenientes
1260 1684 1347 1747 binas
1367 1687 1486 1747 distan-

124 1780 184 1841 tias
207 1797 263 1858 per
285 1793 425 1838 numeros
448 1775 566 1836 sinuurn
591 1775 746 1857 explices„
760 1773 803 1834 sic
827 1782 861 1834 ut
884 1793 1003 1853 semper
1022 1773 1185 1855 superioris
1205 1773 1428 1838 semidiameter
1446 1774 1487 1837 sit

62 1872 68 1885 '
126 1867 208 1931 sinus
232 1875 336 1929 totns:

698 2003 728 2076 21
752 1999 818 2066 574
1090 2019 1102 2227 q
1124 1998 1190 2065 572

454 2092 612 2170 proveniet
699 2087 819 2162 <5274
917 2092 960 2152 ht
984 2098 1033 2150 est
1122 2088 1190 2152 290

425 2179 648 2242 semidiameter
700 2176 817 2257 5694
962 2178 992 2239 in
1123 2176 1189 2241 658

494 2268 575 2330 orbis
700 2264 815 2341 9762
890 2265 1059 2347 Copernieo
1124 2262 1189 2331 710
1241 2266 1247 2280 '

705 2354 814 2426 6563
1124 2353 1190 2419 500
1210 2350 1254 2431 ⁸⁰)

212 2485 359 2565 Propius,
390 2483 550 2558 atrides,
580 2483 618 2544 ad
642 2482 803 2544 veritatem
827 2480 1018 2543 accessimus.
1033 2483 1062 2554 ¹)
1107 2481 1177 2543 Etsi
1201 2500 1272 2543 vero
1296 2481 1418 2557 dubito,
1449 2501 1487 2543 an

126 2574 365 2638 demonstrativa
386 2574 544 2644 methodo,
576 2572 653 2652 quod
679 2572 834 2633 theorema
856 2569 1045 2645 instituerat,
1075 2571 1179 2649 praxis
1203 2570 1265 2632 ista
1287 2569 1402 2632 divisae
1427 2569 1488 2632 dil-

127 2664 273 2727 ferentiae
298 2671 439 2725 assecuta
464 2661 553 2724 fuerit
579 2680 634 2742 per
662 2658 824 2732 omuiah):
858 2668 958 2720 tamen
993 2677 1050 2719 non
1085 2658 1204 2721 omnino
1237 2659 1308 2721 nihil
1341 2658 1371 2720 in
1406 2658 1487 2721 hisee

126 2752 257 2817 numeris
281 2753 386 2827 latere,
412 2752 533 2814 credere
558 2770 604 2811 me
624 2749 713 2829 jubet
736 2747 797 2810 alia
820 2746 995 2809 numerandi
1019 2747 1195 2821 methodus,
1220 2767 1279 2827 qua
1304 2748 1342 2809 ad
1367 2747 1488 2808 eosdem

125 2862 265 2905 numeros
288 2836 452 2904 revolvar.'
476 2837 555 2911 Quia
577 2838 655 2900 euim
675 2836 829 2917 probabile
844 2843 902 2911 est,
927 2835 1132 2897 fortitudinem
1155 2844 1253 2897 motus
1277 2854 1343 2897 oum
1368 2835 1487 2897 distau-

126 2932 177 2994 tiis
201 2950 270 2994 esse
293 2930 322 2993 in
346 2930 556 3009 proportione:
582 2927 641 2989 erit
663 2936 694 2988 et
718 2926 774 2987 hoo
792 2923 958 3003 probabile,
982 2925 1060 3003 quod
1085 2922 1210 3004 quilibet
1232 2926 1365 3004 planeta,
1391 2943 1488 3004 quan·

126 3032 190 3084 tum
214 3027 339 3099 superat
367 3019 551 3098 superiorem
580 3015 753 3078 tortitudine
786 3022 905 3087 motus,
938 3019 1056 3075 tanturn
1088 3022 1246 3092 superetur
1274 3012 1302 3074 in
1329 3011 1486 3075 distantia.

127 3109 206 3172 Esto
234 3108 343 3190 igitur,
378 3107 505 3186 exempli
539 3104 658 3186 gratia,
692 3103 802 3165 Martis
828 3111 860 3164 et
889 3101 1036 3163 distamia
1064 3112 1096 3163 et
1118 3102 1215 3164 virtus
1238 3103 1347 3163 unitas.
1392 3100 1490 3180 Igitur

127 3198 225 3279 qnotd
246 3196 395 3277 particula
417 3195 538 3258 virtutis
561 3194 695 3256 Martiae
718 3192 822 3254 Tellus
845 3192 945 3253 Marte
970 3190 1075 3252 fortior
1102 3197 1169 3253 est:
1199 3198 1296 3252 totam
1323 3189 1488 3253 distantiae

128 3285 260 3348 Martiae
281 3285 463 3365 particulam
482 3284 613 3346 amittet,
651 3284 718 3345 Hoe
742 3281 829 3343 facile
852 3282 887 3342 lit
908 3298 963 3360 per
986 3280 1120 3359 regulam
1144 3279 1234 3341 falsi:
1257 3297 1337 3358 pono
1359 3296 1488 3359 namque

127 3376 245 3437 radium
268 3374 398 3436 Telluris
423 3374 460 3434 ad
484 3374 628 3436 Martium
652 3391 719 3433 esse
743 3365 926 3434 attelae
954 3366 1052 3445 1000,
1077 3386 1162 3447 ergo,
1186 3368 1312 3449 inquio„
1326 3368 1351 3430 si
1376 3367 1486 3447 ampli·

63 3534 66 3541 ⁴
128 3466 201 3526 tudo
225 3464 327 3525 circuli
351 3482 405 3543 per
422 3459 507 3525 1000
531 3469 639 3524 notata
660 3459 887 3541 perambulatur
910 3480 928 3520 a
952 3459 981 3520 vi
1004 3459 1130 3521 motriee
1146 3458 1260 3520 Martia
1284 3453 1348 3520 687
1372 3456 1488 3530 diebus,

128 3552 387 3635 perambulabitur
410 3553 517 3613 eadem
540 3551 570 3613 vi
594 3550 708 3612 Martia
732 3549 860 3611 circulus
883 3547 996 3623 minor,
1031 3566 1085 3628 per
1115 3542 1181 3611 694
1209 3554 1350 3621 ιιοιειιιε,
1383 3545 1487 3608 diebus

128 3641 204 3708 477.
253 3641 322 3704 Jam
347 3641 416 3721 quia
440 3650 555 3704 certum
579 3648 637 3712 est,
662 3640 773 3700 Terrae
797 3638 951 3700 circuitum
975 3657 1122 3699 essenon
1146 3632 1228 3713 477,
1254 3636 1309 3699 sed
1331 3630 1395 3700 365
1421 3635 1487 3697 die·

128 3753 212 3794 rum:
241 3749 334 3811 pergo
362 3751 416 3810 per
443 3730 577 3810 regulam
602 3729 752 3791 inversam
780 3726 842 3787 sic:
872 3725 936 3787 dies
960 3723 1024 3788 477
1050 3736 1294 3789 consumerentur
1317 3745 1337 3788 a
1359 3723 1488 3805 simplici

128 3822 157 3882 ri
178 3820 314 3894 Martia,
347 3827 491 3900 quantum
518 3819 554 3880 de
584 3818 614 3879 vi
636 3818 751 3879 Martia
777 3814 926 3877 consumit
953 3814 1108 3876 circuitum
1133 3809 1199 3877 365
1228 3834 1295 3877 oum
1319 3815 1487 3896 quadrante
1583 3876 1590 3881 ,

128 3910 242 3971 dierum
264 3927 320 3989 per
342 3908 469 3970 eundem
492 3907 647 3982 ambitum,
672 3924 759 3985 quem
782 3904 867 3965 Mars
891 3904 1050 3965 conticeret
1072 3897 1137 3965 477
1160 3903 1290 3965 diebus?
1326 3904 1405 3967 Nam
1429 3903 1487 3967 du-

127 3999 209 4062 bium
237 4017 295 4060 non
329 4005 395 4069 est,
430 3997 499 4077 quin
532 3996 639 4059 fortior
664 3994 762 4056 virtus
790 3992 958 4072 requiratur
986 4009 1074 4070 quarn
1104 4001 1152 4053 est
1175 3992 1298 4054 Martia.
1345 3992 1490 4054 Provenit

127 4088 220 4168 igitur
253 4104 344 4167 snpra
375 4087 525 4166 integram
557 4086 618 4147 rim
641 4083 786 4145 Martiam
815 4081 912 4142 adhue
940 4074 1063 4160 ⁸⁰?le
1096 4100 1168 4162 pars
1196 4080 1331 4161 eJusdem
1353 4080 1487 4143 virtutis.

126 4177 169 4239 Et
191 4187 309 4240 tanturn
324 4175 428 4237 Tellus
442 4176 543 4236 Marte
567 4173 675 4235 fortior
697 4180 764 4234 est:
789 4170 879 4232 debet
901 4167 994 4248 igitur
1017 4178 1050 4230 et
1072 4170 1303 4250 tantopropior
1321 4188 1390 4231 esse
1405 4168 1470 4231 Soli
1478 4188 1487 4244 ;

128 4286 234 4346 nempe
258 4268 285 4327 si
307 4266 393 4326 Mars
416 4283 471 4345 per
496 4260 581 4325 1000
605 4283 624 4322 a
649 4261 720 4323 Sole
744 4260 872 4322 recessit
898 4257 1059 4331 (distantia
1082 4259 1160 4321 euim
1184 4258 1346 4339 superioris
1370 4277 1488 4339 semper

127 4364 176 4417 est
198 4357 346 4434 integrum
372 4353 457 4433 quid)
482 4352 583 4413 Tellus
602 4370 658 4430 per
672 4345 735 4412 306
750 4368 856 4410 earnm
877 4348 1007 4427 partium
1029 4347 1152 4427 propior
1175 4348 1251 4409 orit:
1276 4355 1309 4409 et
1331 4347 1486 4409 subtracto

128 4443 273 4524 superiori
298 4438 361 4505 306
386 4442 424 4507 ab
448 4439 580 4502 inferiori
603 4436 697 4512 1000,
722 4438 812 4499 debet
833 4435 991 4518 provenire
1005 4454 1154 4501 numerus
1178 4436 1264 4498 initio
1287 4435 1414 4515 positus,
1438 4435 1487 4496 vi·

126 4534 238 4596 delicet
260 4528 335 4605 604,
360 4531 385 4592 si
409 4550 482 4593 vera
506 4527 563 4591 fuit
586 4528 640 4590 illa
661 4526 791 4606 positio;
816 4526 862 4588 sin
886 4525 966 4587 falsa
985 4524 1073 4601 foret,
1098 4544 1170 4605 ergo
1189 4525 1357 4605 operareris
1377 4544 1486 4587 seeun-

126 4623 195 4685 dum
217 4630 384 4703 praecepta
405 4620 542 4701 regulae,
567 4625 600 4679 et
621 4615 745 4677 eliceres
770 4632 871 4677 veram
895 4612 1084 4696 positionem.

214 4710 313 4772 Vides
337 4709 393 4771 boc
416 4711 512 4771 altero
536 4707 722 4768 theoremate
747 4703 902 4783 provenire
926 4722 984 4764 non
1008 4702 1099 4779 alios,
1125 4720 1212 4783 quam
1236 4699 1405 4782 superiores
1429 4721 1487 4765 nu.

125 4821 238 4865 meros:
263 4799 342 4865 unde
357 4808 470 4863 cenum
485 4805 534 4861 est
548 4797 606 4858 duo
625 4794 687 4867 ista
700 4792 891 4855 theoremata
905 4793 1001 4855 forma
1023 4792 1143 4875 quidem
1158 4791 1297 4867 differre,
1312 4791 1367 4855 sed
1381 4810 1489 4855 revera
