3788 5828
386 333 448 402 192
841 332 871 382 u
890 330 1037 394 sanaem
1055 330 1290 397 cemeqrepuem

490 496 605 557 modurn.
625 500 659 548 ut
675 495 709 548 de
728 495 841 548 cometis
857 499 964 563 septem
985 494 1114 556 secundo,
1137 494 1171 546 de
1191 493 1346 563 hplauetis
1368 492 1451 547 tertio
1470 500 1545 549 touro
1564 510 1595 547 se
1615 493 1750 548 dictmm

490 575 666 646 polliceatur.
709 577 749 627 At
770 575 906 627 secundus
929 590 982 626 non
1007 573 1061 627 erit
1077 573 1239 636 vendibilis,
1264 590 1324 627 curu
1343 572 1404 643 jam
1427 574 1547 643 plurima
1568 589 1651 643 pars,
1675 573 1752 644 prior

493 674 530 709 sc.
548 656 682 724 impressa
695 662 726 708 et
738 671 810 723 pene
825 654 956 707 absoluta
970 653 1014 706 sit.
1045 654 1089 707 lta
1107 654 1281 723 exemplaria
1294 653 1403 707 interea
1417 653 1471 708 situ
1486 654 1625 725 peribunt.
1654 653 1751 725 Tycha

491 734 591 790 alicubi
607 734 691 788 aliter
703 735 835 788 materias
850 733 966 795 ordinat,
988 749 1102 802 nempe:

440 813 472 883 5)
493 816 556 869 Pro
563 820 833 885 gymnasmatum
854 817 929 867 Astr.
946 820 1010 866 tom.
1028 814 1075 875 111,
1098 814 1131 865 de
1145 813 1207 866 aliis
1223 814 1240 866 6
1255 814 1377 868 cometis.
1405 816 1448 867 Ad
1462 813 1536 868 hunc
1549 815 1649 869 librum
1664 830 1752 884 appa·

490 896 606 951 randum
620 894 757 947 sufficiens
782 895 863 948 adest
885 893 1010 956 materia,
1031 894 1079 946 sed
1099 893 1214 947 formam
1229 893 1319 948 adhrm
1332 894 1437 949 nullam
1451 895 1547 949 habet
1575 894 1637 948 Non
1652 896 1753 947 desunt

493 984 595 1037 temen,
612 973 657 1045 qui
672 974 785 1027 sormam
800 973 841 1027 illi
855 973 995 1036 inducant.
1011 973 1043 1034 si,
1059 975 1129 1043 quod
1145 990 1196 1044 par
1211 981 1241 1027 et
1255 973 1323 1027 satis
1339 983 1391 1038 est
1407 982 1607 1029 sustententur.

441 1054 471 1121 6)
492 1055 646 1109 Tabulae
670 1053 901 1123 Redolpheae.
939 1053 1060 1107 Materia
1083 1054 1118 1107 ad
1142 1053 1192 1107 hus
1216 1056 1393 1124 apparandus
1416 1057 1497 1108 adest
1519 1053 1754 1109 sufficientissima

494 1151 568 1206 pars.
585 1151 635 1187 nec
649 1135 765 1186 deerunt
779 1133 902 1203 ingenia,
924 1133 948 1186 si
961 1133 1140 1186 Maecenates
1156 1134 1219 1196 sint,
1235 1140 1265 1187 et
1279 1134 1411 1204 exiguum
1426 1133 1530 1205 aliquid
1543 1134 1572 1189 in
1586 1135 1669 1188 certis
1684 1150 1752 1203 pen·

494 1213 616 1269 sionibus
631 1214 729 1266 annuis
745 1213 771 1266 in
786 1214 859 1266 hunc
873 1229 952 1266 usum
966 1221 1107 1283 erogetur.
1138 1214 1198 1267 Hoc
1219 1229 1288 1282 opus
1309 1214 1468 1284 primarium
1489 1220 1541 1278 est,
1564 1216 1635 1284 quod
1654 1213 1753 1268 merito

496 1291 670 1363 (Redolphus
686 1287 804 1358 Caesar)
819 1293 979 1364 Magnetes,
1002 1292 1190 1362 Respublicae
1205 1300 1234 1347 et
1247 1295 1414 1348 Academiae
1428 1295 1639 1365 magnifacere,
1663 1300 1701 1357 et.
1723 1300 1756 1347 ut

494 1376 583 1428 lucem
596 1374 701 1436 rideat,
720 1373 787 1427 eniti
802 1374 913 1427 debent.

444 1454 473 1521 7)
496 1455 678 1508 Theatrum
700 1454 962 1507 astronomicum
987 1454 1124 1507 rationem
1146 1453 1237 1506 reddit
1262 1453 1361 1507 calculi
1390 1454 1615 1524 ingeniosissimis
1644 1454 1754 1506 demon·

496 1533 685 1589 strationibus.
710 1534 806 1603 ltaque
822 1533 900 1604 quasi
915 1533 1008 1586 altera
1021 1549 1087 1603 pars
1103 1550 1165 1587 esse
1181 1533 1270 1603 possit
1283 1532 1366 1602 hujus
1380 1533 1543 1604 principalis
1558 1534 1650 1604 operis
1665 1541 1755 1587 astro·

495 1614 602 1669 nomiae
624 1613 810 1667 instauratae.

443 1691 475 1763 8)
497 1693 632 1748 Volumen
653 1693 753 1765 ingens
774 1693 1059 1748 Observationum
1081 1693 1115 1746 ad
1137 1709 1224 1747 annos
1246 1694 1304 1746 lere
1326 1694 1364 1747 40
1383 1692 1608 1762 conscriptarum.
1645 1693 1675 1745 ld
1695 1692 1755 1745 loco

496 1781 540 1828 tot
553 1781 743 1828 anteactorum
759 1790 891 1826 annorum
911 1773 1116 1844 ephemeridum
1130 1790 1192 1826 esse
1206 1774 1303 1844 possit.
1333 1773 1432 1826 Posset
1449 1774 1494 1825 rel
1512 1772 1572 1841 J'am
1591 1772 1688 1827 statim
1703 1771 1754 1825 edi.

498 1854 609 1909 interim
629 1853 823 1906 custodiendae
844 1852 942 1907 merito
966 1859 1032 1906 suut
1055 1854 1109 1906 hae
1133 1853 1342 1907 observationes
1366 1853 1426 1905 loco
1449 1852 1521 1923 regii
1541 1852 1667 1906 thesauri
1689 1858 1757 1905 eta

498 1933 676 2005 magnatibus
692 1933 786 2004 magni
800 1932 951 1996 faciendae,
968 1933 1034 2003 quia
1048 1940 1113 1986 suut
1127 1933 1315 1995 fundamenta,
1332 1932 1391 1985 sine
1405 1933 1504 2002 quibus
1519 1933 1615 2003 nequit
1629 1943 1755 1986 astrono-

496 2010 552 2068 mia
572 2012 731 2066 instaurari.
761 2013 819 2065 Nec
840 2029 904 2082 spes
926 2021 977 2075 est,
1001 2029 1165 2084 quemquam
1183 2013 1251 2075 iore,
1275 2012 1319 2083 qui
1341 2013 1472 2066 certiores
1490 2029 1611 2083 uuquam
1626 2013 1756 2066 observa·

500 2094 590 2149 hones
605 2093 771 2146 conscribat.
799 2093 853 2146 Est
866 2110 891 2146 n.
907 2110 952 2146 res
967 2092 1170 2147 taediosissime
1184 2100 1214 2147 et
1227 2092 1335 2163 plurimi
1352 2092 1492 2163 temporis.

799 2191 853 2244 Ita
873 2190 986 2244 sentio
1007 2189 1046 2244 M.
1068 2191 1219 2243 loannes
1239 2191 1413 2259 Keplerus
1433 2188 1718 2252 Mathematicus,

951 2270 1145 2324 astronomiae
1160 2270 1335 2341 Tychonicae
1351 2269 1575 2324 studiosissimus.

467 2461 512 2528 15)
531 2478 556 2527 p.
575 2459 617 2512 dd.
654 2461 729 2513 Hanc
752 2461 876 2526 'lychonis
901 2463 1031 2527 epistolam
1053 2462 1178 2526 subiunxit
1204 2461 1353 2512 Maestlinus
1378 2461 1508 2525 appendici
1532 2461 1565 2512 ad
1587 2460 1757 2517 Prcdromum.

393 2536 457 2587 haec
475 2532 651 2599 praemittens:
680 2533 730 2583 Pro
748 2533 935 2586 confirmatione
953 2533 1035 2597 hujus,
1054 2547 1120 2598 quae
1139 2548 1169 2584 ex
1188 2532 1316 2597 Gopemiel
1334 2532 1509 2597 hypothesibus
1528 2533 1646 2596 seqnitur.
1665 2532 1756 2597 longis·

394 2610 455 2657 sime
474 2606 614 2656 contrariae
632 2606 731 2654 usitatis
748 2604 924 2669 hypothesibus
942 2606 1084 2655 sententiae
1102 2605 1170 2655 lubet
1185 2618 1324 2669 apponere.
1344 2618 1408 2667 quae
1429 2603 1649 2653 excellentissimus
1661 2600 1757 2653 Nobilis

394 2677 589 2729 Mathematicus
608 2676 693 2739 Tycho
711 2675 808 2732 Brshe.
827 2674 931 2733 Dauus,
950 2677 1001 2726 suis
1020 2675 1192 2740 experimentis
1211 2675 1363 2737 observarit.
1383 2674 1470 2739 quibus
1488 2681 1606 2739 tanquam
1626 2689 1643 2724 a
1660 2675 1757 2737 peritis·

308 2783 312 2788 -
396 2752 458 2800 simo
478 2747 572 2797 artifice
591 2746 682 2797 habitis
702 2747 912 2797 observationibus
931 2749 1016 2811 utique
1041 2746 1102 2797 fides
1128 2748 1241 2812 derogari
1259 2762 1310 2796 non
1327 2752 1417 2809 potest.
1454 2744 1479 2795 Is
1497 2746 1523 2794 lu
1542 2745 1656 2809 Epistola
1673 2745 1708 2795 ad
1726 2745 1757 2795 D.

393 2821 531 2871 Peucernm
550 2832 616 2868 anno
635 2815 705 2868 1588
724 2818 785 2868 data
802 2819 839 2868 sic
856 2819 949 2868 scribit.
988 2818 1127 2876 „Constitui
1144 2818 1279 2881 periculum
1297 2818 1393 2877 lacero,
1420 2830 1544 2881 quaenam
1563 2830 1665 2873 auum.
1693 2831 1758 2881 quae

395 2893 517 2942 hacteuus
535 2891 652 2940 iuventae
670 2896 743 2939 eraut
766 2887 964 2953 (hypothesium,
989 2889 1195 2940 Ptolemaicarnm
1219 2904 1254 2940 sc.
1274 2889 1311 2938 rel
1330 2889 1495 2938 usitatarum:
1522 2888 1559 2937 rel
1586 2888 1758 2952 scoperuico

395 2962 556 3014 traditarum:
580 2961 620 3011 rel
645 2974 728 3010 eorum
750 2962 792 3025 qni
817 2960 1053 3011 homocentrieorum
1071 2961 1217 3025 figmentum
1236 2961 1368 3009 commenti
1386 2954 1457 3020 sunt)
1480 2960 1579 3009 veritati
1595 2961 1695 3022 propius
1714 2975 1756 3011 ac·

395 3035 503 3085 cederet.
539 3031 616 3098 quue
635 3046 679 3095 per
696 3031 786 3082 Martis
803 3033 956 3095 potissimum
974 3032 1073 3083 stellam
1090 3048 1131 3083 me
1149 3033 1270 3096 expiscari
1287 3046 1359 3095 posse
1377 3029 1548 3087 confidebam,
1567 3031 1667 3095 quando
1685 3032 1757 3081 ninni-

394 3122 449 3156 mm
467 3119 499 3154 ea
517 3103 659 3166 aoronycha
676 3102 769 3153 Terrae
789 3104 1002 3168 appropinquaret
1041 3102 1068 3153 Si
1086 3105 1151 3153 enirn
1169 3103 1239 3152 nobis
1256 3104 1355 3166 propius
1373 3101 1520 3158 accederet.
1540 3115 1615 3165 quam
1632 3104 1687 3165 ipse
1706 3101 1757 3160 Sol,

396 3176 591 3240 Copemlcanam
604 3174 799 3238 speculationem
811 3174 969 3237 praevalere:
988 3175 1026 3223 sin
1039 3175 1128 3232 miuus,
1142 3190 1198 3224 cum
1211 3174 1366 3224 Ptolemaios.
1376 3174 1457 3237 potius
1474 3173 1591 3222 standum
1609 3174 1755 3224 arbitrabar.

395 3247 556 3311 Tandemque
581 3258 674 3310 magna
700 3244 830 3309 diligentia
854 3259 901 3295 uec
926 3246 1007 3308 parvis
1032 3246 1166 3302 sumtibus.
1194 3246 1336 3309 conquisitis
1360 3245 1434 3294 variis
1458 3244 1557 3310 organis
1576 3246 1754 3303 astronomicis.

396 3319 483 3385 quibus
501 3317 608 3366 siderum
627 3321 708 3364 motus
727 3315 877 3373 centraliten
897 3330 945 3364 uon
964 3315 1053 3365 saltem
1072 3317 1167 3379 inipso
1186 3317 1308 3380 scrupulo,
1326 3316 1370 3365 sed
1389 3316 1465 3364 etiam
1483 3317 1508 3363 in
1528 3318 1580 3377 ejus
1599 3315 1702 3365 dimidia
1719 3316 1758 3366 rel

396 3395 485 3454 quarta
502 3394 574 3451 parte
600 3386 721 3451 explorari
746 3391 814 3435 certo
838 3392 952 3449 possent,
978 3385 1045 3435 hane
1070 3386 1184 3436 subtilem
1208 3388 1430 3438 considerationem
1456 3386 1560 3451 aggredi
1578 3401 1627 3435 nou
1646 3387 1758 3441 serebas.

396 3462 468 3525 idque
487 3459 640 3523 potissimum
658 3471 724 3506 anno
744 3453 820 3513 1582,
840 3472 895 3505 cnm
905 3455 973 3504 Mars
992 3471 1084 3520 pernox
1101 3457 1183 3507 lactus
1202 3457 1253 3508 Seli
1272 3465 1436 3522 opponeretur
1453 3459 1478 3507 in
1497 3471 1597 3515 cancre,
1616 3463 1643 3508 et
1659 3459 1760 3522 insuper

395 3547 441 3597 per
458 3532 559 3580 boream
577 3527 734 3578 latitudinem
753 3527 878 3576 sublimior
896 3528 1038 3592 quotidiano
1058 3529 1162 3579 circuitu
1179 3529 1330 3580 redderetur.
1361 3529 1460 3579 Habitis
1479 3530 1555 3594 igitur
1572 3536 1631 3579 tunc
1650 3530 1759 3593 pluribus

397 3602 520 3653 accuratis
540 3599 766 3663 obqerratlouibus.
786 3604 839 3648 tam
858 3599 925 3649 circa
943 3605 1036 3658 ortum,
1055 3614 1129 3665 quam
1147 3615 1276 3658 occasum,
1305 3603 1406 3665 ejusque
1424 3600 1649 3664 posmeridianum
1666 3602 1759 3651 transi·

396 3682 464 3733 tum,
491 3670 655 3735 deprehendi,
678 3668 786 3719 Martem
809 3672 928 3733 malorem
946 3673 1043 3721 causari
1064 3672 1218 3736 paralluiu.
1246 3686 1321 3737 quarn
1339 3673 1420 3736 ipsum
1438 3671 1535 3731 Solem,
1559 3671 1664 3736 ideoque
1683 3675 1760 3722 etiarn
1863 3706 1873 3718 .

365 3776 369 3780 „
397 3744 479 3795 Terris
496 3743 700 3806 propinquiorem,
719 3755 776 3790 cnm
789 3741 942 3804 acronychus
962 3748 1007 3799 est,
1026 3743 1087 3801 tisri,
1107 3744 1258 3808 astipulante
1276 3757 1328 3792 uua
1345 3752 1414 3794 ruotu
1432 3744 1507 3807 ipsius
1526 3743 1620 3801 diurno,
1641 3757 1698 3793 cum
1710 3742 1759 3793 Go-

397 3815 539 3880 pernicanis
552 3813 633 3876 potius
646 3813 752 3862 numeris
767 3815 946 3869 consentiente.
966 3828 995 3863 eo
1015 3815 1079 3879 quod
1098 3816 1171 3879 paulo
1184 3815 1288 3865 celerius
1302 3820 1369 3863 certo
1383 3815 1475 3865 dierum
1493 3814 1621 3863 intervallo
1639 3815 1666 3863 iu
1685 3822 1757 3865 auts-

398 3886 520 3947 cedentia,
532 3884 670 3946 repedaret.
690 3898 763 3948 quam
783 3882 986 3947 Alphonsinerum
1005 3887 1155 3936 concederet
1173 3900 1190 3935 a
1206 3884 1349 3935 Ptolemaeo
1368 3886 1477 3936 deducta
1494 3886 1667 3936 ratiocinatio:
1684 3886 1759 3951 idque

398 3957 428 4007 ob
446 3957 566 4006 minorem
584 3953 695 4004 aTerris
713 3955 865 4013 distantiam,
884 3970 949 4019 quae
967 3964 1060 4005 motum
1078 3957 1152 4021 paulo
1171 3957 1329 4007 intentiorem
1347 3971 1467 4021 apparere
1485 3954 1616 4006 efficiebat.
1656 3956 1685 4006 ld
1703 3972 1760 4007 cnm

398 4031 423 4078 in
436 4026 518 4077 Marte
537 4028 598 4075 satis
617 4026 768 4090 exploratum
786 4026 911 4082 haberem.
931 4033 957 4077 et
974 4028 1039 4077 idem
1059 4030 1135 4079 auam
1157 4026 1294 4077 invenere
1318 4027 1447 4093 aliquoties
1466 4041 1483 4076 a
1500 4042 1540 4077 me
1558 4027 1666 4077 interdiu
1684 4035 1760 4093 atque

397 4101 423 4149 lu
441 4100 493 4160 ipso
512 4097 648 4147 meridiano
666 4097 831 4153 observatum,
852 4103 878 4147 et
893 4100 965 4161 Juxta
983 4113 1099 4149 occasum
1118 4099 1249 4149 collatione
1267 4099 1344 4155 lacta,
1362 4100 1411 4148 imo
1430 4100 1506 4149 etiam
1521 4099 1572 4147 alia
1589 4099 1698 4163 quadam
1715 4113 1759 4165 pe·

398 4170 485 4220 culiarl
503 4170 600 4218 ratione
619 4182 685 4218 anuo
705 4165 774 4217 star
794 4169 862 4218 circa
880 4170 945 4219 diem
963 4166 1006 4220 24.
1026 4170 1097 4219 Febr.
1116 4171 1215 4234 quando
1238 4172 1304 4219 intra
1317 4179 1402 4220 ἰιιιιιιι
1424 4171 1463 4219 rel
1490 4170 1593 4219 alteram
1618 4170 1685 4220 diem
1707 4178 1759 4221 tam

398 4241 562 4305 vespertinam
581 4254 655 4305 qaam
674 4241 822 4289 matutinam
842 4237 919 4305 (quod
937 4242 1001 4291 alias
1018 4242 1169 4291 rarissimum
1188 4239 1239 4303 ιιι)
1258 4242 1320 4300 ridi,
1347 4248 1441 4292 motum
1459 4248 1622 4305 apparentem
1639 4256 1697 4295 tum
1715 4243 1758 4300 tit,

397 4326 462 4377 quae
481 4312 576 4363 ratione
594 4310 749 4375 parallaaeos
767 4310 865 4369 fierent,
884 4312 1031 4363 conterendo
1050 4313 1256 4376 comprobassem.
1275 4314 1312 4362 ita
1327 4313 1393 4378 qnod
1409 4313 1567 4364 Ptolemaicis
1582 4312 1759 4377 hypothesibus

397 4383 461 4433 haec
479 4384 564 4433 omnia
580 4382 680 4432 minime
700 4389 877 4447 congruerent:
896 4384 1047 4448 impellebar,
1066 4390 1095 4435 ut
1111 4384 1266 4448 postmodum
1283 4386 1365 4450 magis
1378 4386 1506 4450 magisque
1516 4382 1704 4448 Coperuicam
1721 4386 1758 4435 iu·

398 4455 506 4504 rentioni
525 4453 599 4504 fidem
618 4453 803 4504 attribuerem.“
1366 4456 1372 4457 ⁷

470 4626 516 4690 lt)
534 4645 558 4694 p.
578 4627 621 4680 tt.
652 4631 817 4681 Pmeiaticnis
834 4631 907 4695 halus
925 4639 1021 4696 partem
1041 4631 1194 4684 exhibuimus
1210 4648 1270 4699 pag.
1284 4630 1326 4683 20.
1355 4632 1467 4697 Epistola
1482 4632 1617 4684 Achillis
1630 4632 1758 4685 Gasserl

398 4698 500 4764 (medici
518 4700 698 4758 Lludariensis.
718 4699 735 4763 †
753 4703 883 4768 Augustae
901 4703 974 4753 Vind.
995 4718 1019 4754 a
1041 4700 1130 4766 1677).
1149 4706 1210 4756 dats
1228 4704 1391 4755 Peldlrirsbae
1408 4703 1534 4755 Rhaetim
1553 4719 1619 4755 anuo
1638 4703 1710 4756 1540
1727 4705 1758 4756 ad

399 4772 430 4823 G.
449 4771 599 4838 Vogelinnm
618 4773 835 4823 Constantiensem
853 4774 976 4824 medicum
995 4776 1154 4841 commendat
1173 4774 1306 4836 „Rheuw
1326 4775 1456 4840 epistolam
1475 4774 1506 4826 ds
1524 4775 1673 4841 (inponite,
1692 4776 1757 4827 illurn

398 4844 521 4903 Ιιιιίιιιιι,
541 4850 569 4895 ut
587 4858 643 4895 eam
661 4846 727 4895 luter
744 4845 837 4894 amicos
855 4852 882 4894 et
900 4846 1050 4897 auctoritate
1068 4860 1116 4898 sua
1132 4852 1282 4915 propagaret
1300 4852 1326 4897 et
1344 4846 1536 4903 commendaret.
