<?xml version="1.0" encoding="UTF-8"?>
<!DOCTYPE html PUBLIC "-//W3C//DTD XHTML 1.0 Transitional//EN"
    "http://www.w3.org/TR/xhtml1/DTD/xhtml1-transitional.dtd">
<html xmlns="http://www.w3.org/1999/xhtml" xml:lang="en" lang="en">
 <head>
  <title>
</title>
<meta http-equiv="Content-Type" content="text/html;charset=utf-8" />
  <meta name='ocr-system' content='tesseract 3.04.00' />
  <meta name='ocr-capabilities' content='ocr_page ocr_carea ocr_par ocr_line ocrx_word'/>
</head>
<body>
  <div class='ocr_page' id='page_1' title='image "./joanniskepleria27frisgoog_0023.png"; bbox 0 0 3786 5808; ppageno 0'>
   <div class='ocr_carea' id='block_1_1' title="bbox 359 366 408 419">
    <p class='ocr_par' dir='ltr' id='par_1_1' title="bbox 359 366 408 419">
     <span class='ocr_line' id='line_1_1' title="bbox 359 366 408 419; baseline 0 0"><span class='ocrx_word' id='word_1_1' title='bbox 359 366 408 419; x_wconf 84' lang='lat' dir='ltr'><strong>XII</strong></span> 
     </span>
    </p>
   </div>
   <div class='ocr_carea' id='block_1_2' title="bbox 357 526 1713 719">
    <p class='ocr_par' dir='ltr' id='par_1_2' title="bbox 357 526 1713 719">
     <span class='ocr_line' id='line_1_2' title="bbox 358 526 1713 611; baseline 0.001 -20"><span class='ocrx_word' id='word_1_2' title='bbox 358 538 458 591; x_wconf 88' lang='lat' dir='ltr'><strong>tamen</strong></span> <span class='ocrx_word' id='word_1_3' title='bbox 483 526 666 590; x_wconf 78' lang='lat' dir='ltr'><strong>assiduitate</strong></span> <span class='ocrx_word' id='word_1_4' title='bbox 689 535 722 590; x_wconf 89' lang='lat' dir='ltr'><strong>et</strong></span> <span class='ocrx_word' id='word_1_5' title='bbox 743 528 866 603; x_wconf 84' lang='lat' dir='ltr'><strong>labore,</strong></span> <span class='ocrx_word' id='word_1_6' title='bbox 889 546 1070 611; x_wconf 83' lang='lat' dir='ltr'>operamque</span> <span class='ocrx_word' id='word_1_7' title='bbox 1093 529 1274 593; x_wconf 88' lang='lat' dir='ltr'><strong>navantibus</strong></span> <span class='ocrx_word' id='word_1_8' title='bbox 1297 528 1413 593; x_wconf 91' lang='lat' dir='ltr'><strong>amicis.</strong></span> <span class='ocrx_word' id='word_1_9' title='bbox 1451 531 1529 597; x_wconf 72' lang='lat' dir='ltr'><strong>dam</strong></span> <span class='ocrx_word' id='word_1_10' title='bbox 1551 529 1581 592; x_wconf 89' lang='lat' dir='ltr'><strong>in</strong></span> <span class='ocrx_word' id='word_1_11' title='bbox 1604 548 1641 592; x_wconf 86' lang='lat' dir='ltr'><strong>eo</strong></span> <span class='ocrx_word' id='word_1_12' title='bbox 1662 548 1713 593; x_wconf 87' lang='lat' dir='ltr'><strong>res</strong></span> 
     </span>
     <span class='ocr_line' id='line_1_3' title="bbox 357 633 1713 719; baseline 0 -20"><span class='ocrx_word' id='word_1_13' title='bbox 357 643 423 712; x_wconf 90' lang='lat' dir='ltr'><strong>est,</strong></span> <span class='ocrx_word' id='word_1_14' title='bbox 457 644 491 699; x_wconf 94' lang='lat' dir='ltr'><strong>ut</strong></span> <span class='ocrx_word' id='word_1_15' title='bbox 513 633 637 715; x_wconf 90' lang='lat' dir='ltr'><strong>Kepleri</strong></span> <span class='ocrx_word' id='word_1_16' title='bbox 669 633 834 698; x_wconf 91' lang='lat' dir='ltr'><strong>cultoribus</strong></span> <span class='ocrx_word' id='word_1_17' title='bbox 866 636 1011 701; x_wconf 87' lang='lat' dir='ltr'><strong>collectos</strong></span> <span class='ocrx_word' id='word_1_18' title='bbox 1043 637 1109 719; x_wconf 88' lang='lat' dir='ltr'><strong>ejus</strong></span> <span class='ocrx_word' id='word_1_19' title='bbox 1142 637 1236 701; x_wconf 90' lang='lat' dir='ltr'><strong>libros</strong></span> <span class='ocrx_word' id='word_1_20' title='bbox 1258 644 1291 700; x_wconf 88' lang='lat' dir='ltr'><strong>et</strong></span> <span class='ocrx_word' id='word_1_21' title='bbox 1314 635 1449 719; x_wconf 79' lang='lat' dir='ltr'>digniore</span> <span class='ocrx_word' id='word_1_22' title='bbox 1473 637 1569 700; x_wconf 88' lang='lat' dir='ltr'><strong>forma</strong></span> <span class='ocrx_word' id='word_1_23' title='bbox 1592 635 1713 700; x_wconf 85' lang='lat' dir='ltr'><strong>indutos</strong></span> 
     </span>
    </p>
   </div>
   <div class='ocr_carea' id='block_1_3' title="bbox 247 739 887 807">
    <p class='ocr_par' dir='ltr' id='par_1_3' title="bbox 247 739 887 807">
     <span class='ocr_line' id='line_1_4' title="bbox 247 739 887 807; baseline 0.003 -2"><span class='ocrx_word' id='word_1_24' title='bbox 247 762 250 775; x_wconf 90' lang='lat'><em>·</em></span> <span class='ocrx_word' id='word_1_25' title='bbox 358 740 498 806; x_wconf 78' lang='lat' dir='ltr'><strong>tradendi</strong></span> <span class='ocrx_word' id='word_1_26' title='bbox 520 739 638 804; x_wconf 86' lang='lat' dir='ltr'><strong>initium</strong></span> <span class='ocrx_word' id='word_1_27' title='bbox 661 740 762 803; x_wconf 86' lang='lat' dir='ltr'><strong>facere</strong></span> <span class='ocrx_word' id='word_1_28' title='bbox 785 739 887 807; x_wconf 87' lang='lat' dir='ltr'><strong>liceat.</strong></span> 
     </span>
    </p>
   </div>
   <div class='ocr_carea' id='block_1_4' title="bbox 322 846 1832 4764">
    <p class='ocr_par' dir='ltr' id='par_1_4' title="bbox 356 846 1714 1466">
     <span class='ocr_line' id='line_1_5' title="bbox 444 846 1713 931; baseline 0 -19"><span class='ocrx_word' id='word_1_29' title='bbox 444 848 621 912; x_wconf 90' lang='lat' dir='ltr'><strong>Inchoatnm</strong></span> <span class='ocrx_word' id='word_1_30' title='bbox 644 853 745 911; x_wconf 89' lang='lat' dir='ltr'><strong>autem</strong></span> <span class='ocrx_word' id='word_1_31' title='bbox 767 865 843 929; x_wconf 90' lang='lat' dir='ltr'><strong>opus</strong></span> <span class='ocrx_word' id='word_1_32' title='bbox 866 852 901 911; x_wconf 88' lang='grc' dir='ltr'><strong>ιιι</strong></span> <span class='ocrx_word' id='word_1_33' title='bbox 923 847 1108 924; x_wconf 81' lang='lat' dir='ltr'><strong>absolvatur,</strong></span> <span class='ocrx_word' id='word_1_34' title='bbox 1133 846 1264 912; x_wconf 90' lang='lat' dir='ltr'><strong>futnmm</strong></span> <span class='ocrx_word' id='word_1_35' title='bbox 1286 866 1355 914; x_wconf 90' lang='lat' dir='ltr'><strong>esse</strong></span> <span class='ocrx_word' id='word_1_36' title='bbox 1379 866 1552 930; x_wconf 85' lang='lat' dir='ltr'><strong>speramus,</strong></span> <span class='ocrx_word' id='word_1_37' title='bbox 1575 854 1619 925; x_wconf 89' lang='grc' dir='ltr'>ιιι,</span> <span class='ocrx_word' id='word_1_38' title='bbox 1644 848 1713 931; x_wconf 93' lang='lat' dir='ltr'><strong>qni-</strong></span> 
     </span>
     <span class='ocr_line' id='line_1_6' title="bbox 356 953 1713 1038; baseline -0.001 -19"><span class='ocrx_word' id='word_1_39' title='bbox 356 975 471 1038; x_wconf 81' lang='lat' dir='ltr'><strong>cunque</strong></span> <span class='ocrx_word' id='word_1_40' title='bbox 495 955 601 1019; x_wconf 84' lang='lat' dir='ltr'><strong>literas</strong></span> <span class='ocrx_word' id='word_1_41' title='bbox 623 955 730 1016; x_wconf 87' lang='lat' dir='ltr'><strong>uolunt</strong></span> <span class='ocrx_word' id='word_1_42' title='bbox 752 954 851 1017; x_wconf 89' lang='lat' dir='ltr'><strong>cultas</strong></span> <span class='ocrx_word' id='word_1_43' title='bbox 873 961 906 1016; x_wconf 90' lang='lat' dir='ltr'><strong>et</strong></span> <span class='ocrx_word' id='word_1_44' title='bbox 929 960 1044 1030; x_wconf 87' lang='lat' dir='ltr'><strong>auctas,</strong></span> <span class='ocrx_word' id='word_1_45' title='bbox 1069 954 1235 1037; x_wconf 89' lang='lat' dir='ltr'><strong>quicunqne</strong></span> <span class='ocrx_word' id='word_1_46' title='bbox 1256 955 1421 1038; x_wconf 87' lang='lat' dir='ltr'><strong>prinoipem</strong></span> <span class='ocrx_word' id='word_1_47' title='bbox 1443 954 1524 1019; x_wconf 91' lang='lat' dir='ltr'><strong>inter</strong></span> <span class='ocrx_word' id='word_1_48' title='bbox 1542 953 1713 1019; x_wconf 87' lang='lat' dir='ltr'><strong>Germanos</strong></span> 
     </span>
     <span class='ocr_line' id='line_1_7' title="bbox 356 1059 1712 1143; baseline -0.001 -18"><span class='ocrx_word' id='word_1_49' title='bbox 356 1071 571 1137; x_wconf 78' lang='lat' dir='ltr'><strong>astronomum,</strong></span> <span class='ocrx_word' id='word_1_50' title='bbox 596 1061 780 1142; x_wconf 88' lang='lat' dir='ltr'><strong>eundemque</strong></span> <span class='ocrx_word' id='word_1_51' title='bbox 804 1060 890 1123; x_wconf 83' lang='lat' dir='ltr'><strong>liberi</strong></span> <span class='ocrx_word' id='word_1_52' title='bbox 910 1059 1095 1139; x_wconf 82' lang='lat' dir='ltr'><strong>ingeniorum</strong></span> <span class='ocrx_word' id='word_1_53' title='bbox 1113 1070 1214 1131; x_wconf 88' lang='lat' dir='ltr'><strong>motus</strong></span> <span class='ocrx_word' id='word_1_54' title='bbox 1231 1059 1381 1125; x_wconf 88' lang='lat' dir='ltr'><strong>vindicem</strong></span> <span class='ocrx_word' id='word_1_55' title='bbox 1399 1069 1432 1125; x_wconf 90' lang='lat' dir='ltr'><strong>et</strong></span> <span class='ocrx_word' id='word_1_56' title='bbox 1449 1068 1712 1143; x_wconf 77' lang='lat' dir='ltr'><strong>propugnatorem,</strong></span> 
     </span>
     <span class='ocr_line' id='line_1_8' title="bbox 357 1165 1713 1251; baseline -0.001 -19"><span class='ocrx_word' id='word_1_57' title='bbox 357 1167 532 1232; x_wconf 86' lang='lat' dir='ltr'><strong>Germanici</strong></span> <span class='ocrx_word' id='word_1_58' title='bbox 555 1165 683 1229; x_wconf 89' lang='lat' dir='ltr'><strong>nominis</strong></span> <span class='ocrx_word' id='word_1_59' title='bbox 706 1165 818 1239; x_wconf 88' lang='lat' dir='ltr'><strong>decus,</strong></span> <span class='ocrx_word' id='word_1_60' title='bbox 840 1166 907 1247; x_wconf 90' lang='lat' dir='ltr'><strong>pari</strong></span> <span class='ocrx_word' id='word_1_61' title='bbox 935 1175 1025 1248; x_wconf 91' lang='lat' dir='ltr'><strong>atque</strong></span> <span class='ocrx_word' id='word_1_62' title='bbox 1058 1168 1124 1247; x_wconf 88' lang='lat' dir='ltr'><strong>ejus</strong></span> <span class='ocrx_word' id='word_1_63' title='bbox 1158 1186 1350 1231; x_wconf 86' lang='lat' dir='ltr'><strong>successores</strong></span> <span class='ocrx_word' id='word_1_64' title='bbox 1373 1168 1508 1245; x_wconf 85' lang='lat' dir='ltr'><strong>aliosve,</strong></span> <span class='ocrx_word' id='word_1_65' title='bbox 1540 1166 1590 1251; x_wconf 92' lang='lat' dir='ltr'><strong>qui</strong></span> <span class='ocrx_word' id='word_1_66' title='bbox 1613 1168 1713 1250; x_wconf 92' lang='lat' dir='ltr'><strong>aliquo</strong></span> 
     </span>
     <span class='ocr_line' id='line_1_9' title="bbox 356 1270 1714 1355; baseline -0.001 -16"><span class='ocrx_word' id='word_1_67' title='bbox 356 1277 511 1340; x_wconf 83' lang='lat' dir='ltr'><strong>literarum</strong></span> <span class='ocrx_word' id='word_1_68' title='bbox 533 1293 642 1354; x_wconf 81' lang='lat' dir='ltr'><strong>genere</strong></span> <span class='ocrx_word' id='word_1_69' title='bbox 665 1273 890 1349; x_wconf 78' lang='lat' dir='ltr'><strong>excelluerunt,</strong></span> <span class='ocrx_word' id='word_1_70' title='bbox 923 1274 1263 1355; x_wconf 77' lang='lat' dir='ltr'><strong>monumentooignum</strong></span> <span class='ocrx_word' id='word_1_71' title='bbox 1282 1273 1444 1355; x_wconf 83' lang='lat' dir='ltr'><strong>judicant,</strong></span> <span class='ocrx_word' id='word_1_72' title='bbox 1474 1274 1507 1337; x_wconf 95' lang='lat' dir='ltr'><strong>in</strong></span> <span class='ocrx_word' id='word_1_73' title='bbox 1528 1270 1714 1355; x_wconf 76' lang='lat' dir='ltr'><strong>partem&#39;rei</strong></span> 
     </span>
     <span class='ocr_line' id='line_1_10' title="bbox 356 1379 1113 1466; baseline -0.003 -21"><span class='ocrx_word' id='word_1_74' title='bbox 356 1383 564 1466; x_wconf 81' lang='lat' dir='ltr'><strong>suscipiendae</strong></span> <span class='ocrx_word' id='word_1_75' title='bbox 588 1389 620 1445; x_wconf 89' lang='lat' dir='ltr'><strong>et</strong></span> <span class='ocrx_word' id='word_1_76' title='bbox 638 1380 791 1463; x_wconf 85' lang='lat' dir='ltr'><strong>juvandae</strong></span> <span class='ocrx_word' id='word_1_77' title='bbox 815 1379 894 1442; x_wconf 88' lang='lat' dir='ltr'><strong>ultro</strong></span> <span class='ocrx_word' id='word_1_78' title='bbox 918 1399 952 1442; x_wconf 86' lang='lat' dir='ltr'><strong>se</strong></span> <span class='ocrx_word' id='word_1_79' title='bbox 976 1380 1113 1444; x_wconf 85' lang='lat' dir='ltr'><strong>offerant.</strong></span> 
     </span>
    </p>

    <p class='ocr_par' dir='ltr' id='par_1_5' title="bbox 445 1485 1713 1569">
     <span class='ocr_line' id='line_1_11' title="bbox 445 1485 1713 1569; baseline -0.002 -16"><span class='ocrx_word' id='word_1_80' title='bbox 445 1489 513 1554; x_wconf 90' lang='lat' dir='ltr'><strong>Uno</strong></span> <span class='ocrx_word' id='word_1_81' title='bbox 546 1506 625 1550; x_wconf 90' lang='lat' dir='ltr'><strong>anno</strong></span> <span class='ocrx_word' id='word_1_82' title='bbox 655 1493 817 1569; x_wconf 88' lang='lat' dir='ltr'><strong>postquam</strong></span> <span class='ocrx_word' id='word_1_83' title='bbox 848 1485 924 1549; x_wconf 90' lang='lat' dir='ltr'><strong>haec</strong></span> <span class='ocrx_word' id='word_1_84' title='bbox 955 1485 1216 1567; x_wconf 73' lang='lat' dir='ltr'><strong>pronuntiavimus</strong></span> <span class='ocrx_word' id='word_1_85' title='bbox 1246 1505 1331 1567; x_wconf 89' lang='lat' dir='ltr'><strong>spem</strong></span> <span class='ocrx_word' id='word_1_86' title='bbox 1360 1494 1497 1550; x_wconf 89' lang='lat' dir='ltr'><strong>nostram</strong></span> <span class='ocrx_word' id='word_1_87' title='bbox 1519 1504 1579 1550; x_wconf 91' lang='lat' dir='ltr'><strong>non</strong></span> <span class='ocrx_word' id='word_1_88' title='bbox 1602 1504 1713 1550; x_wconf 82' lang='lat' dir='ltr'><strong>vanam</strong></span> 
     </span>
    </p>

    <p class='ocr_par' dir='ltr' id='par_1_6' title="bbox 336 1591 1727 2102">
     <span class='ocr_line' id='line_1_12' title="bbox 336 1591 1712 1676; baseline 0 -19"><span class='ocrx_word' id='word_1_89' title='bbox 336 1596 448 1658; x_wconf 87' lang='lat' dir='ltr'><strong>-fuisse</strong></span> <span class='ocrx_word' id='word_1_90' title='bbox 467 1601 594 1658; x_wconf 88' lang='lat' dir='ltr'><strong>eventus</strong></span> <span class='ocrx_word' id='word_1_91' title='bbox 613 1593 763 1676; x_wconf 87' lang='lat' dir='ltr'><strong>probavit.</strong></span> <span class='ocrx_word' id='word_1_92' title='bbox 798 1593 980 1655; x_wconf 86' lang='lat' dir='ltr'><strong>Bavariae</strong></span> <span class='ocrx_word' id='word_1_93' title='bbox 995 1592 1110 1673; x_wconf 82' lang='lat' dir='ltr'><strong>Regis</strong></span> <span class='ocrx_word' id='word_1_94' title='bbox 1125 1592 1372 1656; x_wconf 86' lang='lat' dir='ltr'><strong>Maximiliani</strong></span> <span class='ocrx_word' id='word_1_95' title='bbox 1387 1594 1426 1657; x_wconf 91' lang='lat'><strong>11.</strong></span> <span class='ocrx_word' id='word_1_96' title='bbox 1446 1591 1712 1668; x_wconf 78' lang='lat' dir='ltr'><strong>munificentia,</strong></span> 
     </span>
     <span class='ocr_line' id='line_1_13' title="bbox 355 1686 1727 1781; baseline -0.002 -18"><span class='ocrx_word' id='word_1_97' title='bbox 355 1701 480 1781; x_wconf 88' lang='lat' dir='ltr'><strong>perinde</strong></span> <span class='ocrx_word' id='word_1_98' title='bbox 501 1720 537 1765; x_wconf 90' lang='lat' dir='ltr'><strong>ac</strong></span> <span class='ocrx_word' id='word_1_99' title='bbox 550 1700 671 1765; x_wconf 91' lang='lat' dir='ltr'><strong>Domini</strong></span> <span class='ocrx_word' id='word_1_100' title='bbox 689 1699 887 1763; x_wconf 88' lang='lat' dir='ltr'><strong>illustrissimi</strong></span> <span class='ocrx_word' id='word_1_101' title='bbox 905 1699 1075 1774; x_wconf 84' lang='lat' dir='ltr'><strong>aNorow,</strong></span> <span class='ocrx_word' id='word_1_102' title='bbox 1098 1699 1146 1761; x_wconf 90' lang='lat' dir='ltr'><strong>cni</strong></span> <span class='ocrx_word' id='word_1_103' title='bbox 1165 1717 1237 1761; x_wconf 87' lang='lat' dir='ltr'><strong>cura</strong></span> <span class='ocrx_word' id='word_1_104' title='bbox 1255 1700 1422 1763; x_wconf 89' lang='lat' dir='ltr'><strong>studiorum</strong></span> <span class='ocrx_word' id='word_1_105' title='bbox 1440 1700 1471 1762; x_wconf 92' lang='lat' dir='ltr'><strong>iu</strong></span> <span class='ocrx_word' id='word_1_106' title='bbox 1485 1698 1624 1762; x_wconf 90' lang='lat' dir='ltr'><strong>Russia</strong></span> <span class='ocrx_word' id='word_1_107' title='bbox 1646 1686 1727 1762; x_wconf 55' lang='lat' dir='ltr'><strong>tra?</strong></span> 
     </span>
     <span class='ocr_line' id='line_1_14' title="bbox 356 1802 1712 1887; baseline -0.001 -18"><span class='ocrx_word' id='word_1_108' title='bbox 356 1809 420 1870; x_wconf 90' lang='lat' dir='ltr'><strong>dita</strong></span> <span class='ocrx_word' id='word_1_109' title='bbox 429 1815 487 1884; x_wconf 91' lang='lat' dir='ltr'><strong>est,</strong></span> <span class='ocrx_word' id='word_1_110' title='bbox 504 1807 688 1871; x_wconf 88' lang='lat' dir='ltr'><strong>liberalitate</strong></span> <span class='ocrx_word' id='word_1_111' title='bbox 703 1805 809 1887; x_wconf 88' lang='lat' dir='ltr'><strong>adjuti,</strong></span> <span class='ocrx_word' id='word_1_112' title='bbox 826 1814 1067 1870; x_wconf 85' lang='lat' dir='ltr'><strong>astronomorum</strong></span> <span class='ocrx_word' id='word_1_113' title='bbox 1077 1805 1157 1885; x_wconf 89' lang='lat' dir='ltr'><strong>apud</strong></span> <span class='ocrx_word' id='word_1_114' title='bbox 1169 1802 1338 1869; x_wconf 86' lang='lat' dir='ltr'><strong>Germanos</strong></span> <span class='ocrx_word' id='word_1_115' title='bbox 1353 1803 1615 1869; x_wconf 87' lang='lat' dir='ltr'><strong>celeberrimorum</strong></span> <span class='ocrx_word' id='word_1_116' title='bbox 1628 1823 1712 1869; x_wconf 90' lang='lat' dir='ltr'><strong>oom-</strong></span> 
     </span>
     <span class='ocr_line' id='line_1_15' title="bbox 355 1910 1714 1995; baseline -0.001 -20"><span class='ocrx_word' id='word_1_117' title='bbox 355 1913 533 1995; x_wconf 86' lang='lat' dir='ltr'><strong>probaticne</strong></span> <span class='ocrx_word' id='word_1_118' title='bbox 547 1912 725 1987; x_wconf 85' lang='lat' dir='ltr'><strong>confirmati,</strong></span> <span class='ocrx_word' id='word_1_119' title='bbox 745 1912 967 1976; x_wconf 87' lang='lat' dir='ltr'><strong>academiarum</strong></span> <span class='ocrx_word' id='word_1_120' title='bbox 981 1910 1188 1976; x_wconf 89' lang='lat' dir='ltr'><strong>Berolinensis</strong></span> <span class='ocrx_word' id='word_1_121' title='bbox 1208 1919 1241 1974; x_wconf 88' lang='lat' dir='ltr'><strong>et</strong></span> <span class='ocrx_word' id='word_1_122' title='bbox 1254 1910 1437 1975; x_wconf 87' lang='lat' dir='ltr'><strong>Viennensis</strong></span> <span class='ocrx_word' id='word_1_123' title='bbox 1456 1911 1607 1993; x_wconf 82' lang='lat' dir='ltr'><strong>suffragiis</strong></span> <span class='ocrx_word' id='word_1_124' title='bbox 1621 1911 1714 1974; x_wconf 86' lang='lat' dir='ltr'><strong>erecti</strong></span> 
     </span>
     <span class='ocr_line' id='line_1_16' title="bbox 355 2016 1713 2102; baseline -0.001 -19"><span class='ocrx_word' id='word_1_125' title='bbox 355 2038 418 2083; x_wconf 88' lang='lat' dir='ltr'><strong>rem</strong></span> <span class='ocrx_word' id='word_1_126' title='bbox 431 2018 510 2082; x_wconf 90' lang='lat' dir='ltr'><strong>bono</strong></span> <span class='ocrx_word' id='word_1_127' title='bbox 525 2019 625 2084; x_wconf 88' lang='lat' dir='ltr'><strong>animo</strong></span> <span class='ocrx_word' id='word_1_128' title='bbox 640 2022 780 2102; x_wconf 88' lang='lat' dir='ltr'><strong>(eamque</strong></span> <span class='ocrx_word' id='word_1_129' title='bbox 794 2018 938 2084; x_wconf 87' lang='lat' dir='ltr'><strong>vicesimo</strong></span> <span class='ocrx_word' id='word_1_130' title='bbox 952 2019 1061 2083; x_wconf 90' lang='lat' dir='ltr'><strong>abhinc</strong></span> <span class='ocrx_word' id='word_1_131' title='bbox 1075 2021 1169 2093; x_wconf 87' lang='lat' dir='ltr'><strong>anno)</strong></span> <span class='ocrx_word' id='word_1_132' title='bbox 1190 2019 1342 2101; x_wconf 87' lang='lat' dir='ltr'><strong>inceptam</strong></span> <span class='ocrx_word' id='word_1_133' title='bbox 1354 2017 1394 2080; x_wconf 91' lang='lat' dir='ltr'><strong>ad</strong></span> <span class='ocrx_word' id='word_1_134' title='bbox 1407 2017 1496 2081; x_wconf 85' lang='lat' dir='ltr'><strong>finem</strong></span> <span class='ocrx_word' id='word_1_135' title='bbox 1509 2016 1713 2098; x_wconf 88' lang='lat' dir='ltr'><strong>perduximus.</strong></span> 
     </span>
    </p>

    <p class='ocr_par' dir='ltr' id='par_1_7' title="bbox 355 2121 1832 4027">
     <span class='ocr_line' id='line_1_17' title="bbox 443 2121 1714 2209; baseline -0.002 -19"><span class='ocrx_word' id='word_1_136' title='bbox 443 2126 550 2209; x_wconf 88' lang='lat' dir='ltr'><strong>Neque</strong></span> <span class='ocrx_word' id='word_1_137' title='bbox 581 2145 654 2191; x_wconf 85' lang='lat' dir='ltr'><strong>vero</strong></span> <span class='ocrx_word' id='word_1_138' title='bbox 683 2125 732 2191; x_wconf 93' lang='lat' dir='ltr'><strong>his</strong></span> <span class='ocrx_word' id='word_1_139' title='bbox 760 2133 898 2204; x_wconf 88' lang='lat' dir='ltr'><strong>tantum,</strong></span> <span class='ocrx_word' id='word_1_140' title='bbox 931 2144 1007 2208; x_wconf 91' lang='lat' dir='ltr'><strong>quos</strong></span> <span class='ocrx_word' id='word_1_141' title='bbox 1030 2124 1178 2203; x_wconf 79' lang='lat' dir='ltr'><strong>diximus,</strong></span> <span class='ocrx_word' id='word_1_142' title='bbox 1202 2123 1287 2189; x_wconf 87' lang='lat' dir='ltr'><strong>Viris</strong></span> <span class='ocrx_word' id='word_1_143' title='bbox 1311 2130 1344 2189; x_wconf 91' lang='lat' dir='ltr'><strong>et</strong></span> <span class='ocrx_word' id='word_1_144' title='bbox 1365 2121 1572 2188; x_wconf 77' lang='lat' dir='ltr'><strong>societatibus</strong></span> <span class='ocrx_word' id='word_1_145' title='bbox 1595 2124 1714 2205; x_wconf 79' lang='lat' dir='ltr'><strong>gratias</strong></span> 
     </span>
     <span class='ocr_line' id='line_1_18' title="bbox 356 2228 1713 2314; baseline -0.004 -17"><span class='ocrx_word' id='word_1_146' title='bbox 356 2232 501 2297; x_wconf 87' lang='lat' dir='ltr'><strong>debemus</strong></span> <span class='ocrx_word' id='word_1_147' title='bbox 525 2250 614 2314; x_wconf 91' lang='lat' dir='ltr'><strong>quam</strong></span> <span class='ocrx_word' id='word_1_148' title='bbox 636 2230 799 2308; x_wconf 89' lang='lat' dir='ltr'><strong>maximas,</strong></span> <span class='ocrx_word' id='word_1_149' title='bbox 824 2231 879 2294; x_wconf 92' lang='lat' dir='ltr'><strong>sed</strong></span> <span class='ocrx_word' id='word_1_150' title='bbox 903 2232 1030 2295; x_wconf 89' lang='lat' dir='ltr'><strong>aliorum</strong></span> <span class='ocrx_word' id='word_1_151' title='bbox 1052 2250 1167 2314; x_wconf 89' lang='lat' dir='ltr'><strong>quoqne</strong></span> <span class='ocrx_word' id='word_1_152' title='bbox 1190 2250 1284 2314; x_wconf 90' lang='lat' dir='ltr'><strong>opera</strong></span> <span class='ocrx_word' id='word_1_153' title='bbox 1306 2237 1338 2294; x_wconf 89' lang='lat' dir='ltr'><strong>et</strong></span> <span class='ocrx_word' id='word_1_154' title='bbox 1361 2230 1506 2312; x_wconf 82' lang='lat' dir='ltr'><strong>singulari</strong></span> <span class='ocrx_word' id='word_1_155' title='bbox 1529 2228 1713 2293; x_wconf 89' lang='lat' dir='ltr'><strong>liberalitate</strong></span> 
     </span>
     <span class='ocr_line' id='line_1_19' title="bbox 356 2333 1715 2420; baseline -0.004 -17"><span class='ocrx_word' id='word_1_156' title='bbox 356 2339 458 2403; x_wconf 90' lang='lat' dir='ltr'><strong>studia</strong></span> <span class='ocrx_word' id='word_1_157' title='bbox 488 2348 595 2404; x_wconf 90' lang='lat' dir='ltr'><strong>nostra</strong></span> <span class='ocrx_word' id='word_1_158' title='bbox 621 2338 667 2404; x_wconf 85' lang='lat' dir='ltr'><strong>ita</strong></span> <span class='ocrx_word' id='word_1_159' title='bbox 699 2339 860 2403; x_wconf 85' lang='lat' dir='ltr'><strong>sublevata</strong></span> <span class='ocrx_word' id='word_1_160' title='bbox 890 2356 959 2401; x_wconf 86' lang='lat' dir='ltr'><strong>essa</strong></span> <span class='ocrx_word' id='word_1_161' title='bbox 975 2333 1181 2420; x_wconf 77' lang='lat' dir='ltr'><strong>profitemur,</strong></span> <span class='ocrx_word' id='word_1_162' title='bbox 1215 2346 1249 2400; x_wconf 90' lang='grc' dir='ltr'><strong>ιιι</strong></span> <span class='ocrx_word' id='word_1_163' title='bbox 1275 2337 1415 2402; x_wconf 88' lang='lat' dir='ltr'><strong>destituti</strong></span> <span class='ocrx_word' id='word_1_164' title='bbox 1437 2337 1532 2401; x_wconf 88' lang='lat' dir='ltr'><strong>tantis</strong></span> <span class='ocrx_word' id='word_1_165' title='bbox 1553 2333 1715 2417; x_wconf 86' lang='lat' dir='ltr'><strong>praesidiis</strong></span> 
     </span>
     <span class='ocr_line' id='line_1_20' title="bbox 357 2442 1714 2528; baseline -0.003 -20"><span class='ocrx_word' id='word_1_166' title='bbox 357 2444 520 2509; x_wconf 90' lang='lat' dir='ltr'><strong>sditionem</strong></span> <span class='ocrx_word' id='word_1_167' title='bbox 551 2463 648 2528; x_wconf 90' lang='lat' dir='ltr'><strong>neque</strong></span> <span class='ocrx_word' id='word_1_168' title='bbox 681 2445 852 2509; x_wconf 89' lang='lat' dir='ltr'><strong>absolutam</strong></span> <span class='ocrx_word' id='word_1_169' title='bbox 883 2451 916 2507; x_wconf 90' lang='lat' dir='ltr'><strong>et</strong></span> <span class='ocrx_word' id='word_1_170' title='bbox 946 2445 1113 2527; x_wconf 79' lang='lat' dir='ltr'><strong>integram,</strong></span> <span class='ocrx_word' id='word_1_171' title='bbox 1146 2445 1265 2527; x_wconf 88' lang='lat' dir='ltr'><strong>qualem</strong></span> <span class='ocrx_word' id='word_1_172' title='bbox 1292 2442 1514 2524; x_wconf 87' lang='lat' dir='ltr'><strong>spectavimus,</strong></span> <span class='ocrx_word' id='word_1_173' title='bbox 1547 2461 1643 2524; x_wconf 94' lang='lat' dir='ltr'><strong>neque</strong></span> <span class='ocrx_word' id='word_1_174' title='bbox 1666 2458 1714 2519; x_wconf 90' lang='lat' dir='ltr'><strong>ea,</strong></span> 
     </span>
     <span class='ocr_line' id='line_1_21' title="bbox 357 2548 1714 2635; baseline -0.002 -20"><span class='ocrx_word' id='word_1_175' title='bbox 357 2572 448 2634; x_wconf 89' lang='lat' dir='ltr'><strong>quarn</strong></span> <span class='ocrx_word' id='word_1_176' title='bbox 461 2572 535 2635; x_wconf 89' lang='lat' dir='ltr'><strong>prae</strong></span> <span class='ocrx_word' id='word_1_177' title='bbox 554 2571 588 2615; x_wconf 91' lang='lat' dir='ltr'><strong>se</strong></span> <span class='ocrx_word' id='word_1_178' title='bbox 604 2552 673 2628; x_wconf 86' lang='lat' dir='ltr'><strong>fert,</strong></span> <span class='ocrx_word' id='word_1_179' title='bbox 693 2550 791 2614; x_wconf 87' lang='lat' dir='ltr'><strong>forma</strong></span> <span class='ocrx_word' id='word_1_180' title='bbox 805 2550 946 2614; x_wconf 90' lang='lat' dir='ltr'><strong>exhibere</strong></span> <span class='ocrx_word' id='word_1_181' title='bbox 959 2549 1173 2633; x_wconf 87' lang='lat' dir='ltr'><strong>potuissemus.</strong></span> <span class='ocrx_word' id='word_1_182' title='bbox 1198 2549 1333 2624; x_wconf 83' lang='lat' dir='ltr'><strong>Quorum</strong></span> <span class='ocrx_word' id='word_1_183' title='bbox 1346 2550 1479 2614; x_wconf 80' lang='lat' dir='ltr'><strong>virorum</strong></span> <span class='ocrx_word' id='word_1_184' title='bbox 1491 2549 1631 2631; x_wconf 87' lang='lat' dir='ltr'><strong>princeps</strong></span> <span class='ocrx_word' id='word_1_185' title='bbox 1644 2548 1714 2612; x_wconf 90' lang='lat' dir='ltr'><strong>lau-</strong></span> 
     </span>
     <span class='ocr_line' id='line_1_22' title="bbox 355 2654 1713 2739; baseline -0.003 -18"><span class='ocrx_word' id='word_1_186' title='bbox 355 2658 474 2721; x_wconf 90' lang='lat' dir='ltr'><strong>dandus</strong></span> <span class='ocrx_word' id='word_1_187' title='bbox 497 2666 547 2722; x_wconf 91' lang='lat' dir='ltr'><strong>est</strong></span> <span class='ocrx_word' id='word_1_188' title='bbox 567 2660 604 2722; x_wconf 88' lang='lat' dir='ltr'><strong>F.</strong></span> <span class='ocrx_word' id='word_1_189' title='bbox 624 2658 665 2723; x_wconf 88' lang='lat' dir='ltr'><strong>G.</strong></span> <span class='ocrx_word' id='word_1_190' title='bbox 684 2658 736 2724; x_wconf 88' lang='lat' dir='ltr'><strong>W.</strong></span> <span class='ocrx_word' id='word_1_191' title='bbox 760 2655 918 2734; x_wconf 83' lang='lat' dir='ltr'><strong>Strnve,</strong></span> <span class='ocrx_word' id='word_1_192' title='bbox 941 2657 1075 2721; x_wconf 89' lang='lat' dir='ltr'><strong>director</strong></span> <span class='ocrx_word' id='word_1_193' title='bbox 1097 2659 1238 2739; x_wconf 87' lang='lat' dir='ltr'><strong>speculae</strong></span> <span class='ocrx_word' id='word_1_194' title='bbox 1262 2657 1483 2721; x_wconf 88' lang='lat' dir='ltr'><strong>astronomicae</strong></span> <span class='ocrx_word' id='word_1_195' title='bbox 1506 2654 1713 2731; x_wconf 83' lang='lat' dir='ltr'><strong>Puloovensis,</strong></span> 
     </span>
     <span class='ocr_line' id='line_1_23' title="bbox 356 2761 1716 2846; baseline -0.001 -19"><span class='ocrx_word' id='word_1_196' title='bbox 356 2763 406 2846; x_wconf 90' lang='lat' dir='ltr'><strong>qni</strong></span> <span class='ocrx_word' id='word_1_197' title='bbox 428 2783 461 2827; x_wconf 90' lang='lat' dir='ltr'><strong>re</strong></span> <span class='ocrx_word' id='word_1_198' title='bbox 485 2771 517 2829; x_wconf 88' lang='lat' dir='ltr'><strong>et</strong></span> <span class='ocrx_word' id='word_1_199' title='bbox 540 2764 665 2829; x_wconf 89' lang='lat' dir='ltr'><strong>oonsilio</strong></span> <span class='ocrx_word' id='word_1_200' title='bbox 687 2763 973 2830; x_wconf 88' lang='lat' dir='ltr'><strong>benevolentissime</strong></span> <span class='ocrx_word' id='word_1_201' title='bbox 1005 2782 1060 2826; x_wconf 88' lang='lat' dir='ltr'><strong>nos</strong></span> <span class='ocrx_word' id='word_1_202' title='bbox 1092 2765 1187 2828; x_wconf 87' lang='lat' dir='ltr'><strong>tuitus</strong></span> <span class='ocrx_word' id='word_1_203' title='bbox 1217 2762 1429 2828; x_wconf 88' lang='lat' dir='ltr'><strong>liberalissime</strong></span> <span class='ocrx_word' id='word_1_204' title='bbox 1452 2761 1540 2828; x_wconf 90' lang='lat' dir='ltr'><strong>nobis</strong></span> <span class='ocrx_word' id='word_1_205' title='bbox 1563 2761 1716 2826; x_wconf 88' lang='lat' dir='ltr'><strong>concessit</strong></span> 
     </span>
     <span class='ocr_line' id='line_1_24' title="bbox 356 2867 1715 2955; baseline 0 -23"><span class='ocrx_word' id='word_1_206' title='bbox 356 2869 560 2955; x_wconf 86' lang='lat' dir='ltr'><strong>manuscripta</strong></span> <span class='ocrx_word' id='word_1_207' title='bbox 587 2870 726 2955; x_wconf 88' lang='lat' dir='ltr'><strong>Kepleri,</strong></span> <span class='ocrx_word' id='word_1_208' title='bbox 762 2889 839 2955; x_wconf 87' lang='lat' dir='ltr'><strong>quae</strong></span> <span class='ocrx_word' id='word_1_209' title='bbox 871 2869 1068 2943; x_wconf 85' lang='lat' dir='ltr'><strong>Pulcovensis</strong></span> <span class='ocrx_word' id='word_1_210' title='bbox 1099 2870 1285 2936; x_wconf 90' lang='lat' dir='ltr'><strong>bibliotheca</strong></span> <span class='ocrx_word' id='word_1_211' title='bbox 1317 2869 1418 2934; x_wconf 85' lang='lat' dir='ltr'><strong>eximii</strong></span> <span class='ocrx_word' id='word_1_212' title='bbox 1449 2869 1548 2935; x_wconf 89' lang='lat' dir='ltr'><strong>instar</strong></span> <span class='ocrx_word' id='word_1_213' title='bbox 1577 2867 1715 2933; x_wconf 86' lang='lat' dir='ltr'><strong>thesauri</strong></span> 
     </span>
     <span class='ocr_line' id='line_1_25' title="bbox 356 2976 1715 3062; baseline 0 -22"><span class='ocrx_word' id='word_1_214' title='bbox 356 2986 527 3042; x_wconf 86' lang='lat' dir='ltr'><strong>conservat.</strong></span> <span class='ocrx_word' id='word_1_215' title='bbox 567 2978 646 3042; x_wconf 89' lang='lat' dir='ltr'><strong>Huic</strong></span> <span class='ocrx_word' id='word_1_216' title='bbox 668 2978 858 3062; x_wconf 82' lang='lat' dir='ltr'><strong>adjungimus</strong></span> <span class='ocrx_word' id='word_1_217' title='bbox 880 2977 983 3056; x_wconf 88' lang='lat' dir='ltr'><strong>filium,</strong></span> <span class='ocrx_word' id='word_1_218' title='bbox 1009 2977 1064 3042; x_wconf 88' lang='lat' dir='ltr'><strong>tali</strong></span> <span class='ocrx_word' id='word_1_219' title='bbox 1086 2985 1173 3059; x_wconf 91' lang='lat' dir='ltr'><strong>patre</strong></span> <span class='ocrx_word' id='word_1_220' title='bbox 1196 2976 1328 3058; x_wconf 83' lang='lat' dir='ltr'><strong>dignum,</strong></span> <span class='ocrx_word' id='word_1_221' title='bbox 1352 2977 1549 3040; x_wconf 83' lang='lat' dir='ltr'><strong>Pulcovensis</strong></span> <span class='ocrx_word' id='word_1_222' title='bbox 1572 2976 1715 3058; x_wconf 88' lang='lat' dir='ltr'><strong>speculae</strong></span> 
     </span>
     <span class='ocr_line' id='line_1_26' title="bbox 356 3082 1716 3166; baseline -0.001 -19"><span class='ocrx_word' id='word_1_223' title='bbox 356 3091 594 3153; x_wconf 85' lang='lat' dir='ltr'><strong>astronomorum</strong></span> <span class='ocrx_word' id='word_1_224' title='bbox 607 3084 790 3166; x_wconf 87' lang='lat' dir='ltr'><strong>primarium,</strong></span> <span class='ocrx_word' id='word_1_225' title='bbox 807 3083 922 3150; x_wconf 88' lang='lat' dir='ltr'><strong>Otton</strong></span> <span class='ocrx_word' id='word_1_226' title='bbox 931 3104 982 3148; x_wconf 92' lang='lat' dir='ltr'><strong>em</strong></span> <span class='ocrx_word' id='word_1_227' title='bbox 993 3082 1138 3159; x_wconf 86' lang='lat' dir='ltr'><strong>Struve,</strong></span> <span class='ocrx_word' id='word_1_228' title='bbox 1155 3082 1205 3166; x_wconf 91' lang='lat' dir='ltr'><strong>qni</strong></span> <span class='ocrx_word' id='word_1_229' title='bbox 1217 3090 1428 3165; x_wconf 89' lang='lat' dir='ltr'><strong>perscrutatus</strong></span> <span class='ocrx_word' id='word_1_230' title='bbox 1442 3083 1716 3164; x_wconf 88' lang='lat' dir='ltr'><strong>manuscriptomm</strong></span> 
     </span>
     <span class='ocr_line' id='line_1_27' title="bbox 355 3188 1715 3274; baseline -0.001 -21"><span class='ocrx_word' id='word_1_231' title='bbox 355 3190 475 3255; x_wconf 89' lang='lat' dir='ltr'><strong>illorum</strong></span> <span class='ocrx_word' id='word_1_232' title='bbox 496 3191 607 3256; x_wconf 89' lang='lat' dir='ltr'><strong>molem</strong></span> <span class='ocrx_word' id='word_1_233' title='bbox 630 3192 668 3254; x_wconf 93' lang='lat' dir='ltr'><strong>de</strong></span> <span class='ocrx_word' id='word_1_234' title='bbox 690 3190 889 3274; x_wconf 79' lang='lat' dir='ltr'><strong>gravioribus,</strong></span> <span class='ocrx_word' id='word_1_235' title='bbox 913 3189 1076 3273; x_wconf 85' lang='lat' dir='ltr'><strong>quasillis</strong></span> <span class='ocrx_word' id='word_1_236' title='bbox 1098 3188 1218 3265; x_wconf 86' lang='lat' dir='ltr'><strong>insunt,</strong></span> <span class='ocrx_word' id='word_1_237' title='bbox 1243 3208 1299 3253; x_wconf 92' lang='lat' dir='ltr'><strong>nos</strong></span> <span class='ocrx_word' id='word_1_238' title='bbox 1317 3189 1434 3255; x_wconf 91' lang='lat' dir='ltr'><strong>monuit</strong></span> <span class='ocrx_word' id='word_1_239' title='bbox 1456 3189 1641 3271; x_wconf 78' lang='lat' dir='ltr'><strong>digitumque</strong></span> <span class='ocrx_word' id='word_1_240' title='bbox 1663 3188 1715 3251; x_wconf 90' lang='lat' dir='ltr'><strong>in·</strong></span> 
     </span>
     <span class='ocr_line' id='line_1_28' title="bbox 355 3293 1715 3378; baseline -0.001 -18"><span class='ocrx_word' id='word_1_241' title='bbox 355 3297 455 3361; x_wconf 88' lang='lat' dir='ltr'><strong>tendit</strong></span> <span class='ocrx_word' id='word_1_242' title='bbox 477 3297 507 3359; x_wconf 96' lang='lat' dir='ltr'><strong>in</strong></span> <span class='ocrx_word' id='word_1_243' title='bbox 530 3317 577 3375; x_wconf 90' lang='lat' dir='ltr'><strong>ea,</strong></span> <span class='ocrx_word' id='word_1_244' title='bbox 602 3316 677 3378; x_wconf 86' lang='lat' dir='ltr'><strong>quae</strong></span> <span class='ocrx_word' id='word_1_245' title='bbox 701 3315 793 3361; x_wconf 90' lang='lat' dir='ltr'><strong>exre</strong></span> <span class='ocrx_word' id='word_1_246' title='bbox 816 3303 923 3361; x_wconf 89' lang='lat' dir='ltr'><strong>nostra</strong></span> <span class='ocrx_word' id='word_1_247' title='bbox 946 3303 1060 3360; x_wconf 89' lang='lat' dir='ltr'><strong>essent.</strong></span> <span class='ocrx_word' id='word_1_248' title='bbox 1094 3295 1296 3377; x_wconf 81' lang='lat' dir='ltr'><strong>Adjnngimus</strong></span> <span class='ocrx_word' id='word_1_249' title='bbox 1319 3294 1519 3361; x_wconf 91' lang='lat' dir='ltr'><strong>amicissimos</strong></span> <span class='ocrx_word' id='word_1_250' title='bbox 1543 3293 1715 3361; x_wconf 80' lang='lat' dir='ltr'><strong>Christo-</strong></span> 
     </span>
     <span class='ocr_line' id='line_1_29' title="bbox 355 3400 1714 3495; baseline 0 -30"><span class='ocrx_word' id='word_1_251' title='bbox 355 3402 506 3483; x_wconf 89' lang='lat' dir='ltr'><strong>phorum</strong></span> <span class='ocrx_word' id='word_1_252' title='bbox 524 3400 673 3480; x_wconf 85' lang='lat' dir='ltr'><strong>Schaaf,</strong></span> <span class='ocrx_word' id='word_1_253' title='bbox 692 3403 893 3485; x_wconf 87' lang='lat' dir='ltr'><strong>professorem</strong></span> <span class='ocrx_word' id='word_1_254' title='bbox 912 3401 1063 3487; x_wconf 79' lang='lat' dir='ltr'><strong>gymnasii</strong></span> <span class='ocrx_word' id='word_1_255' title='bbox 1081 3401 1290 3483; x_wconf 84' lang='lat' dir='ltr'><strong>Tubingensis,</strong></span> <span class='ocrx_word' id='word_1_256' title='bbox 1310 3411 1343 3495; x_wconf 80' lang='lat' dir='ltr'><strong>et</strong></span> <span class='ocrx_word' id='word_1_257' title='bbox 1359 3403 1561 3468; x_wconf 87' lang='lat' dir='ltr'><strong>Henrioum</strong></span> <span class='ocrx_word' id='word_1_258' title='bbox 1582 3400 1714 3479; x_wconf 78' lang='lat' dir='ltr'><strong>Krata,</strong></span> 
     </span>
     <span class='ocr_line' id='line_1_30' title="bbox 358 3494 1715 3594; baseline 0 -22"><span class='ocrx_word' id='word_1_259' title='bbox 358 3509 561 3589; x_wconf 79' lang='lat' dir='ltr'><strong>professorem</strong></span> <span class='ocrx_word' id='word_1_260' title='bbox 585 3505 743 3594; x_wconf 83' lang='lat' dir='ltr'><strong>Gymnasii</strong></span> <span class='ocrx_word' id='word_1_261' title='bbox 765 3507 1036 3591; x_wconf 80' lang='lat' dir='ltr'><strong>Stuttgartiensis,</strong></span> <span class='ocrx_word' id='word_1_262' title='bbox 1062 3528 1185 3590; x_wconf 90' lang='lat' dir='ltr'><strong>qnomm</strong></span> <span class='ocrx_word' id='word_1_263' title='bbox 1208 3508 1260 3573; x_wconf 91' lang='lat' dir='ltr'><strong>ills</strong></span> <span class='ocrx_word' id='word_1_264' title='bbox 1283 3516 1463 3591; x_wconf 87' lang='lat' dir='ltr'><strong>quaerentes</strong></span> <span class='ocrx_word' id='word_1_265' title='bbox 1485 3494 1541 3575; x_wconf 86' lang='lat' dir='ltr'><strong>nos</strong></span> <span class='ocrx_word' id='word_1_266' title='bbox 1565 3509 1603 3574; x_wconf 93' lang='lat' dir='ltr'><strong>de</strong></span> <span class='ocrx_word' id='word_1_267' title='bbox 1624 3509 1715 3573; x_wconf 90' lang='lat' dir='ltr'><strong>rebus</strong></span> 
     </span>
     <span class='ocr_line' id='line_1_31' title="bbox 358 3614 1715 3700; baseline 0.001 -22"><span class='ocrx_word' id='word_1_268' title='bbox 358 3614 591 3691; x_wconf 89' lang='lat' dir='ltr'><strong>obscurioribus,</strong></span> <span class='ocrx_word' id='word_1_269' title='bbox 614 3614 784 3680; x_wconf 90' lang='lat' dir='ltr'><strong>titubantes</strong></span> <span class='ocrx_word' id='word_1_270' title='bbox 807 3616 930 3697; x_wconf 87' lang='lat' dir='ltr'><strong>saepius</strong></span> <span class='ocrx_word' id='word_1_271' title='bbox 952 3615 984 3680; x_wconf 92' lang='lat' dir='ltr'><strong>in</strong></span> <span class='ocrx_word' id='word_1_272' title='bbox 1002 3633 1140 3680; x_wconf 88' lang='lat' dir='ltr'><strong>sermone</strong></span> <span class='ocrx_word' id='word_1_273' title='bbox 1159 3615 1256 3680; x_wconf 91' lang='lat' dir='ltr'><strong>minus</strong></span> <span class='ocrx_word' id='word_1_274' title='bbox 1274 3615 1398 3691; x_wconf 88' lang='lat' dir='ltr'><strong>usitato,</strong></span> <span class='ocrx_word' id='word_1_275' title='bbox 1421 3616 1573 3700; x_wconf 89' lang='lat' dir='ltr'><strong>exquisita</strong></span> <span class='ocrx_word' id='word_1_276' title='bbox 1594 3615 1715 3697; x_wconf 77' lang='lat' dir='ltr'><strong>linguas</strong></span> 
     </span>
     <span class='ocr_line' id='line_1_32' title="bbox 358 3720 1715 3806; baseline 0.001 -22"><span class='ocrx_word' id='word_1_277' title='bbox 358 3720 489 3785; x_wconf 85' lang='lat' dir='ltr'><strong>Latinas</strong></span> <span class='ocrx_word' id='word_1_278' title='bbox 512 3720 642 3788; x_wconf 86' lang='lat' dir='ltr'><strong>scientia</strong></span> <span class='ocrx_word' id='word_1_279' title='bbox 658 3722 841 3801; x_wconf 86' lang='lat' dir='ltr'><strong>sublevavit,</strong></span> <span class='ocrx_word' id='word_1_280' title='bbox 864 3722 914 3786; x_wconf 92' lang='lat' dir='ltr'><strong>hic</strong></span> <span class='ocrx_word' id='word_1_281' title='bbox 932 3731 1075 3805; x_wconf 90' lang='lat' dir='ltr'><strong>suscepto</strong></span> <span class='ocrx_word' id='word_1_282' title='bbox 1093 3732 1198 3806; x_wconf 85' lang='lat' dir='ltr'><strong>typum</strong></span> <span class='ocrx_word' id='word_1_283' title='bbox 1217 3722 1417 3805; x_wconf 88' lang='lat' dir='ltr'><strong>perspiciendi</strong></span> <span class='ocrx_word' id='word_1_284' title='bbox 1430 3730 1462 3786; x_wconf 85' lang='lat' dir='ltr'><strong>et</strong></span> <span class='ocrx_word' id='word_1_285' title='bbox 1481 3721 1715 3805; x_wconf 83' lang='lat' dir='ltr'><strong>recognoscendi</strong></span> 
     </span>
     <span class='ocr_line' id='line_1_33' title="bbox 357 3828 1832 3915; baseline 0.001 -22"><span class='ocrx_word' id='word_1_286' title='bbox 357 3846 448 3893; x_wconf 89' lang='lat' dir='ltr'><strong>onere</strong></span> <span class='ocrx_word' id='word_1_287' title='bbox 470 3828 628 3910; x_wconf 89' lang='lat' dir='ltr'><strong>plurimum</strong></span> <span class='ocrx_word' id='word_1_288' title='bbox 650 3828 790 3894; x_wconf 90' lang='lat' dir='ltr'><strong>insumsit</strong></span> <span class='ocrx_word' id='word_1_289' title='bbox 812 3847 937 3913; x_wconf 87' lang='lat' dir='ltr'><strong>operae,</strong></span> <span class='ocrx_word' id='word_1_290' title='bbox 961 3835 996 3893; x_wconf 90' lang='lat' dir='ltr'><strong>nt</strong></span> <span class='ocrx_word' id='word_1_291' title='bbox 1017 3837 1124 3915; x_wconf 84' lang='lat' dir='ltr'><strong>typus,</strong></span> <span class='ocrx_word' id='word_1_292' title='bbox 1149 3837 1294 3912; x_wconf 88' lang='lat' dir='ltr'><strong>quantum</strong></span> <span class='ocrx_word' id='word_1_293' title='bbox 1314 3829 1377 3895; x_wconf 87' lang='lat' dir='ltr'><strong>tisri</strong></span> <span class='ocrx_word' id='word_1_294' title='bbox 1395 3835 1511 3912; x_wconf 88' lang='lat' dir='ltr'><strong>posset,</strong></span> <span class='ocrx_word' id='word_1_295' title='bbox 1534 3846 1715 3913; x_wconf 87' lang='lat' dir='ltr'><strong>puruspro-</strong></span> <span class='ocrx_word' id='word_1_296' title='bbox 1828 3902 1832 3908; x_wconf 11' lang='grc' dir='ltr'><strong><em>Δ</em></strong></span> 
     </span>
     <span class='ocr_line' id='line_1_34' title="bbox 357 3917 1710 4027; baseline -0.001 -28"><span class='ocrx_word' id='word_1_297' title='bbox 357 3935 438 4000; x_wconf 86' lang='lat' dir='ltr'><strong>diret</strong></span> <span class='ocrx_word' id='word_1_298' title='bbox 455 3941 489 3998; x_wconf 87' lang='lat' dir='ltr'><strong>et</strong></span> <span class='ocrx_word' id='word_1_299' title='bbox 504 3935 685 4018; x_wconf 80' lang='lat' dir='ltr'><strong>castigatus.</strong></span> <span class='ocrx_word' id='word_1_300' title='bbox 904 3942 909 3951; x_wconf 89' lang='lat'>&#39;</span> <span class='ocrx_word' id='word_1_301' title='bbox 1052 4018 1054 4027; x_wconf 62' lang='lat'><strong>.</strong></span> <span class='ocrx_word' id='word_1_302' title='bbox 1705 3917 1710 3931; x_wconf 26' lang='grc' dir='ltr'>ἱ</span> 
     </span>
    </p>

    <p class='ocr_par' dir='ltr' id='par_1_8' title="bbox 322 4039 1716 4232">
     <span class='ocr_line' id='line_1_35' title="bbox 322 4039 1716 4126; baseline 0 -20"><span class='ocrx_word' id='word_1_303' title='bbox 322 4064 328 4069; x_wconf 92' lang='grc'><em>·</em></span> <span class='ocrx_word' id='word_1_304' title='bbox 444 4040 608 4107; x_wconf 85' lang='lat' dir='ltr'><strong>Rationem</strong></span> <span class='ocrx_word' id='word_1_305' title='bbox 638 4039 671 4106; x_wconf 93' lang='lat' dir='ltr'><strong>in</strong></span> <span class='ocrx_word' id='word_1_306' title='bbox 701 4040 879 4123; x_wconf 80' lang='lat' dir='ltr'><strong>colligendis</strong></span> <span class='ocrx_word' id='word_1_307' title='bbox 900 4040 1027 4126; x_wconf 90' lang='lat' dir='ltr'><strong>Kepleri</strong></span> <span class='ocrx_word' id='word_1_308' title='bbox 1058 4041 1199 4126; x_wconf 90' lang='lat' dir='ltr'><strong>operibus</strong></span> <span class='ocrx_word' id='word_1_309' title='bbox 1230 4041 1410 4108; x_wconf 89' lang='lat' dir='ltr'><strong>retinuimus</strong></span> <span class='ocrx_word' id='word_1_310' title='bbox 1440 4040 1541 4120; x_wconf 87' lang='lat' dir='ltr'><strong>illam,</strong></span> <span class='ocrx_word' id='word_1_311' title='bbox 1571 4059 1662 4125; x_wconf 87' lang='lat' dir='ltr'><strong>quam</strong></span> <span class='ocrx_word' id='word_1_312' title='bbox 1684 4040 1716 4106; x_wconf 92' lang='lat' dir='ltr'><strong>in</strong></span> 
     </span>
     <span class='ocr_line' id='line_1_36' title="bbox 356 4147 774 4232; baseline 0 -20"><span class='ocrx_word' id='word_1_313' title='bbox 356 4150 523 4231; x_wconf 90' lang='lat' dir='ltr'><strong>Prospectu</strong></span> <span class='ocrx_word' id='word_1_314' title='bbox 545 4147 774 4232; x_wconf 82' lang='lat' dir='ltr'><strong>proposuimnsr</strong></span> 
     </span>
    </p>

    <p class='ocr_par' dir='ltr' id='par_1_9' title="bbox 356 4251 1717 4764">
     <span class='ocr_line' id='line_1_37' title="bbox 445 4251 1713 4339; baseline -0.002 -19"><span class='ocrx_word' id='word_1_315' title='bbox 445 4251 628 4338; x_wconf 77' lang='lat' dir='ltr'><strong>Oolliqends</strong></span> <span class='ocrx_word' id='word_1_316' title='bbox 648 4254 810 4318; x_wconf 86' lang='lat' dir='ltr'><strong>statuimus</strong></span> <span class='ocrx_word' id='word_1_317' title='bbox 833 4254 962 4333; x_wconf 86' lang='lat' dir='ltr'><strong>omnia,</strong></span> <span class='ocrx_word' id='word_1_318' title='bbox 987 4273 1064 4338; x_wconf 91' lang='lat' dir='ltr'><strong>quas</strong></span> <span class='ocrx_word' id='word_1_319' title='bbox 1087 4254 1183 4318; x_wconf 89' lang='lat' dir='ltr'><strong>edidit</strong></span> <span class='ocrx_word' id='word_1_320' title='bbox 1195 4253 1357 4337; x_wconf 87' lang='lat' dir='ltr'><strong>Keplems,</strong></span> <span class='ocrx_word' id='word_1_321' title='bbox 1380 4273 1483 4338; x_wconf 89' lang='lat' dir='ltr'><strong>opera,</strong></span> <span class='ocrx_word' id='word_1_322' title='bbox 1506 4254 1643 4339; x_wconf 85' lang='lat' dir='ltr'><strong>exceptis</strong></span> <span class='ocrx_word' id='word_1_323' title='bbox 1664 4254 1713 4333; x_wconf 88' lang='lat' dir='ltr'><strong>iis,</strong></span> 
     </span>
     <span class='ocr_line' id='line_1_38' title="bbox 356 4360 1716 4444; baseline -0.001 -17"><span class='ocrx_word' id='word_1_324' title='bbox 356 4380 433 4444; x_wconf 88' lang='lat' dir='ltr'><strong>quas</strong></span> <span class='ocrx_word' id='word_1_325' title='bbox 456 4361 530 4426; x_wconf 93' lang='lat' dir='ltr'><strong>nihil</strong></span> <span class='ocrx_word' id='word_1_326' title='bbox 552 4360 612 4427; x_wconf 89' lang='lat' dir='ltr'><strong>nisi</strong></span> <span class='ocrx_word' id='word_1_327' title='bbox 634 4361 757 4426; x_wconf 89' lang='lat' dir='ltr'><strong>tabulas</strong></span> <span class='ocrx_word' id='word_1_328' title='bbox 779 4362 924 4427; x_wconf 88' lang='lat' dir='ltr'><strong>referunt.</strong></span> <span class='ocrx_word' id='word_1_329' title='bbox 956 4362 1117 4426; x_wconf 84' lang='lat' dir='ltr'><strong>Accedunt</strong></span> <span class='ocrx_word' id='word_1_330' title='bbox 1138 4360 1253 4444; x_wconf 89' lang='lat' dir='ltr'><strong>aliquot</strong></span> <span class='ocrx_word' id='word_1_331' title='bbox 1275 4362 1429 4428; x_wconf 89' lang='lat' dir='ltr'><strong>breviores</strong></span> <span class='ocrx_word' id='word_1_332' title='bbox 1447 4361 1554 4439; x_wconf 91' lang='lat' dir='ltr'><strong>libelli,</strong></span> <span class='ocrx_word' id='word_1_333' title='bbox 1577 4362 1716 4426; x_wconf 89' lang='lat' dir='ltr'><strong>adhunc</strong></span> 
     </span>
     <span class='ocr_line' id='line_1_39' title="bbox 357 4467 1715 4552; baseline 0.001 -21"><span class='ocrx_word' id='word_1_334' title='bbox 357 4485 451 4550; x_wconf 89' lang='lat' dir='ltr'><strong>usque</strong></span> <span class='ocrx_word' id='word_1_335' title='bbox 484 4468 564 4532; x_wconf 91' lang='lat' dir='ltr'><strong>disrn</strong></span> <span class='ocrx_word' id='word_1_336' title='bbox 595 4467 726 4533; x_wconf 90' lang='lat' dir='ltr'><strong>nondum</strong></span> <span class='ocrx_word' id='word_1_337' title='bbox 757 4467 839 4552; x_wconf 86' lang='lat' dir='ltr'><strong>typis</strong></span> <span class='ocrx_word' id='word_1_338' title='bbox 871 4468 1027 4552; x_wconf 85' lang='lat' dir='ltr'><strong>expressi,</strong></span> <span class='ocrx_word' id='word_1_339' title='bbox 1064 4476 1098 4531; x_wconf 89' lang='lat' dir='ltr'><strong>et</strong></span> <span class='ocrx_word' id='word_1_340' title='bbox 1128 4467 1291 4551; x_wconf 90' lang='lat' dir='ltr'><strong>epistolae,</strong></span> <span class='ocrx_word' id='word_1_341' title='bbox 1330 4477 1366 4533; x_wconf 88' lang='lat' dir='ltr'><strong>ut</strong></span> <span class='ocrx_word' id='word_1_342' title='bbox 1401 4469 1543 4534; x_wconf 78' lang='lat' dir='ltr'><strong>universa</strong></span> <span class='ocrx_word' id='word_1_343' title='bbox 1574 4468 1715 4534; x_wconf 88' lang='lat' dir='ltr'><strong>collectio</strong></span> 
     </span>
     <span class='ocr_line' id='line_1_40' title="bbox 357 4556 1717 4659; baseline -0.001 -20"><span class='ocrx_word' id='word_1_344' title='bbox 357 4582 426 4639; x_wconf 87' lang='lat' dir='ltr'><strong>octo</strong></span> <span class='ocrx_word' id='word_1_345' title='bbox 449 4573 542 4640; x_wconf 87' lang='lat' dir='ltr'><strong>ferme</strong></span> <span class='ocrx_word' id='word_1_346' title='bbox 570 4574 722 4640; x_wconf 83' lang='lat' dir='ltr'><strong>solumina</strong></span> <span class='ocrx_word' id='word_1_347' title='bbox 750 4556 793 4639; x_wconf 88' lang='lat' dir='ltr'><strong>sit</strong></span> <span class='ocrx_word' id='word_1_348' title='bbox 815 4577 1019 4657; x_wconf 86' lang='lat' dir='ltr'><strong>complexura.</strong></span> <span class='ocrx_word' id='word_1_349' title='bbox 1063 4574 1272 4657; x_wconf 86' lang='lat' dir='ltr'><strong>Epistolarum</strong></span> <span class='ocrx_word' id='word_1_350' title='bbox 1294 4574 1375 4640; x_wconf 89' lang='lat' dir='ltr'><strong>alise</strong></span> <span class='ocrx_word' id='word_1_351' title='bbox 1397 4582 1559 4659; x_wconf 87' lang='lat' dir='ltr'><strong>excerptae</strong></span> <span class='ocrx_word' id='word_1_352' title='bbox 1582 4582 1717 4639; x_wconf 73' lang='lat' dir='ltr'><strong>suntor</strong></span> 
     </span>
     <span class='ocr_line' id='line_1_41' title="bbox 358 4680 1714 4764; baseline -0.003 -17"><span class='ocrx_word' id='word_1_353' title='bbox 358 4690 431 4747; x_wconf 90' lang='lat' dir='ltr'><strong>nota</strong></span> <span class='ocrx_word' id='word_1_354' title='bbox 453 4682 600 4747; x_wconf 87' lang='lat' dir='ltr'><strong>Hanschii</strong></span> <span class='ocrx_word' id='word_1_355' title='bbox 632 4682 829 4760; x_wconf 85' lang='lat' dir='ltr'><strong>collectione,</strong></span> <span class='ocrx_word' id='word_1_356' title='bbox 863 4682 942 4747; x_wconf 92' lang='lat' dir='ltr'><strong>aliae</strong></span> <span class='ocrx_word' id='word_1_357' title='bbox 975 4703 994 4745; x_wconf 89' lang='lat' dir='ltr'><strong>a</strong></span> <span class='ocrx_word' id='word_1_358' title='bbox 1020 4681 1212 4748; x_wconf 88' lang='lat' dir='ltr'><strong>bibliothecis</strong></span> <span class='ocrx_word' id='word_1_359' title='bbox 1240 4681 1493 4764; x_wconf 81' lang='lat' dir='ltr'><strong>Stuttgartiensi,</strong></span> <span class='ocrx_word' id='word_1_360' title='bbox 1526 4680 1714 4757; x_wconf 83' lang='lat' dir='ltr'><strong>Monacensi,</strong></span> 
     </span>
    </p>
   </div>
   <div class='ocr_carea' id='block_1_5' title="bbox 356 4778 1717 4981">
    <p class='ocr_par' dir='ltr' id='par_1_10' title="bbox 356 4778 1717 4981">
     <span class='ocr_line' id='line_1_42' title="bbox 357 4778 1717 4874; baseline 0.001 -23"><span class='ocrx_word' id='word_1_361' title='bbox 357 4788 526 4855; x_wconf 86' lang='lat' dir='ltr'><strong>Viennensi</strong></span> <span class='ocrx_word' id='word_1_362' title='bbox 548 4789 676 4874; x_wconf 80' lang='lat' dir='ltr'><strong>aliisque</strong></span> <span class='ocrx_word' id='word_1_363' title='bbox 698 4778 817 4854; x_wconf 77' lang='lat' dir='ltr'><strong>summa</strong></span> <span class='ocrx_word' id='word_1_364' title='bbox 838 4789 1024 4854; x_wconf 88' lang='lat' dir='ltr'><strong>liberalitate</strong></span> <span class='ocrx_word' id='word_1_365' title='bbox 1048 4789 1157 4853; x_wconf 91' lang='lat' dir='ltr'><strong>editori</strong></span> <span class='ocrx_word' id='word_1_366' title='bbox 1179 4789 1322 4867; x_wconf 87' lang='lat' dir='ltr'><strong>traditae,</strong></span> <span class='ocrx_word' id='word_1_367' title='bbox 1338 4780 1442 4866; x_wconf 79' lang='lat' dir='ltr'><strong>¹aliae,</strong></span> <span class='ocrx_word' id='word_1_368' title='bbox 1467 4808 1562 4871; x_wconf 89' lang='lat' dir='ltr'><strong>aeque</strong></span> <span class='ocrx_word' id='word_1_369' title='bbox 1584 4808 1621 4852; x_wconf 90' lang='lat' dir='ltr'><strong>ac</strong></span> <span class='ocrx_word' id='word_1_370' title='bbox 1643 4788 1717 4853; x_wconf 89' lang='lat' dir='ltr'><strong>bre·</strong></span> 
     </span>
     <span class='ocr_line' id='line_1_43' title="bbox 356 4895 1715 4981; baseline 0.004 -23"><span class='ocrx_word' id='word_1_371' title='bbox 356 4895 467 4969; x_wconf 82' lang='lat' dir='ltr'><strong>viores,</strong></span> <span class='ocrx_word' id='word_1_372' title='bbox 490 4914 564 4978; x_wconf 93' lang='lat' dir='ltr'><strong>quos</strong></span> <span class='ocrx_word' id='word_1_373' title='bbox 583 4895 722 4972; x_wconf 87' lang='lat' dir='ltr'><strong>diximus,</strong></span> <span class='ocrx_word' id='word_1_374' title='bbox 745 4896 850 4974; x_wconf 90' lang='lat' dir='ltr'><strong>libelli,</strong></span> <span class='ocrx_word' id='word_1_375' title='bbox 874 4897 1048 4978; x_wconf 88' lang='lat' dir='ltr'><strong>depromtas</strong></span> <span class='ocrx_word' id='word_1_376' title='bbox 1067 4914 1105 4959; x_wconf 91' lang='lat' dir='ltr'><strong>ex</strong></span> <span class='ocrx_word' id='word_1_377' title='bbox 1128 4896 1242 4977; x_wconf 86' lang='lat' dir='ltr'><strong>majore</strong></span> <span class='ocrx_word' id='word_1_378' title='bbox 1264 4895 1329 4972; x_wconf 91' lang='lat' dir='ltr'><strong>illa,</strong></span> <span class='ocrx_word' id='word_1_379' title='bbox 1353 4914 1443 4979; x_wconf 87' lang='lat' dir='ltr'><strong>quam</strong></span> <span class='ocrx_word' id='word_1_380' title='bbox 1460 4896 1600 4976; x_wconf 86' lang='lat' dir='ltr'><strong>diximus,</strong></span> <span class='ocrx_word' id='word_1_381' title='bbox 1619 4895 1715 4981; x_wconf 83' lang='lat' dir='ltr'><strong>libro-</strong></span> 
     </span>
    </p>
   </div>
   <div class='ocr_carea' id='block_1_6' title="bbox 0 0 1898 5808">
    <p class='ocr_par' dir='ltr' id='par_1_11' title="bbox 0 0 1898 5808">
     <span class='ocr_line' id='line_1_44' title="bbox 0 0 1898 5808; baseline 0 0"><span class='ocrx_word' id='word_1_382' title='bbox 0 0 1898 5808; x_wconf 95' lang='lat' dir='ltr'><strong> </strong></span> 
     </span>
    </p>
   </div>
  </div>
 </body>
</html>
