3814 5818
702 288 1012 388 commeare
1468 321 1534 392 eoo

172 489 258 558 rant,
292 499 353 562 qna
373 481 406 543 ri
428 479 556 543 intentis
578 479 701 560 genesis
728 479 833 560 genesi
862 480 999 560 parentis
1028 482 1064 545 iit
1090 480 1210 558 similis,
1244 499 1304 562 qna
1335 482 1365 545 vi
1392 492 1536 562 aspectus

171 573 366 653 planetarum
387 568 552 632 seeundum
575 569 701 649 liguram
725 569 990 631 demonstrabilem
1014 571 1053 633 ab
1075 571 1182 634 animis
1201 579 1233 634 et
1252 571 1356 633 formis
1380 572 1533 647 sentitur).

172 664 220 724 At
243 659 323 740 q'nod
350 676 409 721 non
443 657 625 738 ingreditur,
658 677 717 719 non
740 666 859 732 movet3
897 676 988 739 qnare
1012 678 1068 722 neo
1095 661 1326 740 complanatae
1350 656 1533 740 51⁸l,⁰di-

173 756 269 824 etant,
293 747 460 810 movebunt
481 755 636 820 naturam3
660 761 719 808 non
743 747 822 808 enim
845 754 894 809 est
915 748 1091 811 hannooica
1114 749 1277 823 distantia,
1302 767 1369 810 cum
1391 766 1533 829 praeser-

173 840 229 902 tim
251 836 464 917 septangnlum
487 854 543 897 nec
566 835 704 917 regulare
727 854 836 915 corpur
859 836 1038 913 conformat,
1063 837 1299 917 uecplauitiem
1324 856 1367 901 sc.
1382 832 1531 918 nuspiam,

174 945 269 1009 qnare
292 944 347 988 nec
370 925 401 986 in
423 924 518 988 radiis
541 925 741 1005 planetarum,
766 943 825 987 nee
843 925 873 986 in
897 926 990 989 souis.
1036 927 1120 989 Haeo
1143 926 1235 1008 igitur
1257 926 1334 989 bene
1347 926 1438 989 velim
1456 946 1532 990 con-

173 1017 301 1079 sideres.
346 1013 415 1093 Ego
439 1022 582 1094 aepectns
605 1014 660 1076 bos
683 1022 756 1093 puto
779 1033 827 1076 me
850 1014 954 1076 videre
978 1015 1098 1078 fortiter
1121 1022 1258 1096 agentes,
1281 1015 1336 1077 sed
1359 1015 1533 1080 vis'eorum

174 1103 369 1167 aestimanda
390 1111 440 1164 est
462 1122 501 1165 ex
523 1102 640 1165 ratione
665 1102 945 1165 demonstrationis:
977 1104 1058 1166 latus
1081 1122 1195 1166 sexan
1202 1103 1279 1184 guli
1301 1104 1399 1185 ipsum
1421 1123 1476 1184 per
1499 1125 1533 1168 se

175 1202 225 1255 est
246 1189 345 1272 ξιμον,
368 1209 439 1253 nam
462 1192 589 1272 aequale
613 1201 661 1253 est
683 1192 925 1268 semidiametr03
950 1192 1127 1272 quadrati
1151 1192 1256 1255 lateris
1281 1193 1461 1274 quadratum
1483 1201 1533 1257 est

175 1280 275 1361 ῥητω,
299 1300 370 1343 nam
393 1280 548 1342 dimidium
571 1288 620 1342 est
643 1280 783 1361 quadrati
806 1280 945 1342 diametri
953 1300 963 1356 3
985 1280 1127 1361 trigoni
1150 1281 1255 1343 lateris
1279 1281 1460 1362 quadratum
1483 1290 1535 1345 est

177 1372 215 1433 ad
240 1370 419 1452 quadratum
443 1369 583 1432 diametri
606 1378 640 1431 nt
663 1367 683 1432 3
708 1370 747 1431 ad
769 1365 807 1444 43
839 1371 1049 1447 conjunctio
1074 1378 1124 1432 est
1146 1371 1176 1432 in
1200 1370 1392 1450 geometricis
1415 1372 1534 1451 integer

176 1459 306 1522 circulus
329 1476 382 1520 seu
405 1467 559 1539 puuctum,
583 1477 636 1521 seu
659 1458 783 1520 nullitas
807 1459 909 1539 auguli
932 1460 1092 1533 radiorum,
1118 1460 1147 1521 b.
1172 1479 1199 1520 e.
1224 1459 1441 1533 coincidentia;
1467 1478 1532 1540 op-

176 1548 316 1628 positio
339 1547 406 1628 ipsa
429 1548 576 1609 diameter
599 1554 664 1622 est,
697 1566 781 1608 mera
813 1547 958 1609 identitas
989 1566 1043 1609 seu
1072 1569 1258 1624 μωοφωνιας
1295 1548 1470 1627 quintilis
1500 1554 1534 1610 et

177 1636 397 1718 biquintilis
420 1637 569 1715 quadrata
588 1636 695 1716 juncta
717 1644 789 1697 sunt
811 1637 850 1697 ad
873 1636 1053 1717 quadratum
1077 1637 1215 1700 diametri
1238 1644 1273 1698 ut
1295 1633 1316 1699 5
1341 1636 1380 1697 ad
1403 1632 1435 1700 4.
1473 1636 1532 1699 Di·

177 1727 245 1787 visa
267 1743 325 1785 non
349 1725 387 1786 ad
411 1724 548 1800 invicem,
573 1744 627 1787 nec
650 1725 689 1787 ad
712 1725 893 1806 quadratum
916 1724 1065 1801 diametri,
1090 1734 1123 1788 ut
1142 1744 1280 1788 numerus
1304 1725 1531 1799 adnumerum,

140 1892 149 1903 ,
177 1815 234 1876 hoo
262 1813 377 1893 ‘itaque
414 1813 532 1875 nemine
564 1822 634 1877 snut
669 1814 737 1876 loco
767 1813 946 1892 posteriore.
997 1814 1076 1876 Vide
1113 1814 1286 1877 methodum
1317 1813 1533 1896 polygonemm

177 1901 338 1977 (Adriani)
361 1901 501 1965 Romani.
546 1904 612 1965 Nec
636 1902 714 1965 enim
736 1902 833 1982 prima
860 1921 915 1964 uec
938 1902 1087 1979 secunda,
1121 1904 1176 1966 sed
1198 1902 1291 1964 tertia
1313 1903 1430 1964 demum
1453 1920 1531 1982 qna·

177 1994 269 2054 drata
291 1990 321 2052 in
345 1992 476 2053 numeris
498 1998 673 2073 aequantur.
719 1990 863 2053 Potentia
890 1991 1156 2073 quinquaugnlaris
1185 1992 1290 2054 lateris
1321 1990 1458 2071 aequalis
1484 1997 1534 2052 est

175 2079 334 2162 potentiae
375 2080 589 2142 semidiametri
633 2089 665 2142 et
700 2081 856 2160 potentiae
899 2080 1005 2141 lateris
1043 2080 1275 2161 decangnlaris,
1326 2078 1404 2160 qnod
1440 2078 1533 2141 babel

178 2188 265 2232 snam
297 2168 578 2231 determinationem
611 2169 641 2231 in
665 2169 761 2249 gradu
784 2176 909 2231 remoto.
957 2168 1034 2230 Illud
1064 2171 1241 2252 quadratum
1267 2166 1308 2230 sit
1335 2167 1416 2243 AB,
1450 2167 1534 2248 cujus

172 2261 240 2340 jam
262 2258 343 2319 latus
365 2255 428 2320 ΑΟ
451 2259 555 2338 nequit
578 2257 702 2337 exprimi
726 2276 857 2321 numero.
901 2256 948 2318 Ab
972 2257 1029 2319 hoc

177 2347 335 2430 quadrato,
361 2346 445 2425 cujus
469 2347 606 2427 cognitus
629 2354 679 2408 est
701 2364 855 2421 numerus,
887 2345 1029 2408 eximitur
1071 2405 1076 2428 ι

178 2436 356 2518 quadratum
390 2435 485 2511 alind,
521 2434 601 2516 quod
627 2435 724 2514 ipsum
757 2453 825 2497 cum
854 2453 908 2497 suo
931 2434 1028 2496 latere

177 2533 280 2606 potest
303 2523 429 2604 exprimi
444 2543 576 2596 numero,
600 2524 674 2586 AD.
713 2522 844 2586 Secatur
857 2521 949 2603 igitur
962 2520 1027 2586 AC

178 2615 208 2676 iu
231 2612 259 2675 Ε
282 2613 401 2674 ratione
423 2613 561 2692 cognita3
594 2632 650 2673 uec
682 2620 784 2673 tamen
817 2630 939 2673 numero
971 2629 1028 2671 ex-

178 2702 264 2782 primi
287 2708 390 2782 potest
404 2700 473 2776 ΕΟ,
494 2720 561 2764 cum
584 2697 672 2779 ῥητον
685 2699 748 2762 ΑΕ
772 2701 810 2761 ab
833 2696 952 2780 ἀρρῃτῳ
967 2696 1029 2761 ΑΟ

178 2792 312 2855 ablatum
326 2789 477 2871 relinquat
499 2787 628 2871 ἀρῥητον
641 2787 711 2852 ΕΟ.
747 2787 789 2849 Ει
803 2788 873 2867 quia
891 2785 960 2862 ΕΟ,
978 2786 1030 2867 ἆῤ-

178 2877 284 2961 parea,
317 2879 346 2939 iu
369 2898 403 2940 aa
426 2878 669 2958 ipsumdnctum
689 2877 763 2940 lacit
781 2876 864 2950 DB,
891 2876 983 2956 igitur
997 2883 1030 2937 et

104 3034 111 3041 ,
178 2969 243 3031 DB
266 2963 404 3048 oip’dqror.
450 2967 499 3029 Ex
527 2986 584 3049 qno
613 2975 644 3028 et
672 2967 732 3028 alio
760 2960 838 3044 ρητῳ
869 2965 1027 3046 quadrato,
1063 2966 1083 3022 J

178 3079 207 3120 n.
234 3057 462 3129 semidiametri,
495 3056 683 3135 componitur
712 3054 889 3134 quadratum
922 3053 1029 3115 lateris

179 3144 402 3226 quinquanguli.
448 3147 514 3207 Hoc
541 3145 721 3225 quadratum
753 3161 813 3205 non
842 3151 891 3205 est
917 3160 972 3223 per
996 3161 1028 3203 ee

180 3232 381 3313 comparabile
406 3234 445 3295 ad
469 3234 657 3304 diametrum,
682 3233 735 3296 sed
758 3252 813 3313 per
834 3232 1027 3294 ablationem.
1063 3248 1087 3301 ιι

179 3322 259 3386 Nam
273 3322 330 3385 AB
344 3322 411 3402 plus
434 3323 528 3384 habet
542 3342 630 3403 quem
645 3321 704 3384 AD
728 3330 759 3383 et
773 3322 839 3396 DB,
856 3340 962 3402 nempe
981 3322 1040 3383 Pl)
1055 3328 1086 3383 et
1106 3318 1172 3397 ΒΟ,
1201 3327 1233 3383 et
1248 3329 1297 3383 est
1312 3316 1532 3400 comparabile;

178 3411 245 3473 AD
268 3411 372 3473 itidem
395 3421 444 3474 est
466 3412 680 3491 comparabile.
727 3411 763 3473 ld
787 3412 938 3485 aufertur3
962 3411 1051 3473 simul
1077 3418 1177 3474 antem
1201 3411 1313 3472 cadunt
1331 3408 1393 3472 FD
1417 3404 1534 3483 eruc,

177 3500 436 3580 incomparabilia,
461 3501 593 3562 retinent
615 3510 717 3561 tamen
741 3518 825 3560 suam
850 3499 1131 3573 determinationem
1156 3499 1194 3561 ab
1209 3499 1281 3574 AB,
1305 3498 1382 3575 AD,
1408 3516 1534 3579 eompa-

177 3590 335 3662 rabilibue,
359 3597 393 3651 ut
416 3589 602 3669 relinquatur
623 3588 685 3649 DB
709 3589 880 3667 quaesitum
904 3588 1149 3667 incomparabile.

266 3676 326 3740 Est
352 3677 444 3758 igitur
473 3679 549 3740 haec
576 3694 693 3758 quoqne
720 3675 866 3738 mirabilis
895 3675 1097 3756 quantitatum
1129 3682 1257 3746 natura,
1290 3670 1421 3736 sortieris
1449 3691 1535 3734 suam

179 3766 461 3831 determinationem
485 3767 523 3829 ab
546 3766 710 3828 ablatione.
757 3763 918 3840 Quamvis,
948 3772 982 3825 nt
1004 3765 1060 3825 hoc
1084 3763 1208 3836 addam,
1237 3768 1305 3821 tota
1326 3760 1403 3823 baec
1427 3778 1534 3822 essen-

178 3858 241 3920 tiae
265 3856 343 3918 ratic
367 3864 425 3917 est.
472 3854 572 3917 Aliter
598 3855 701 3936 itaque
730 3853 900 3916 subsistunt
932 3851 1145 3925 (subsistentia
1173 3842 1410 3935 quantitative),
1445 3848 1536 3910 aliter

178 3952 406 4025 comparantem
444 3944 499 4006 hoo
528 3944 589 4006 illis
613 3943 725 4006 accidit
748 3965 767 4005 a
789 3948 900 4004 ruente.
948 3939 1010 4001 Sed
1034 3940 1072 4001 ad
1096 3957 1168 4000 reru.
1214 3937 1280 3999 Hoc
1303 3938 1406 4018 itaque
1429 3955 1535 4017 genus,

178 4042 212 4098 nt
235 4033 448 4117 quinquangnli
465 4034 555 4108 latus,
581 4032 723 4095 consistit
749 4032 778 4094 in
808 4037 925 4094 remota
948 4028 1172 4109 comparatione
1197 4034 1228 4088 et
1251 4026 1394 4088 abhorret
1418 4047 1437 4089 a
1459 4025 1533 4088 reli-

178 4126 253 4206 quie.
302 4124 368 4184 Hoc
391 4141 438 4183 me
461 4122 550 4184 valde
574 4122 718 4184 turbavit.
765 4120 937 4182 Videbatur
956 4117 1034 4179 enim
1057 4118 1113 4180 hoo
1136 4124 1227 4197 pacto
1251 4115 1324 4179 nihil
1348 4115 1452 4178 valera
1477 4114 1534 4176 de·

177 4215 265 4289 bere,
296 4230 364 4276 cum
387 4229 445 4273 nou
470 4231 503 4273 se
526 4211 593 4292 ipso
616 4210 805 4291 intelligatur
827 4217 860 4271 et
881 4214 1082 4288 comparetur.
1129 4206 1237 4268 Erexit
1259 4225 1306 4266 me
1335 4211 1437 4267 tamen
1461 4222 1534 4266 run·

177 4303 266 4367 sica.
314 4300 390 4365 Cum
413 4300 492 4361 enim
517 4300 609 4361 tertia
630 4299 729 4361 mollis
753 4300 795 4362 sit
817 4319 837 4360 a
859 4296 1034 4376 sexangulo,
1059 4295 1152 4358 tertia
1172 4295 1247 4356 dura
1270 4293 1534 4375 aqniuquangnlo‚

177 4400 259 4454 certe
279 4389 440 4471 jucundior
463 4388 671 4470 (quantumvis
694 4389 785 4461 dura)
810 4394 858 4449 est
881 4386 974 4449 tertia
997 4387 1089 4461 dura,
1120 4383 1220 4446 mollis
1242 4402 1348 4462 parum
1373 4382 1478 4458 abest,
1501 4388 1537 4444 ut

177 4500 235 4543 neu
260 4486 413 4543 consonet.
462 4476 606 4558 Oportnit
619 4476 711 4557 igitur
724 4477 804 4538 ratio
828 4498 846 4538 a
866 4496 912 4539 me
931 4473 1118 4555 excogitari*
1133 4492 1191 4554 qna
1213 4471 1307 4533 etiam
1329 4472 1442 4534 multae
1456 4470 1535 4533 aliae

175 4571 289 4649 figurae
321 4567 536 4653 consonantias
561 4567 696 4628 facturae
719 4566 862 4640 luissent,
896 4584 963 4627 curu
991 4563 1080 4625 valde
1108 4557 1235 4642 ἅρρῃοι
1264 4560 1342 4637 aint,
1375 4559 1432 4622 nisi
1467 4558 1536 4621 aliis

176 4659 277 4721 causis
304 4656 532 4736 impedirentur.
580 4657 630 4716 Ite
659 4654 745 4715 vides
777 4654 807 4715 in
839 4653 988 4734 prioribus
1021 4651 1134 4725 literis,
1167 4649 1294 4730 relinqui
1327 4649 1534 4728 decaogulum,

182 4742 252 4830 'lm
278 4764 369 4808 unam
392 4752 529 4807 octavam
554 4744 625 4816 ira,
652 4743 835 4821 multasque,
868 4743 928 4804 imo
952 4741 1084 4803 infinitas
1108 4740 1195 4803 alias.
1244 4736 1346 4801 Gaura
1368 4755 1458 4809 vero,
1484 4752 1536 4796 cur

174 4837 203 4898 io
233 4835 400 4915 sexangulo
429 4835 619 4915 praepolleat
648 4830 740 4894 tertia
769 4830 844 4891 dura
871 4831 968 4905 molli,
1001 4837 1051 4892 est
1081 4828 1186 4892 itidem
1214 4846 1252 4890 ox
1279 4822 1534 4888 demonstratione
