3872 5836
692 381 994 450 ommes*
1453 379 1519 446 aar

161 539 340 621 hagiam
362 560 388 611 ,a
409 541 541 609 sensam
560 542 720 618 ahmane,
753 552 787 606 et
810 544 929 625 quidam
958 545 1074 608 solatur
1096 564 1143 607 me
1171 552 1228 609 tue
1251 545 1331 607 eorm
1353 543 1526 606 ¹exhortatio

164 631 205 693 sd
228 628 408 697 eliciendum
425 631 571 695 sonoris
593 632 709 711 ignem,
735 642 768 695 nt
790 633 864 696 milri
887 635 1099 715 persuadeam,
1128 654 1187 697 oon
1210 643 1242 696 te
1267 634 1339 697 mihi
1367 633 1523 695 succensi-

166 730 284 803 turnm,
309 717 336 779 si
353 718 533 789 ‚militariter
554 739 706 800 pugnans,
731 722 904 785 militariter
927 731 959 784 et
976 732 1077 786 tecum
1101 725 1215 804 loquor.
1268 722 1425 803 Oppresea
1447 723 1524 784 enim

165 810 225 875 leuc
248 808 390 873 libertate
414 810 565 889 pugnandi
586 810 623 871 lit
645 810 767 890 ingrata
788 812 923 892 scriptio.
1411 878 1426 892 N

256 897 368 968 Jonas,
392 907 427 960 ut
448 906 532 961 tuam
555 901 738 961 sententiam
760 920 828 963 cum
851 921 919 963 mea
941 901 1105 963 conferam.
1153 901 1197 963 Tu
1221 918 1292 979 ergo
1318 901 1398 962 iirrta
1421 918 1525 961 exem

166 987 214 1067 pii
237 986 337 1065 gratia
360 985 391 1046 iu
414 987 644 1051 melancholiam
667 989 802 1063 ooorors3
825 1010 942 1053 mecum
967 1007 1038 1069 ergo
1061 990 1148 1064 iacis,
1174 1007 1295 1070 possum
1318 989 1397 1050 enim
1421 990 1527 1050 eodem

167 1093 266 1155 opera
288 1093 348 1152 qna
371 1082 403 1139 tu
425 1076 656 1139 melancholiam
679 1078 839 1141 immunem
864 1078 1068 1141 asoeleribns
1095 1087 1126 1139 ct
1149 1097 1206 1157 ego
1230 1080 1345 1139 coelum
1368 1096 1524 1139 excusare.

244 1163 432 1213 Fabricius:
458 1163 496 1217 mr
521 1170 851 1230 temperamentorum
870 1168 1091 1219 contemtionem
1108 1168 1215 1231 planetis
1238 1168 1340 1223 mitum,
1368 1168 1433 1216 sicut
1452 1173 1529 1217 antee

165 1235 344 1287 mutuationes
363 1234 410 1284 illis
429 1235 588 1300 dscnpslsti.
626 1236 677 1289 Sed
695 1239 750 1307 qui,
779 1254 885 1305 quasso,
914 1238 1023 1291 uultui
1048 1238 1166 1302 planetae
1192 1241 1274 1291 cessio
1293 1238 1391 1289 effioere
1412 1243 1528 1301 possunt

167 1323 225 1358 cum
246 1321 275 1355 eo
292 1313 434 1363 momento,
453 1322 500 1371 quo
519 1309 572 1372 quia
591 1310 715 1364 nascitur.
734 1312 812 1360 erasis
831 1312 884 1360 lieri
901 1327 951 1360 uon
971 1311 1075 1375 incipiat
1092 1311 1209 1373 primum,
1236 1309 1280 1359 sed
1299 1316 1351 1358 toto
1370 1310 1527 1373 impraegna-

165 1379 244 1427 tienis
264 1383 374 1439 tempore
394 1377 560 1427 conformetur
578 1393 594 1428 a
611 1388 703 1430 natura
721 1383 822 1431 seminis
840 1388 867 1431 et
884 1384 1034 1431 nutrimento
1054 1382 1080 1430 iu
1099 1388 1179 1431 utero.
1218 1380 1342 1444 Astrologi
1361 1396 1417 1429 vero
1437 1381 1531 1431 satine

165 1449 402 1512 impraegustiouis.
427 1449 469 1498 ubi
488 1449 611 1513 periectos
627 1453 680 1512 iam
698 1452 779 1501 rem
797 1454 880 1509 inerit,
904 1454 1021 1515 Judkant
1039 1452 1070 1502 de
1088 1454 1306 1515 temperamentis,
1333 1466 1383 1500 nou
1403 1452 1530 1510 minicio,

165 1520 244 1581 welto
261 1520 343 1571 minus
359 1519 442 1571 mello
459 1525 577 1587 temporo
616 1521 643 1571 Si
661 1528 861 1586 temperamenta
883 1524 1052 1573 conformandi
1071 1530 1223 1586 potestatem
1249 1524 1349 1572 omnino
1367 1523 1475 1586 plsoosis
1492 1523 1529 1571 ris

166 1592 321 1649 adscribere,
347 1590 441 1641 videbit
459 1593 527 1655 19⁸0.
550 1606 631 1655 ,qum
648 1593 722 1656 plane
740 1596 862 1645 absonum
878 1595 926 1645 hoc
943 1597 985 1651 sit.
1004 1595 1088 1645 iacere
1107 1610 1138 1644 ex
1154 1594 1270 1649 essetne
1288 1602 1399 1658 tempore
1418 1594 1530 1643 criticam

166 1660 363 1726 dispositionem.
400 1661 529 1722 Quomodo
550 1663 668 1726 planetae
687 1667 769 1715 orasin
788 1668 939 1716 constituere
956 1671 1072 1730 possunt,
1087 1680 1143 1716 cum
1161 1665 1241 1715 nullos
1258 1665 1372 1714 humores
1390 1664 1479 1721 reales,
1499 1679 1530 1713 ex

167 1733 256 1799 quibus
273 1738 496 1795 temperamentum
516 1736 690 1792 constituitur,
710 1736 813 1800 desuper
830 1737 965 1787 infundant
983 1735 1093 1799 corpori?
1131 1735 1193 1785 Cum
1212 1752 1270 1801 ergo
1293 1735 1407 1785 humores
1427 1749 1443 1785 a
1461 1733 1529 1785 coelo

166 1819 220 1859 non
235 1806 295 1859 dot,
317 1818 365 1853 uec
382 1818 468 1853 eorum
486 1805 628 1869 qualhtes,
648 1807 716 1857 rides
735 1809 796 1871 ipss,
814 1808 881 1858 nulio
897 1811 953 1871 Jure
971 1809 1019 1857 rim
1032 1808 1199 1858 mustitneudi
1210 1814 1411 1870 temperamenta
1429 1806 1530 1856 anulini

166 1891 250 1941 posse,
270 1876 317 1925 hoc
334 1875 408 1925 modo
424 1881 453 1926 et
470 1876 646 1929 inclinationes
663 1883 690 1928 et
707 1886 907 1943 monomenta
923 1885 970 1929 toa
987 1878 1130 1944 planetaria
1145 1879 1284 1930 concidere-
1308 1933 1315 1944 ,

257 1947 461 2029 Keplerus:
495 1949 549 2010 De
583 1952 888 2030 temperamentis
911 1952 1104 2030 peculiariter
1128 1949 1347 2029 argumentaris
1370 1967 1409 2009 ex
1431 1949 1526 2018 coelo,
1617 1960 1619 1965 '

168 2038 241 2119 goia
262 2055 336 2117 pars
360 2055 378 2096 a
401 2037 550 2099 matribus
572 2057 627 2121 per
650 2039 881 2119 imaginationes
905 2046 962 2103 eet.
1010 2041 1078 2103 Non
1094 2040 1230 2120 sequitur
1250 2058 1323 2119 para
1337 2037 1429 2111 illinc,
1454 2037 1527 2099 nihil

167 2146 241 2207 ergo
264 2125 343 2201 hinc,
367 2125 530 2189 miscentur
554 2127 642 2203 euim,
668 2146 727 2209 qna
750 2137 838 2209 parte
859 2129 1007 2192 similiora
1030 2138 1115 2202 sunt;
1140 2129 1219 2208 quod
1241 2138 1275 2190 ct
1298 2128 1335 2190 de
1354 2127 1528 2193 inclinatio-

167 2216 257 2283 nibus
277 2214 393 2291 nimum
413 2222 493 2281 osto.
538 2215 600 2277 llla
621 2217 768 2280 coelestia
793 2219 888 2297 pallia
910 2217 1067 2298 generalia
1089 2226 1174 2292 sunt,
1198 2216 1290 2279 aliter
1313 2224 1475 2296 operantur
1499 2215 1528 2277 in

166 2303 293 2367 cholera
314 2302 434 2378 innata,
469 2304 558 2366 aliter
580 2303 610 2366 iu
633 2305 850 2370 melancholico
875 2308 950 2371 isto.
997 2307 1033 2368 Id
1058 2314 1159 2369 eutem
1190 2307 1301 2368 nedum
1323 2305 1528 2386 conceptionis

164 2392 305 2475 munio,
329 2400 384 2452 aut
396 2391 501 2465 sideri,
525 2399 578 2457 aut
595 2394 802 2475 imaginationi
817 2396 927 2470 tribuo,
945 2415 1035 2477 quam
1049 2396 1179 2475 tempori
1194 2394 1384 2474 gestationis,
1404 2402 1529 2474 propter

167 2481 342 2549 continuam
364 2480 620 2560 imaginationem,
644 2485 781 2564 quamvis
806 2485 908 2547 anima
933 2485 1123 2551 divinissima
1146 2486 1176 2546 in
1192 2484 1305 2549 semiue
1319 2483 1418 2563 patrie
1433 2484 1530 2545 multa

166 2571 263 2649 aiam
285 2571 325 2643 do
346 2569 581 2650 cogitationibus
604 2572 702 2651 petris
727 2581 798 2637 aute
821 2582 998 2654 conceptum
1020 2574 1141 2636 domme
1173 2592 1277 2635 secum
1298 2572 1452 2634 credenda
1475 2572 1526 2634 sit

171 2660 247 2722 Vita
269 2658 440 2740 emhryonis
465 2659 561 2723 firmus
585 2668 643 2735 est,
669 2661 732 2722 nati
757 2655 1265 2743 flamma(1iemeliomaeqnor).²)
1311 2660 1413 2740 Magis
1434 2660 1529 2740 igitur

84 2799 90 2807 .
170 2748 269 2813 rosiris
298 2754 331 2808 et
363 2748 475 2810 formae
503 2749 688 2829 receptibilis
716 2751 745 2812 iu
774 2771 846 2813 auae
875 2751 1003 2813 fusionis
1030 2771 1087 2813 seo
1110 2749 1356 2812 inflammationis
1388 2749 1525 2813 articulo.

170 2838 288 2921 Deinde
312 2835 423 2911 sidera,
446 2835 557 2917 inquis,
579 2838 720 2900 humores
743 2859 801 2902 oon
825 2839 953 2914 habent,
977 2858 1032 2901 nec
1055 2839 1147 2916 igitur
1169 2839 1245 2899 dant
1267 2838 1376 2899 cresin.
1418 2837 1540 2899 Usita-.

169 2926 322 2995 tissimam
346 2943 444 2988 meam
467 2927 692 3006 responsionem
716 2947 753 2989 ex
775 2927 851 2989 meis
874 2928 1029 3008 principiis
1053 2929 1145 3007 (quoe
1169 2928 1277 2988 sinon
1301 2924 1452 2999 adndtts‘s,
1477 2944 1529 2989 cor

170 3034 231 3077 non
254 3015 322 3094 ipsa
343 3013 526 3094 generaliter
558 3015 714 3087 refutas?)
743 3017 882 3096 ignorare
910 3036 969 3078 non
996 3024 1100 3096 potes,
1131 3023 1166 3079 st
1187 3014 1301 3077 musico
1328 3013 1475 3075 laetificat
1498 3020 1530 3073 et

172 3112 284 3178 movet,
314 3111 348 3163 nt
370 3104 538 3183 exemplum
560 3112 616 3165 aut
645 3105 827 3187 archetypus
855 3106 996 3169 aedificet
1022 3105 1141 3180 domum
1164 3105 1234 3177 tto,
1264 3102 1307 3165 sie
1331 3102 1447 3163 coelum
1476 3101 1530 3162 dot

173 3192 286 3269 cresin,
310 3190 379 3252 doro
393 3192 508 3254 animos
523 3192 677 3255 humorum
701 3202 733 3255 et
755 3194 879 3256 seminis
893 3195 923 3256 in
939 3195 1064 3256 formam
1078 3193 1211 3267 (Model)
1231 3191 1393 3254 schematis
1407 3184 1527 3252 transit.

247 3295 455 3349 Patricius:
483 3297 522 3350 De
540 3299 630 3350 morbis
655 3306 681 3350 et
699 3301 781 3350 causis
800 3314 884 3351 sorum
905 3300 981 3353 muas
998 3300 1191 3365 imaginationes
1213 3298 1299 3348 habes.
1335 3296 1374 3346 Ex
1390 3296 1448 3346 torti
1464 3295 1528 3345 ima·

173 3368 302 3435 merione
319 3367 397 3418 mults
413 3369 509 3433 prodire
527 3384 600 3433 posse
629 3386 679 3421 nou
697 3385 771 3436 nego.
808 3370 860 3423 Sed
877 3387 927 3423 uon
944 3373 1092 3437 imaginatio
1111 3373 1165 3434 ipsa
1176 3370 1241 3420 haec
1252 3369 1342 3426 More,
1361 3368 1407 3419 sed
1426 3367 1530 3427 affectes

172 3442 206 3489 'ex
224 3438 401 3503 imaginatione
420 3442 594 3504 provenientes
614 3439 648 3501 (v.
670 3457 691 3491 e.
711 3443 871 3509 ingravidie,
891 3445 916 3493 iu
935 3450 1005 3507 peste
1018 3440 1091 3503 dte),
1110 3443 1183 3507 idque
1195 3448 1295 3491 tanturn
1313 3440 1338 3489 iu
1357 3439 1463 3495 seminis.
1480 3452 1528 3488 ua·

172 3502 235 3560 turis
253 3509 386 3568 debilitans,
418 3512 473 3561 riris
494 3511 642 3563 effeminatis
666 3514 809 3579 contingere
826 3520 917 3578 potest
954 3514 1058 3565 Attalo
1076 3514 1134 3578 quid
1152 3515 1177 3562 in
1196 3513 1285 3561 morbis
1305 3525 1334 3561 ex
1352 3510 1531 3577 imaginatione

172 3582 267 3631 moeris
285 3588 331 3630 aut
347 3580 446 3645 palloris
465 3581 490 3642 d
511 3590 537 3633 st
554 3583 570 3638 i
588 3588 711 3642 statuere,
730 3586 821 3634 rationi
840 3591 964 3650 repugnat
976 3584 1166 3647 (Keplerus:
1184 3585 1227 3633 ubi
1238 3579 1340 3643 ratini).
1379 3580 1531 3643 Quidrnsti·

172 3666 217 3711 cus
234 3658 282 3705 sut
299 3652 357 3711 aiii,
382 3654 425 3717 <psl
442 3652 469 3713 d
488 3654 600 3707 ruborem
617 3669 745 3719 uunquam
766 3656 962 3713 oooouorsruot
982 3657 1013 3707 de
1031 3662 1123 3707 ustura
1141 3653 1166 3714 d
1186 3652 1315 3719 cogitant?
1343 3650 1530 3716 (Keplerasz

172 3737 234 3774 saue
252 3739 303 3773 uon
320 3729 360 3774 est
376 3725 523 3788 imaginatio
541 3740 586 3788 per
604 3723 751 3788 dacum)
771 3733 816 3776 aut
841 3741 917 3791 quam
944 3727 976 3776 de
994 3729 1048 3789 eins
1065 3725 1185 3791 incogniti
1211 3724 1293 3774 colore
1323 3724 1529 3787 imaginationem

173 3796 303 3858 concipere
321 3793 445 3859 possunt}
482 3794 509 3845 Si
528 3796 595 3846 dices
613 3793 814 3862 (Keplerum
834 3813 884 3847 nou
901 3797 949 3846 hoc
968 3793 1036 3858 dico)
1057 3794 1082 3857 d
1105 3798 1179 3858 juxta
1196 3797 1271 3843 situm
1289 3808 1360 3842 sunm
1379 3799 1447 3844 certo
1466 3800 1530 3843 tem·

171 3880 231 3929 pore
248 3881 294 3929 per
310 3866 435 3916 occultam
452 3881 523 3916 snam
549 3868 672 3917 actionem
695 3869 721 3917 iu
740 3869 829 3918 muris
855 3868 963 3918 excitare
981 3868 1186 3931 imaginationem
1212 3865 1296 3920 iilam,
1324 3864 1383 3927 quid
1410 3863 1478 3913 aliud
1505 3863 1529 3912 ld

172 3938 229 3994 erit,
248 3950 323 4000 quam
340 3937 480 3987 maleficam
499 3938 604 3988 nocendi
622 3940 671 3987 rim
688 3946 774 4002 aperte
791 3938 827 3988 illi
845 3936 1006 3989 sdseriberei

245 4007 299 4073 Ego
319 4014 403 4061 statuo
422 4007 609 4072 (Kepleruu
634 4008 671 4061 Ut
687 4016 715 4061 st
732 4024 793 4076 ego,
817 4010 862 4063 sed
879 4016 966 4063 umen
984 4008 1063 4061 aiter.
1101 4005 1209 4069 Obiecta
1227 4012 1286 4056 sunt
1304 4005 1529 4069 mempheorum,

172 4092 239 4145 quas
256 4079 320 4133 iacit
338 4078 591 4139 mintionem),
610 4080 726 4145 planetes
744 4096 794 4133 nou
813 4094 903 4133 mosas
921 4087 1027 4146 agentes
1045 4080 1183 4131 morborum
1202 4075 1263 4140 iro,
1281 4078 1327 4128 ssd
1343 4090 1416 4128 mera
1432 4082 1531 4129 mutum

170 4149 529 4272 derelictorum
543 4147 1553 4285 ”titinio‘t'lttd‘ttntttitittntttlt'

172 4290 275 4343 aliuade
293 4293 430 4350 encomiis,
448 4293 493 4344 sed
511 4296 617 4344 materia
635 4297 711 4345 noxia
727 4295 857 4345 humorum
874 4296 1035 4369 internorum,
1057 4293 1096 4342 rel
1115 4293 1147 4343 ab
1165 4297 1236 4342 oxus
1252 4292 1414 4355 periculorum
1433 4290 1530 4341 allatio·

142 4363 291 4422 osorem.
308 4364 757 4428 omoussooissormssspomussa
776 4364 1175 4431 quosioasoeiopraedgmetae
1192 4362 1530 4426 peeunDelperminuim

173 4434 295 4499 uidemus·
333 4434 417 4494 Quare
433 4437 460 4484 in
479 4436 592 4489 omuibus
608 4435 648 4485 his
666 4437 806 4489 actionibus
824 4443 850 4489 et
866 4435 1088 4503 significationibus
1106 4433 1169 4487 velle
1184 4434 1300 4498 physicas
1313 4440 1358 4487 sut
1370 4433 1532 4501 tetrelogioas

173 4518 266 4555 causas
284 4505 364 4555 solnm
382 4507 505 4570 inquirere
524 4512 550 4556 et
563 4505 731 4564 considerare,
750 4509 823 4557 nimis
835 4506 971 4571 physicum,
991 4520 1100 4556 crassum
1119 4510 1145 4554 et
1162 4505 1263 4556 camele
1284 4511 1331 4555 est
1350 4501 1531 4569 (Kepierusz

172 4575 277 4695 ἕψω
285 4583 322 4696 tiat
338 4578 443 4707 in)mea
459 4577 615 4642 philosophia
633 4577 778 4653 theologum
798 4593 884 4653 agere.
921 4576 984 4626 Cum
997 4576 1066 4626 Deua
1078 4577 1200 4633 irasci-tur,
1223 4576 1343 4639 permittit
1360 4582 1532 4645 praeposteras

207 4648 286 4713 agina
305 4661 373 4697 oum.

244 4734 404 4807 Keplerns
422 4736 448 4785 lu
465 4735 543 4798 literis
559 4728 611 4809 suis
629 4736 724 4804 pergit:

250 4792 400 4887 'Tandem
421 4807 499 4871 hano
514 4804 736 4893 'principiorum
759 4804 908 4884 rationein
937 4804 1109 4886 generalem
1137 4804 1168 4879 in
1190 4807 1328 4886 exemplo
1359 4805 1396 4867 de
1419 4804 1532 4869 morbis

171 4897 343 4981 mungens.
390 4894 482 4961 Duxi:
508 4897 671 4965 animalem
693 4897 793 4963 onos
817 4894 994 4959 multtum
1017 4895 1172 4958 incensam
1192 4903 1295 4959 mente
1317 4893 1440 4965 oriente,
1465 4910 1532 4954 cons
