3786 5808
764 358 928 417 Μ·
1477 354 1519 429 89

159 535 225 580 meo
253 517 385 583 nnmioe.
435 519 521 583 Idem
548 521 641 583 etiam
668 539 734 583 meo
761 520 880 583 nomine
908 539 1006 584 aream
1035 541 1079 583 sc.
1107 519 1359 585 officiosissimus
1390 519 1520 587 salutuu

160 606 291 686 collegio
313 607 523 690 philosophico
547 609 640 673 dicas.
686 609 769 671 Deus
792 607 849 670 tibi
873 609 1067 672 domesticum
1091 628 1255 673 moerorem
1277 609 1385 689 majori
1400 609 1520 672 laetitia

159 694 246 757 brevi
269 708 456 778 compenset.
502 698 593 775 Vale,
618 710 649 760 et
665 692 857 761 liudericum
872 698 973 775 lilium,
997 699 1046 782 qui
1057 699 1123 780 jam
1137 698 1241 780 procul
1258 698 1346 761 dubio
1360 698 1518 780 patrissat,

159 807 178 846 a
203 785 342 849 studioso
365 788 539 851 matheseos
562 787 672 850 saluta.
717 786 861 851 Nostram
884 788 970 850 vobis
993 788 1130 851 omnibus
1153 788 1312 851 ecclesiam
1336 788 1519 859 commendo,

160 874 333 957 vestrisque
356 878 506 957 precibus,
556 874 584 940 1.
613 874 646 938 ll
675 876 758 940 Junii
781 897 830 938 an.
858 874 951 941 1598

655 966 744 1028 Hum.
769 965 805 1029 T.
830 964 919 1029 Grat.
943 967 1027 1031 Disc.

1179 1053 1279 1117 rau.
1302 1051 1432 1137 nepum

232 1232 324 1283 Paucis
340 1238 398 1297 post
415 1230 539 1282 mensibus
559 1231 624 1282 alias
645 1232 780 1297 Ksplerum
799 1232 930 1283 turbarunt
948 1232 1104 1299 theologiae
1129 1233 1302 1294 calamitatet,
1327 1232 1451 1298 pauore·
1472 1230 1520 1288 bis.

156 1318 223 1370 quas
241 1305 269 1353 ln
286 1303 426 1368 membris
444 1304 543 1368 tangit,
563 1310 605 1363 et,
625 1305 695 1367 quasi
711 1307 764 1368 jam
782 1304 926 1370 lngmcntcs
943 1305 1111 1371 praesagientr'
1131 1306 1213 1354 animo
1232 1304 1361 1361 divinam,
1381 1301 1519 1354 concludit:

159 1382 291 1433 „nutam
308 1376 376 1425 robis
393 1375 505 1425 carnibus
523 1375 654 1425 ecclsiam
673 1374 843 1425 commsudc.“

232 1446 411 1499 Caldam
429 1451 600 1510 mpcm
616 1446 654 1496 bb
672 1447 776 1498 mactat
794 1444 942 1497 man:

249 1588 382 1652 Pandite
405 1607 482 1651 nnnc
505 1587 652 1651 Helicona
665 1588 761 1665 Deae,
786 1595 952 1670 cantusque
966 1596 1096 1651 movete.
1133 1586 1195 1651 Sed
1210 1590 1280 1672 qnid
1296 1597 1404 1653 cantus
1417 1609 1520 1671 posco,

162 1680 212 1744 cui
228 1680 306 1742 tletu
330 1696 404 1758 opus
428 1677 494 1739 est?
531 1675 610 1739 Rem
637 1678 771 1741 breviter
793 1677 908 1757 accipe.
954 1677 1018 1740 vix
1040 1676 1175 1742 redierat
1198 1698 1235 1741 ex
1258 1679 1349 1742 ltalia
1371 1680 1520 1760 princeps,

164 1789 231 1832 enm
252 1767 383 1836 accidit,
407 1775 441 1829 ut
462 1765 596 1849 picturae
621 1767 768 1847 quaedam
790 1786 903 1830 aeneae
925 1766 955 1829 iu
978 1786 1076 1848 papae
1100 1767 1311 1832 contumeliam
1333 1767 1381 1830 hic
1404 1768 1520 1831 distra-

162 1861 317 1923 herentur.
355 1857 500 1937 Princeps
521 1863 630 1919 vocato
650 1856 869 1920 ordinariorum
890 1856 1042 1938 praeside,
1065 1876 1180 1938 pacem,
1203 1857 1309 1939 inquit,
1333 1858 1393 1921 etsi
1408 1857 1519 1930 darem,

159 1949 220 2030 ipsi
243 1946 397 2028 respuitis.
443 1944 492 2008 Ex
515 1965 551 2008 eo
569 1945 745 2026 bibliopola,
769 1946 907 2028 quamvis
924 1945 1151 2027 provincialium
1165 1947 1312 2022 minister,
1333 1947 1423 2027 jussu
1436 1948 1521 2029 prin·

158 2038 239 2118 cipis
262 2036 293 2099 in
318 2054 469 2098 carcerem
492 2034 549 2099 fuit
571 2036 737 2116 conjectus.
782 2036 819 2099 Id
843 2036 955 2099 sactum
979 2054 1082 2098 meuse
1099 2035 1191 2100 Julin.
1237 2035 1353 2100 Eodem
1376 2045 1520 2117 ternpore,

158 2146 230 2191 cam
262 2134 386 2189 nostrae
423 2124 623 2188 confessionis
651 2124 873 2209 Elemcsynarii
903 2133 1109 2206 premerentur
1144 2127 1194 2189 vel
1225 2126 1461 2207 praeterirentur
1492 2124 1521 2187 in

158 2206 490 2295 communi'hospitali,
514 2221 546 2278 et
567 2220 752 2277 mortuorum
774 2233 901 2295 corpora
917 2233 973 2295 pro
995 2214 1152 2297 sepulture
1174 2215 1262 2278 nimis
1285 2233 1425 2296 maguum
1447 2233 1520 2276 veo·

159 2305 238 2385 tigal
262 2304 392 2385 pendere
416 2304 608 2366 viderentur:
632 2305 858 2384 promulgarunt
881 2303 977 2366 nostri
1001 2304 1038 2367 de
1057 2312 1217 2386 suggestu,
1243 2323 1352 2368 novum
1375 2304 1520 2367 coemite·

157 2396 249 2470 rium,
274 2412 384 2456 novum
407 2392 557 2487 hospitale
580 2411 636 2471 pro
659 2392 1120 2468 nostratibus‚,contribntiones
1144 2391 1320 2467 Christiano
1344 2412 1425 2456 more
1448 2413 1519 2455 sua-

158 2492 279 2548 serunt.
325 2484 370 2545 At
392 2502 459 2547 cnm
489 2490 677 2562 praestemus
709 2500 846 2558 numero,
880 2500 1034 2563 magnum,
1049 2483 1120 2565 qnid
1146 2483 1307 2564 pontificiis
1330 2484 1522 2545 decessurum
1624 2472 1629 2483 ’

159 2582 239 2638 erat.
288 2569 418 2635 Sublata
440 2571 542 2652 itaque
570 2579 619 2634 est
651 2572 813 2637 autoritate
834 2572 979 2653 principis
1002 2573 1056 2636 illa
1078 2572 1204 2636 molitio.
1250 2572 1357 2634 Mense
1383 2570 1521 2651 Augusto

158 2661 389 2747 praeambulum
412 2660 587 2740 tragoedias
610 2661 677 2722 fuit.
699 2659 969 2743 ·Archipresbyter
990 2661 1074 2724 urbis
1096 2680 1150 2742 pro
1173 2662 1264 2724 officii
1279 2661 1394 2724 ratione
1409 2660 1521 2723 nostris

158 2749 425 2815 concionatoribus
449 2750 528 2812 omni
560 2749 704 2812 exercitio
736 2750 890 2830 religionis
928 2758 960 2812 et
983 2750 1243 2813 administratione
1267 2757 1522 2815 sacramentorum
1557 2806 1561 2817 .

158 2839 465 2921 benedictionumque
489 2838 700 2919 conjuglalium
723 2838 888 2915 interdixit,
913 2847 1073 2919 praetenso
1092 2840 1177 2919 jure,
1201 2841 1279 2919 quod
1302 2839 1416 2902 habeat
1439 2837 1520 2900 auti-

160 2931 266 3013 quitus
290 2929 341 3011 qui
364 2928 420 2990 loci
440 2935 490 2990 est
512 2927 774 3009 archipresbyter,
797 2927 883 3008 cujus
905 2927 1068 3007 vectigalia
1077 2928 1274 3001 minuantur,
1299 2928 1440 2990 aliorsum
1463 2926 1520 2989 ab·

160 3020 290 3082 stractio
314 3017 396 3080 bisce
419 3017 515 3080 sacris
538 3016 803 3097 negotiationibus.
843 3016 1040 3096 Respondere
1063 3035 1117 3097 pro
1140 3016 1284 3079 ministris
1303 3016 1415 3079 nostris
1438 3012 1522 3079 crdi-
1586 3024 1591 3029 '

159 3109 250 3172 narii,
298 3106 472 3188 Replicavit
494 3105 589 3169 semel
613 3114 703 3186 atque
727 3105 844 3179 iterum,
870 3114 901 3168 et
925 3105 1052 3187 denique
1075 3105 1230 3169 brachium
1253 3098 1408 3167 saeculare
1431 3104 1519 3166 invo-

159 3197 255 3263 cavit
289 3196 445 3276 Princeps,
469 3195 578 3258 debere
602 3214 637 3257 se
661 3194 788 3257 tutelam
810 3213 869 3256 nou
892 3193 979 3257 nobis
1003 3185 1122 3258 tantum
1145 3195 1200 3258 sed
1219 3202 1251 3257 et
1273 3194 1336 3256 suis
1359 3192 1518 3275 religiosis,

160 3288 267 3368 itaque
291 3286 371 3367 quod
393 3292 486 3347 antea
509 3285 642 3347 facturus
666 3291 734 3346 erat
753 3284 875 3365 propria
898 3283 1074 3360 devotione,
1103 3284 1133 3348 id
1157 3302 1233 3345 nuuc
1257 3283 1446 3364 imploratum
1470 3282 1519 3344 la-

160 3396 251 3450 cere,
287 3385 320 3438 et
350 3373 508 3450 mandare,
541 3381 576 3436 ut
603 3373 745 3436 ordinarii
776 3372 857 3435 intra
891 3368 932 3437 14
960 3374 1025 3436 dies
1047 3374 1172 3438 mittant
1194 3392 1295 3439 omues
1319 3371 1464 3435 ecclesiae
1489 3379 1519 3432 st

161 3464 288 3529 scholae
304 3462 406 3529 Gratii
420 3470 451 3525 et
464 3462 657 3544 Judcburgao
671 3463 834 3537 ministros,
858 3482 970 3543 eosque
992 3464 1022 3525 in
1046 3473 1201 3526 aeternum
1223 3460 1432 3524 haereditariis
1456 3460 1518 3522 suis

159 3554 327 3636 provinciis
359 3552 513 3615 abstinere
545 3551 601 3614 sub
638 3570 737 3632 poena
764 3551 875 3632 capitis
903 3553 1042 3632 jubeant.
1096 3554 1223 3616 Factum
1257 3550 1307 3617 10.
1340 3548 1398 3615 v20.
1430 3548 1517 3633 Sept.

160 3643 408 3725 Responderunt,
430 3660 518 3704 snuru
540 3660 608 3703 esse
631 3640 708 3704 tueri
729 3658 876 3721 personas
899 3642 956 3704 bas
979 3649 1086 3705 contra
1107 3641 1185 3717 mm,
1208 3641 1329 3704 mittere
1351 3658 1411 3702 nou
1433 3657 1518 3701 suum

161 3753 241 3807 esse,
268 3733 321 3795 sed
345 3731 439 3794 totins
461 3739 637 3792 conventus.
683 3730 781 3792 Erant
803 3738 865 3793 tum
889 3730 937 3793 hic
960 3731 1099 3813 Hispani,
1123 3750 1267 3812 sponsam
1289 3729 1370 3812 regis
1388 3728 1516 3791 comita-

161 3823 234 3897 turi,
259 3830 374 3902 etpost
386 3820 508 3884 biduum
523 3818 685 3883 discessuri
699 3838 766 3882 cum
781 3817 920 3903 Styriaoo
935 3821 1079 3883 comitatu
1103 3821 1169 3901 (qni
1191 3830 1274 3884 totus
1298 3839 1336 3882 ex
1357 3815 1517 3900 pontificiis

162 3913 270 3975 debuit
301 3910 455 3982 constme)
482 3909 676 3989 putabantur·
721 3908 866 3990 Princeps
892 3905 941 3973 14.
967 3905 1020 3973 24.
1044 3906 1132 3990 Sept
1164 3910 1251 3971 nobis
1282 3908 1356 3991 ipsis
1379 3908 1517 3986 imperat,

162 4011 197 4066 ut
229 4001 311 4064 intra
341 4008 482 4061 octavum
514 3996 592 4060 diem
623 3996 785 4079 provinciis
816 3997 879 4059 suis
911 3999 1060 4062 abiremus
1092 3998 1148 4060 sub
1170 4017 1269 4079 poena
1291 3997 1411 4078 capitis.
1458 3993 1518 4055 Diu

162 4090 288 4173 scriptis
302 4094 505 4151 concertatum
519 4085 682 4168 prinoipem
696 4088 776 4150 inter
789 4096 820 4150 et
833 4086 1009 4161 ordinarios,
1033 4088 1100 4168 (qui
1112 4086 1226 4151 meinos
1240 4105 1380 4169 proceres
1403 4101 1517 4147 convc-

163 4188 319 4254 caverant,
344 4178 399 4241 sed
422 4194 565 4257 aquarum
588 4176 726 4240 maximis
748 4183 781 4239 et
798 4176 927 4240 insolitis
940 4175 1193 4251 inundationibus,
1218 4184 1293 4259 quae
1308 4175 1402 4241 etiam
1415 4191 1517 4237 mense

163 4273 308 4351 Augusto
330 4269 422 4340 fuere,
445 4264 588 4346 impediti,
612 4284 670 4327 nou
694 4266 775 4329 ultra
797 4262 840 4329 30
863 4267 1091 4342 convenerunt).
1138 4266 1272 4329 Tandem
1293 4265 1343 4331 17.
1359 4261 1412 4327 27.
1428 4262 1516 4341 Sept

164 4368 234 4423 aute
259 4356 342 4421 Solis
365 4374 504 4419 omasum
526 4354 681 4417 universos
703 4372 759 4417 nos
781 4354 920 4437 princeps
942 4356 1015 4418 urbe
1038 4354 1167 4433 migrare
1192 4362 1317 4437 etpost
1338 4350 1515 4430 linitospri-

163 4469 229 4513 mos
252 4446 273 4509 7
295 4448 363 4510 dies
387 4444 467 4507 exire
490 4442 650 4525 provinciis
674 4444 814 4507 atrociori
837 4445 1093 4508 commendatione
1113 4445 1216 4525 jussit.
1264 4447 1369 4525 Itaque
1388 4442 1426 4503 de
1441 4458 1515 4501 con-

164 4540 231 4603 silio
255 4545 287 4600 et
305 4537 394 4618 jussu
415 4551 571 4615 proeemm
590 4525 757 4609 exivimus,
787 4533 901 4597 relictis
925 4534 1121 4614 conjugibus,
1151 4534 1310 4596 hincinde
1335 4524 1462 4613 dispersi
1488 4528 1516 4588 in

164 4628 318 4711 Ungarias
341 4634 375 4688 et
397 4621 540 4687 croatiae
563 4623 647 4698 lines,
670 4622 722 4685 nbi
745 4620 862 4686 Caesar
883 4624 1024 4703 imperat.
1057 4621 1179 4686 Salaria
1200 4623 1382 4687 obtinuimus
1404 4618 1516 4682 nihilo-

163 4719 272 4793 minus,
307 4714 422 4778 viatica
444 4714 567 4792 insuper
588 4712 776 4793 accepimus,
805 4712 886 4793 jussi
918 4714 995 4775 hanc
1022 4713 1067 4775 sic
1091 4714 1222 4775 tolerare
1245 4713 1413 4779 inmunem,
1446 4707 1515 4769 dum

162 4814 329 4871 conventus
353 4801 511 4865 habeatur.
557 4802 589 4864 Is
613 4801 719 4863 adbuc‘
732 4810 880 4881 speratur.
926 4800 992 4882 Ego
1015 4812 1085 4884 post
1108 4820 1242 4864 mensem
1264 4799 1349 4875 redii,
1369 4799 1516 4878 jussusa

160 4896 308 4987 principis
331 4890 491 4971 ministris,
516 4892 566 4977 qni
588 4909 636 4957 me
659 4898 808 4961 exemtum
831 4890 982 4961 dicebant
1029 4890 1204 4975 Supplioavi
1226 4899 1336 4982 umen,
1360 4886 1422 4963 uti,
1446 4882 1517 4970 quia
