3872 5836
738 369 1039 433 remunera·
1502 367 1566 434 ers

211 526 346 594 qualitates
364 525 457 591 abqnid
475 527 542 577 sind
560 527 593 578 ad
610 542 656 578 uos
674 526 821 586 mdudare,
841 526 878 578 rei
896 529 919 578 ιι
936 528 994 593 quid
1011 529 1149 592 proremat,
1166 526 1194 576 id
1210 526 1282 584 lueis.
1301 527 1340 577 rai
1352 528 1459 578 muims
1479 528 1567 580 calens

210 598 330 649 beneficio
349 596 381 647 ad
399 612 445 647 nos
462 600 610 664 pertingere.
647 599 804 665 &molegica
829 612 884 649 rero
904 601 1057 664 experientia
1074 605 1194 656 testatur,
1224 596 1338 661 planetas
1356 599 1401 648 sub
1420 597 1498 650 Tana
1516 601 1566 649 exi·

209 676 318 726 mutes,
338 682 411 733 quum
429 682 477 718 nec
494 670 576 720 lumen
595 684 642 720 nec
661 669 769 720 calorem
787 684 858 720 suurn
877 670 910 719 ad
928 684 972 719 nos
991 670 1133 726 demittant,
1152 667 1253 719 vitalem
1267 674 1293 717 et
1306 670 1477 719 abscissoriarn
1495 685 1567 720 suam

210 744 332 797 virtutem
351 746 380 788 nt
398 746 424 789 et
442 741 503 789 alios
522 741 625 791 effectus
645 754 765 791 exercere.
804 740 918 805 Sequitur
928 743 1012 806 igitur,
1030 747 1057 790 et
1073 746 1173 805 praeter
1189 740 1269 789 luceru
1289 744 1316 787 st
1329 739 1435 790 calorem
1449 742 1567 792 naualem

209 812 274 861 Solis
292 810 377 860 stelin
396 812 472 860 etiam
492 811 553 861 alias
571 814 673 861 rirtnms
692 813 803 868 babere,
830 826 895 876 qnae
920 826 968 861 use
992 812 1041 861 luci
1067 826 1115 862 nec
1139 812 1214 861 calori
1242 811 1338 859 illarum
1360 820 1418 859 sunt
1437 812 1565 877 alligatae.

210 883 429 943 Quaesturam
447 882 513 932 solus
531 883 599 933 calor
618 883 682 934 Solis
700 883 810 932 vivificus
829 891 898 932 motu
915 897 960 932 suu
980 897 1062 932 annno
1081 885 1164 933 emnia
1183 888 1289 946 vegetet,
1308 882 1366 946 qnid
1384 883 1459 947 igitur
1478 883 1576 951 stellae⁸

209 960 289 1019 agant
307 954 340 1003 ad
358 961 496 1003 estensem
514 968 594 1004 rerum
614 952 844 1005 comanadonemi
880 953 991 1005 Necesse
1010 955 1064 1011 crit,
1084 954 1132 1003 illis
1151 953 1226 1003 aliam
1245 955 1326 1001 inesse
1344 954 1393 1000 rim
1413 962 1439 1001 et
1458 956 1567 1003 animani

209 1026 326 1076 ιιιιιιοιιι
345 1025 477 1081 occultam,
496 1039 570 1090 quam
588 1026 763 1075 insensibiliter
775 1027 959 1076 communicant
970 1026 1041 1074 rebus
1055 1027 1153 1075 amatia
1179 1023 1243 1073 Solis
1256 1031 1357 1072 externo
1380 1024 1462 1073 calore
1484 1028 1567 1074 omnin

208 1104 371 1161 vegetantun
397 1096 438 1159 qni
456 1096 478 1144 sl
496 1111 545 1144 non
563 1098 725 1161 percipietur.
746 1096 805 1146 nstril
825 1097 893 1145 calor
909 1098 1021 1146 internus
1040 1103 1066 1145 et
1084 1096 1195 1146 occultus
1212 1096 1295 1144 haere
1313 1101 1407 1157 potera
1436 1096 1473 1144 sic
1491 1102 1517 1144 et
1536 1096 1567 1146 de

208 1167 286 1216 stellis
301 1166 473 1229 judicandum.
494 1173 520 1216 et
537 1181 584 1217 eae
602 1175 730 1217 externum
749 1168 857 1217 calorem
874 1183 925 1216 non
943 1168 1045 1224 habent,
1065 1182 1124 1232 ergo
1142 1181 1190 1216 nec
1208 1167 1257 1214 rim
1275 1165 1415 1215 vivificandi
1428 1165 1479 1215 Soli
1499 1181 1565 1215 com·

208 1254 325 1293 munem.
356 1252 460 1287 necem
479 1244 518 1287 est
535 1240 628 1304 igitur,
660 1239 772 1290 occultas
789 1237 837 1288 iliis
859 1240 941 1288 inesse
959 1241 1024 1287 vires
1045 1244 1071 1288 et
1089 1238 1260 1294 influentiam,
1290 1250 1365 1301 quam
1384 1239 1567 1288 communicent

208 1311 308 1360 emaus.
344 1308 410 1374 Ergo
428 1309 517 1358 falsum
535 1310 591 1364 boc.
609 1309 696 1360 stellas
713 1310 769 1361 luce
788 1316 814 1360 et
831 1316 901 1360 motu
919 1324 994 1375 agera
1013 1310 1100 1367 solnm,
1119 1309 1189 1358 naba
1207 1308 1382 1358 alienatione.

296 1432 499 1512 Keplerus:
530 1433 578 1493 An
603 1433 686 1494 calor
709 1440 741 1493 et
765 1435 815 1496 lux
835 1433 877 1495 sit
898 1432 1066 1494 vehiculum
1083 1432 1226 1493 virtutum
1239 1430 1432 1493 sideralium?
1455 1431 1563 1493 Nonne

209 1520 309 1583 omnia
333 1520 545 1582 dilucidissime
570 1521 696 1584 distinxi
719 1522 748 1582 in
774 1521 996 1583 fundamentis?
1042 1521 1087 1581 Tu
1110 1538 1182 1581 vero
1205 1519 1276 1582 mibi
1301 1520 1453 1599 negotium
1477 1520 1565 1582 exbi—
1661 1563 1665 1570 -

208 1611 262 1671 bes
285 1629 343 1670 non
367 1610 579 1672 necessarium.
625 1607 783 1680 Quatenus
811 1610 861 1671 lux
894 1618 942 1672 est
971 1609 1142 1699 ⁸vehiculum
1174 1608 1311 1684 illarum,
1348 1628 1407 1671 non
1434 1618 1504 1671 sunt
1534 1609 1565 1671 in

208 1718 318 1778 magna
340 1698 489 1760 varietate
512 1699 561 1761 vel
585 1699 804 1761 inconstantia:
836 1717 913 1780 qnae
936 1718 1007 1760 vero
1030 1698 1060 1759 in
1085 1698 1150 1760 dies
1174 1705 1341 1772 mutantm,
1365 1716 1472 1777 nempe
1495 1699 1562 1778 ple·

206 1807 299 1868 raqne
324 1805 435 1863 eorum,
459 1806 536 1867 quae
560 1788 753 1850 considerant
768 1787 923 1867 astrologi,
950 1795 1020 1849 sunt
1042 1804 1135 1866 opera
1153 1805 1212 1848 non
1227 1785 1391 1860 stellarum,
1417 1787 1471 1847 sed
1491 1786 1564 1848 sub-

207 1876 353 1937 lunarinm
378 1876 531 1949 mentium,
556 1895 632 1957 qnae
656 1875 831 1954 corporibus
853 1876 1045 1956 praesident,
1069 1882 1099 1937 et
1123 1884 1272 1937 astrorum
1296 1875 1405 1937 sitibus
1430 1877 1564 1955 conligu-

206 1965 432 2044 rationibnsque
457 1964 568 2027 mutuis
591 1975 748 2026 moventur
771 1975 805 2027 ut
828 1964 968 2044 objectis.
1013 1965 1079 2027 Nec
1094 1962 1245 2026 Saturnus
1269 1971 1318 2025 est
1340 1963 1495 2025 abscissor
1509 1984 1566 2025 sna

208 2063 326 2128 natura,
351 2053 407 2113 sed
427 2054 642 2133 imaginatione
667 2053 823 2116 facultatis
838 2054 940 2117 vitalis
964 2054 1080 2115 innato
1105 2053 1232 2127 bomine,
1257 2070 1334 2133 quae
1358 2052 1564 2115 characterem

208 2142 372 2203 coelestem
395 2141 425 2203 in
450 2161 517 2203 esse
542 2152 573 2204 ιι
596 2142 659 2205 fieri
683 2143 800 2216 (radios
824 2151 855 2204 et
878 2141 1059 2214 directione)
1087 2141 1117 2202 in
1141 2161 1174 2203 se
1198 2142 1348 2221 suscepit,
1377 2160 1502 2221 eumque
1526 2143 1565 2203 ad

207 2232 296 2293 finem
318 2231 401 2292 vitae
425 2231 615 2293 circumfert:
641 2250 698 2291 uon
723 2232 860 2304 otiosum,
887 2232 940 2292 sed
964 2232 1062 2293 instar
1085 2230 1196 2310 objecti
1220 2231 1356 2306 alterius,
1380 2231 1419 2292 ad
1438 2249 1564 2292 manen-

208 2329 268 2381 tem
298 2328 330 2380 et
359 2318 615 2399 praescribentem
648 2321 879 2382 commotionum
912 2320 1050 2381 vitalium
1079 2319 1260 2381 naturalium
1284 2319 1457 2389 animalium
1482 2321 1565 2399 leges

209 2417 240 2470 ot
263 2407 469 2483 incitamenta,
493 2427 570 2487 quae
594 2407 744 2483 eveniunt,
770 2416 801 2470 et
823 2409 853 2470 in
878 2426 953 2488 opus
966 2408 1117 2488 prodeunt
1131 2406 1306 2471 salutariter
1324 2409 1373 2469 vel
1386 2407 1564 2487 perniciose,

208 2516 261 2576 pro
284 2496 424 2575 subjecta
446 2497 575 2559 materia
598 2506 630 2559 et
653 2497 888 2559 circumstantiis
912 2499 1053 2567 locorum,
1077 2505 1255 2578 temporum,
1279 2496 1380 2558 dietae
1399 2505 1457 2558 ete.
1498 2497 1564 2560 Ne·

208 2604 264 2666 qne
288 2587 372 2646 coelo
396 2585 524 2648 virtutes
547 2588 683 2648 occultas
706 2595 739 2647 et
762 2586 1000 2662 irrationabiles,
1033 2586 1087 2649 sed
1121 2585 1241 2647 animae
1270 2586 1371 2664 potius
1402 2586 1564 2648 facultates

208 2675 347 2736 sensibus
370 2693 430 2736 non
453 2683 573 2737 utentes
597 2674 705 2750 tribuo,
730 2694 788 2736 nou
812 2694 890 2736 nova
913 2675 1026 2754 specie,
1050 2674 1149 2736 sciunt
1173 2675 1369 2735 enimomnes
1393 2674 1430 2735 de
1450 2673 1563 2735 forma-

208 2763 276 2825 trici
310 2763 472 2838 facultate,
516 2783 592 2844 qnae
624 2782 682 2825 non
712 2782 750 2823 ex
781 2764 969 2843 praescripto
996 2770 1098 2825 tactus
1129 2781 1186 2823 sna
1221 2763 1323 2823 munia
1362 2762 1565 2832 administrat,

207 2853 303 2913 molto
325 2851 423 2915 minus
447 2872 485 2913 ex
509 2853 635 2914 aliorum
659 2870 816 2925 sensnum,
850 2852 904 2912 sed
929 2871 967 2912 ex
995 2850 1102 2913 intima
1124 2849 1242 2912 ratione
1270 2849 1339 2911 inde
1369 2850 1565 2913 screatione

208 2940 266 3002 sibi
290 2940 520 3003 communicata,
553 2938 643 3011 Quod
667 2941 694 3002 si
717 2958 808 3001 sensu
832 2941 935 3029 utitur,
961 2947 994 3002 ut
1008 2938 1167 3000 formatrix
1190 2932 1221 3000 in
1235 2939 1331 3000 Terra
1345 2958 1437 3001 sensu
1452 2958 1563 3014 eorum,

209 3048 285 3111 qnae
317 3040 389 3092 sunt
421 3031 458 3091 de
481 3028 636 3111 praesenti
668 3030 697 3091 in
729 3029 853 3105 mundo,
887 3029 958 3090 dum
988 3026 1019 3089 in
1042 3027 1248 3090 subterraneis
1277 3027 1402 3107 effugiet
1425 3028 1566 3089 sensibus

208 3118 373 3193 bominum;
412 3126 446 3181 ut
477 3118 634 3181 formatrix
666 3118 774 3180 matris
811 3136 902 3180 sensu
930 3123 1082 3179 astrorum
1112 3116 1301 3179 redeuntium
1330 3117 1370 3178 ad
1393 3117 1485 3179 sitnm
1508 3136 1563 3179 suo

208 3207 346 3283 similem,
370 3216 453 3271 certe
477 3209 503 3270 is
527 3228 634 3270 sensus
658 3227 716 3270 non
740 3226 778 3269 ex
801 3207 993 3289 vulgatorum
1016 3206 1144 3289 quinque
1167 3224 1289 3268 numero
1313 3205 1382 3268 erit.

297 3313 361 3377 Soli
386 3315 522 3395 equidem
545 3314 722 3394 potissimas
746 3314 845 3377 tribuo
869 3313 1094 3390 iunctioribus,
1119 3331 1195 3395 quae
1219 3321 1291 3374 snut
1313 3312 1412 3375 stellis
1426 3311 1565 3392 propriae

208 3413 240 3465 et
263 3404 421 3485 genuinae.
468 3405 513 3466 At
535 3403 566 3464 iu
589 3404 647 3466 hac
670 3404 788 3466 ratione
811 3404 924 3484 objecti
952 3410 983 3465 et
1006 3403 1174 3466 animomm
1207 3402 1300 3464 ceteri
1323 3403 1467 3482 planetae
1489 3420 1566 3483 pene

206 3493 270 3572 pari
294 3512 387 3573 passu
410 3512 477 3555 cnm
502 3491 574 3555 Sole
598 3494 762 3566 ambulant,
787 3501 821 3555 ut
843 3494 941 3573 majus
965 3493 1006 3554 sit
1029 3502 1212 3555 momentum
1233 3491 1263 3552 in
1288 3488 1396 3569 όῆιι,
1421 3510 1510 3572 quam
1535 3489 1565 3551 io
1604 3546 1611 3554 .

208 3579 338 3659 όΘόι
373 3581 443 3661 quia
465 3581 542 3659 conj.
569 3591 617 3641 est
639 3581 820 3642 modificatio
845 3582 1013 3660 objectiva,
1038 3581 1138 3642 nitens
1162 3599 1220 3642 non
1245 3591 1353 3642 nature
1374 3582 1565 3658 planetarum

208 3672 381 3743 relatorum,
407 3670 461 3730 sed
486 3669 701 3746 imaginatione
725 3669 911 3746 geometrica
933 3670 1094 3741 mendum,
1119 3688 1195 3749 quae
1220 3668 1395 3747 praesident
1417 3669 1564 3749 patieuti-

209 3760 266 3820 bus
291 3757 475 3837 corporibus.
521 3756 607 3816 Haec
630 3757 745 3817 centies
769 3755 798 3815 in
824 3756 918 3817 literis
943 3756 983 3817 ad
1007 3757 1049 3817 Te
1073 3758 1208 3818 iuvenies
1231 3755 1392 3817 inculcata.

280 3895 466 3944 fabricius:
491 3893 549 3943 Jam
568 3895 601 3943 ad
620 3893 678 3944 alia
711 3894 835 3953 Concedo,
854 3895 1004 3945 Mercedem
1022 3909 1082 3959 prae
1101 3895 1156 3946 aliis
1175 3896 1200 3944 in
1219 3908 1262 3943 suo
1280 3901 1350 3945 motu
1362 3909 1416 3945 esse
1435 3896 1564 3945 incertum.

209 3965 281 4014 Facit
302 3964 350 4013 lroc
374 3970 492 4028 exparte
515 3965 661 4015 observandi
679 3967 882 4025 incommoditas,
909 3967 1067 4016 latitudinum
1085 3968 1214 4031 implicata
1231 3966 1340 4015 varietas
1358 3964 1404 4017 dte.
1441 3966 1567 4017 Videntur

211 4042 295 4085 autem
312 4042 364 4083 tres
382 4035 540 4086 latitudinum
558 4037 654 4101 species
672 4037 705 4088 ad
723 4036 786 4088 duas
805 4035 855 4101 (vel
874 4039 950 4088 etiarn
968 4052 1045 4087 unam
1063 4039 1089 4087 in
1101 4033 1213 4097 Venere)
1234 4037 1363 4087 commode
1381 4038 1465 4088 reduci
1477 4052 1565 4102 possm

209 4110 234 4156 in
253 4106 407 4172 longitudine
426 4121 521 4171 quoquo
539 4107 675 4158 faciliorem
693 4110 759 4159 viam
782 4111 887 4160 inveniri
904 4124 976 4175 mese
994 4125 1044 4159 non
1062 4109 1155 4159 dubito.
1193 4108 1256 4159 cnm
1273 4108 1374 4159 reflexio
1392 4115 1419 4158 et
1437 4109 1566 4159 inclinatio

209 4178 313 4244 epicycli
333 4178 471 4242 aequaliter
489 4178 528 4227 vel
545 4181 760 4243 proportionaliter
777 4189 893 4233 mascam
911 4187 937 4231 et
955 4180 1116 4238 decrescant,
1141 4181 1216 4231 facile
1234 4186 1318 4244 patet,
1345 4195 1422 4231 uuam
1439 4182 1566 4247 uniusque

210 4264 312 4301 censam
332 4264 395 4298 esso.
431 4248 577 4315 imagineris
596 4250 640 4299 tibi
659 4251 795 4314 epicyclum
814 4251 931 4303 Mercurii
956 4250 1034 4313 (more
1053 4252 1206 4303 Ptolemaico
1225 4251 1264 4301 rel
1283 4250 1471 4315 Tychoniano)‚
1497 4255 1566 4315 culus

208 4322 277 4371 linea
293 4321 402 4386 apogaei
420 4334 476 4369 cum
489 4326 541 4370 tcto
560 4321 670 4385 epiryelo
688 4323 840 4385 parallellter
857 4324 896 4374 rel
909 4323 1144 4387 perpendiculariter
1161 4324 1206 4387 ipsi
1220 4323 1325 4388 apogael
1340 4326 1471 4374 eccsntrici
1484 4323 1566 4374 ineas

209 4398 338 4442 moveatm
355 4406 460 4454 semper,
480 4391 552 4455 idque
571 4392 605 4442 ed
622 4399 716 4441 mamm
734 4392 798 4443 Solis
817 4408 935 4444 munum-
973 4393 1110 4444 Mercurius
1128 4400 1257 4444 moveatur
1275 4396 1300 4443 in
1313 4396 1434 4459 epieyclo,
1451 4401 1481 4444 ut
1493 4394 1567 4445 debet

205 4466 279 4525 Juxta
296 4477 367 4513 suam
386 4462 521 4526 periodum.
557 4463 613 4513 Hoc
631 4463 782 4522 madefiat,
808 4472 919 4531 atquae
938 4473 993 4515 erat
1011 4467 1121 4530 superior
1143 4480 1201 4529 pars
1220 4465 1323 4529 epioyeli
1352 4465 1449 4527 (centm
1468 4469 1521 4528 eins
1539 4467 1565 4515 in

210 4549 275 4600 nuga
294 4535 427 4585 eccentriei
446 4532 610 4595 constituto),
637 4535 663 4583 in
680 4536 752 4584 nodis
769 4537 807 4585 rel
826 4538 949 4602 quadrato
969 4538 1074 4602 apogaei
1093 4537 1227 4587 eceentrici
1245 4537 1291 4599 ipsi
1310 4537 1439 4600 eclipticas
1457 4539 1565 4592 uniatur.

210 4613 236 4654 et
254 4605 488 4655 contra'maximee
512 4606 650 4656 reflexionis
674 4614 792 4670 punctum
815 4607 920 4659 laterale
947 4605 985 4671 (in
1003 4622 1116 4674 apogasc
1135 4608 1267 4658 eccentrici
1290 4610 1424 4658 constituto
1443 4604 1565 4672 epicyclo)

209 4684 268 4726 tunc
287 4676 430 4726 devolvatur
449 4676 482 4726 ad
500 4677 591 4727 lineam
609 4676 684 4727 modii
701 4684 782 4727 motus
795 4677 859 4728 Solis
878 4680 910 4730 ad
929 4680 1006 4729 nodos
1024 4679 1175 4737 traductam,
1194 4692 1257 4743 qnae
1271 4685 1296 4728 et
1308 4680 1411 4743 cpicycli
1427 4693 1566 4744 apogaeum

211 4748 282 4813 vulgo
303 4749 434 4805 statuitur3
464 4754 490 4797 et
508 4750 545 4798 sic
563 4749 702 4799 tellerianis
719 4756 852 4813 punctum,
872 4752 948 4816 qnod,
969 4750 1078 4815 epicyclo
1096 4751 1121 4799 in
1141 4751 1272 4800 eccentrlci
1292 4764 1404 4816 apogaeo
1423 4750 1565 4805 mustitano,

209 4824 264 4867 erat
280 4820 306 4867 in
324 4819 443 4869 lateribus
462 4820 583 4884 epicycli‚
610 4835 676 4871 nuuc
693 4822 719 4869 iu
737 4821 831 4871 linem
848 4823 923 4873 medii
948 4829 1030 4873 motus
1050 4820 1113 4872 Solis
1131 4821 1241 4880 ineidat,
1268 4828 1294 4871 et
1311 4823 1347 4871 sic
1365 4822 1499 4871 maximam
1516 4819 1566 4868 illic
1652 4832 1656 4841 ·

207 4889 395 4945 hellnfflouem
412 4890 497 4942 iaciat
