3814 5818
387 340 453 408 308
809 341 910 391 Litsrae
928 339 1031 406 Koplarl
1049 340 1199 405 allorumque
1217 348 1320 391 mutuas

388 501 476 565 basin
499 500 530 563 iu
553 499 648 580 justa,
664 495 864 578 longitudine,
899 498 969 579 quia
992 500 1080 571 (dato
1104 499 1268 580 quadrato)
1294 508 1379 561 certa
1409 500 1474 579 ejus
1507 505 1556 561 est
1583 497 1749 578 longitudo.

387 592 437 653 Its
458 591 547 671 plane
571 588 600 648 in
624 588 681 649 hoc
703 586 839 667 negotio,
864 587 891 649 si
916 587 1046 648 facerem
1060 606 1151 649 uuum
1176 606 1213 649 ex
1240 586 1280 650 12
1305 587 1482 670 aequalibus
1505 587 1610 660 cubis,
1643 585 1751 648 cubum

268 691 277 705 ‘
388 679 473 742 cubis
496 695 626 758 aequare
650 695 707 738 nou
731 695 863 755 possum.
908 674 1142 739 Consideremus
1166 696 1272 738 casum
1296 677 1325 738 in
1349 677 1477 740 cossioa.
1515 675 1631 737 Jubear
1654 692 1750 755 quse-

388 786 453 831 rere
477 766 497 829 2
520 766 636 828 modias
660 765 800 827 continue
814 765 1055 845 proportionales
1079 765 1160 828 inter
1183 763 1203 827 2
1228 775 1260 826 et
1282 763 1481 830 3extremas.
1521 763 1657 845 Oportet
1678 780 1751 844 ergo

387 858 467 920 tales
490 856 567 918 duas
589 854 733 928 invenire,
758 862 800 927 ιιι,
825 854 896 933 quia
918 851 1014 916 2><3
1032 849 1116 928 =6,
1141 853 1239 916 altera
1262 855 1291 916 in
1316 856 1444 917 alteram
1467 856 1572 918 itidem
1588 853 1684 915 iaciat
1707 849 1750 926 63

388 953 420 1008 et
441 953 475 1008 ut
497 944 579 1026 prior
601 944 720 1005 illarum
753 962 821 1005 oum
849 939 868 1005 3
892 951 1011 1005 tautum
1037 943 1145 1019 iaciat,
1179 951 1322 1024 quantum
1350 944 1530 1025 quadratum
1556 941 1750 1022 posterioris3

387 1034 498 1108 tertio,
538 1042 571 1094 ut
602 1032 678 1095 haec
711 1051 777 1094 cum
810 1031 830 1094 2
864 1039 983 1094 tautum
1020 1032 1115 1094 faciat
1148 1040 1293 1113 quantum
1331 1034 1512 1113 quadratum
1543 1030 1652 1112 prioris
1686 1031 1751 1113 (η

979 1115 990 1148 8

390 1190 429 1222 =
443 1161 479 1242 6;
504 1158 667 1247 3x=y²3
693 1161 733 1246 ²5
746 1157 848 1237 =x²;
872 1163 1069 1239 x=ll12).
1107 1164 1222 1227 anear
1246 1168 1336 1248 igitur
1356 1185 1500 1249 quaerere
1516 1163 1648 1228 radicem
1663 1161 1750 1224 cubi·

389 1274 456 1322 cam
479 1255 516 1317 de
543 1250 592 1330 12,
617 1252 695 1334 quod
719 1253 783 1315 fieri
801 1270 859 1313 nou
883 1261 1001 1333 potest;
1040 1255 1229 1317 arithmetice
1254 1276 1325 1329 non,
1360 1257 1416 1319 hoc
1441 1255 1521 1317 enim
1550 1260 1600 1314 εει
1622 1251 1651 1312 iu
1676 1268 1750 1312 oon·

390 1346 489 1417 fesso;
531 1343 714 1423 geometrice
739 1360 814 1415 nou,
849 1342 918 1421 quia
941 1361 1016 1417 noo,
1047 1344 1128 1405 sicut
1152 1332 1190 1405 ad
1214 1344 1371 1424 quodlibet
1393 1344 1537 1419 solidum,
1576 1339 1750 1419 latus‘cubi

389 1432 516 1514 aequale
540 1431 684 1494 constitui
706 1438 820 1510 potest.
867 1430 986 1493 Dantur
1011 1432 1089 1493 enirn
1115 1432 1162 1494 hic
1190 1430 1231 1495 12
1250 1434 1328 1508 cubi,
1353 1453 1476 1514 quorum
1499 1430 1685 1510 singulorum
1701 1428 1748 1489 la-

389 1531 439 1584 tus
464 1528 512 1584 est
538 1518 566 1583 1.
614 1518 649 1582 Si
673 1520 805 1581 lacerem
828 1537 867 1580 ex
894 1517 933 1582 12
956 1521 1134 1600 aequalibus
1158 1520 1243 1583 cubis
1258 1541 1347 1584 unum
1363 1522 1479 1595 cubum,
1504 1520 1576 1594 scic,
1601 1536 1649 1579 me
1673 1519 1749 1579 duas

392 1610 508 1673 medias
531 1607 773 1688 proportionales
798 1609 955 1671 iacturum.
1002 1608 1045 1671 Et
1067 1618 1176 1672 natura
1200 1611 1268 1690 ipsa
1295 1612 1371 1672 dans
1397 1620 1429 1673 et
1453 1609 1620 1672 concedens
1644 1607 1751 1669 cubum

392 1699 476 1762 cubis
502 1695 542 1760 12
568 1699 734 1777 aequalem,
759 1696 896 1759 admittit
920 1707 952 1760 ει
974 1696 1005 1760 2·
1022 1699 1161 1760 continue
1184 1700 1440 1779 proportionales;
1474 1699 1545 1760 illae
1569 1705 1671 1759 tamen
1694 1715 1748 1757 ue-

391 1786 534 1862 sciuntur,
559 1786 734 1866 quantisper
758 1785 862 1866 nequit
885 1785 923 1847 ab
947 1787 1104 1848 intellectu
1127 1796 1232 1849 nostro
1256 1788 1319 1851 fleri
1343 1789 1436 1851 cubus
1460 1786 1544 1849 cubis
1571 1783 1611 1847 12
1635 1804 1749 1866 aequa-

390 1877 438 1951 lis,
463 1875 512 1937 vel
527 1873 676 1956 quotlibet
690 1873 766 1937 aliis.
805 1875 840 1934 Iu
855 1874 911 1935 hoc
930 1893 1001 1955 ergo
1017 1876 1176 1937 discrimen
1197 1884 1252 1951 εει,
1279 1878 1357 1957 quod
1373 1877 1550 1959 quadratum
1571 1873 1686 1935 duobus
1701 1873 1750 1933 vel

391 1963 541 2045 quotlibet
573 1962 641 2024 aliis
669 1962 794 2043 aequale
825 1962 924 2025 facere
953 1982 1093 2042 possum,
1127 1966 1234 2026 cubum
1260 1966 1348 2037 cubis
1379 1986 1509 2047 aequare
1533 1983 1592 2025 nou
1615 1979 1749 2042 possum.

390 2052 470 2133 quod
488 2052 552 2130 jam
575 2051 690 2131 pridem
713 2052 817 2130 probo.
865 2050 933 2113 Hoc
963 2052 1113 2133 interjeoi,
1148 2072 1194 2114 me
1225 2054 1322 2133 ipsum
1352 2074 1495 2117 exercens
1525 2050 1748 2115 inscribendo.

389 2141 504 2201 Restat
526 2139 598 2201 mihi
621 2140 759 2219 probare,
785 2158 821 2199 ne
847 2140 996 2220 quadrata
1019 2141 1140 2221 quidem
1162 2143 1267 2204 talium
1291 2143 1416 2206 duarum
1436 2142 1506 2206 sciri
1519 2144 1622 2223 posse.
1661 2137 1749 2211 Qua-

389 2229 480 2290 drata
501 2228 721 2309 incognitarum
744 2247 855 2308 quaero
878 2247 933 2309 per
947 2229 1172 2309 proportionem
1186 2231 1358 2310 planorum,
1384 2233 1453 2313 qnia
1477 2231 1549 2306 scio,
1574 2229 1653 2311 qnod
1675 2246 1749 2309 pro-

388 2317 488 2398 portio
510 2317 668 2397 planorum
698 2316 789 2398 dupla
819 2316 861 2379 sit
883 2318 1086 2397 proportionis
1111 2319 1266 2381 linearum.
1313 2320 1357 2383 Ut
1381 2321 1460 2383 sicut
1482 2321 1579 2401 prima
1603 2325 1676 2379 nota
1700 2318 1749 2393 (a)

389 2407 428 2468 ad
447 2406 569 2467 tertiam
589 2407 646 2480 (c),
670 2405 714 2467 sic
733 2406 914 2485 quadratum
927 2407 1155 2486 praecognitum
1171 2410 1205 2484 (a
1212 2402 1237 2483 ²)
1257 2411 1295 2470 ad
1312 2410 1490 2489 quadratum
1505 2407 1654 2470 secundae
1670 2401 1748 2480 (b‘).

387 2494 431 2557 Et
454 2494 533 2556 siout
554 2494 573 2555 b
603 2484 642 2555 ad
672 2494 692 2555 d
720 2495 764 2556 sic
794 2488 831 2556 b²
859 2495 898 2556 ad
921 2489 964 2558 ε’.
1013 2495 1110 2557 Vides
1135 2497 1240 2577 igitur,
1273 2517 1309 2559 eo
1333 2498 1399 2577 ipso
1424 2499 1503 2580 quod
1526 2496 1644 2559 mediae
1668 2490 1764 2568 sunt,

388 2602 559 2644 mensuram
592 2583 805 2663 quadratorum
837 2582 901 2645 lieri
936 2584 1034 2645 lineas
1067 2585 1235 2666 incognitas
1269 2586 1368 2666 ipsae,
1407 2607 1483 2668 quae
1517 2584 1748 2667 quaerebantur.

385 2671 465 2737 Nam
489 2671 560 2752 quia
576 2672 706 2752 ‚duplam
728 2673 958 2752 proportionem
982 2673 1048 2753 ejus
1063 2674 1218 2745 habemus,
1243 2675 1296 2736 illa
1319 2676 1409 2738 aliter
1433 2677 1461 2738 iu
1486 2671 1508 2739 4
1531 2674 1668 2736 terminis
1691 2691 1747 2734 ne-

387 2761 451 2842 quit
483 2759 587 2823 haberi
620 2779 708 2841 quam
740 2769 775 2823 nt
807 2781 826 2822 a
853 2761 893 2823 ad
920 2782 937 2824 o
966 2762 1009 2824 sic
1038 2757 1075 2825 ε’
1094 2764 1133 2825 ad
1161 2761 1207 2839 b²‚
1242 2771 1274 2825 et
1300 2773 1334 2826 ut
1357 2765 1377 2827 b
1400 2766 1482 2827 add
1514 2764 1557 2827 sic
1580 2756 1619 2823 b²
1642 2762 1681 2823 ad
1704 2754 1747 2823 ε’.

386 2850 429 2913 Ει
460 2849 490 2911 iu
513 2850 699 2912 universum:
738 2848 904 2932 quicunqne
938 2850 1018 2914 modi
1053 2862 1123 2915 suut
1154 2852 1357 2932 investigandi
1390 2854 1483 2933 plana
1511 2853 1541 2914 in
1569 2847 1589 2915 3
1613 2849 1749 2913 terminis

387 2938 527 3001 contiuua
557 2939 847 3019 proportionalibus,
883 2959 986 3003 omncs
1017 2951 1140 3003 cessant
1172 2950 1204 3004 ει
1227 2941 1303 3003 irriti
1327 2951 1398 3004 sunt
1429 2943 1459 3005 in
1486 2937 1508 3004 4
1533 2941 1683 3013 terminis,
1715 2957 1750 2999 co

387 3029 468 3107 ipso,
503 3028 579 3108 quod
606 3037 652 3090 ter
676 3049 733 3090 uon
758 3037 807 3090 εει
830 3037 945 3108 quater.
993 3030 1069 3092 Esto
1099 3030 1192 3106 enim,
1224 3039 1257 3092 ut
1288 3030 1353 3111 quis
1383 3039 1488 3111 putet,
1519 3048 1577 3091 non
1602 3027 1751 3110 quadrata

386 3116 501 3197 prima,
535 3117 590 3178 sed
618 3117 751 3178 secunda
778 3136 846 3178 esse
877 3117 1006 3181 invicem
1035 3127 1068 3180 ut
1098 3120 1306 3181 numer·us1ad
1338 3138 1493 3182 numerum
1526 3121 1576 3192 (ut
1604 3118 1630 3179 si
1658 3115 1679 3180 2
1708 3115 1750 3178 sit

387 3206 492 3275 radix,
518 3200 591 3266 2.2
606 3199 678 3267 --4
701 3214 750 3266 εει
774 3205 952 3284 quadratum
976 3205 1118 3285 primum,
1149 3204 1273 3271 aa:
1289 3203 1329 3271 16
1352 3210 1546 3282 secundum),
1575 3214 1648 3269 tuuc
1677 3224 1749 3285 ergo

387 3301 422 3353 ut
453 3291 552 3370 prima
584 3310 622 3351 ex
654 3293 929 3371 proportionalibus
963 3295 1102 3355 continue
1138 3296 1178 3357 ad
1210 3296 1361 3376 quintam,
1395 3299 1438 3360 sic
1472 3297 1651 3379 quadratum
1682 3295 1748 3377 pri-

390 3397 458 3441 mae
483 3378 523 3440 sd
547 3381 727 3459 quadratum
748 3381 919 3455 'secundae3
948 3382 1003 3444 sed
1031 3382 1136 3463 quinta
1165 3392 1213 3446 εει
1235 3404 1295 3446 uua
1318 3398 1357 3447 ex
1379 3387 1485 3450 mediis
1508 3386 1588 3448 inter
1611 3392 1750 3465 quartam

388 3477 420 3530 ει
442 3467 603 3547 septimam
626 3468 658 3543 [a
668 3467 729 3543 (2),
755 3469 783 3545 1),
809 3489 835 3543 o,
860 3465 951 3545 d(3),
977 3489 1003 3544 e,
1029 3471 1093 3551 ig,
1120 3492 1191 3553 ergo
1212 3474 1357 3553 septimus
1377 3470 1460 3560 4¹l,],
1490 3476 1559 3557 quia
1583 3475 1748 3554 biquadr'a-

388 3566 487 3618 torum
510 3555 588 3618 ratio
604 3557 770 3639 quadrupla
794 3567 842 3620 est
857 3559 981 3621 rationis
999 3562 1125 3624 laterum
1149 3571 1189 3639 et,
1215 3572 1249 3625 ut
1263 3565 1341 3626 ratio
1366 3585 1385 3626 a
1408 3566 1448 3627 ad
1472 3585 1488 3626 e
1512 3565 1556 3627 sic
1581 3557 1616 3626 a*
1639 3563 1679 3625 ad
1701 3555 1747 3624 b‘.
1833 3574 1842 3583 ’

388 3644 423 3708 Si
447 3664 518 3726 ergo
543 3646 724 3725 biquadrata
747 3640 783 3708 a*
806 3652 838 3709 et
861 3642 898 3710 b*
920 3658 998 3724 suut,
1024 3658 1059 3712 ut
1081 3652 1147 3714 vult
1169 3651 1311 3732 objectio.
1337 3654 1394 3715 duo
1414 3654 1537 3728 numeri,
1563 3661 1651 3715 crunt
1673 3673 1693 3713 a
1716 3658 1749 3713 et

387 3734 532 3798 eitidem
555 3736 681 3798 numeri.
728 3734 792 3800 Sed
819 3757 835 3799 ε
868 3757 927 3799 nou
951 3747 1000 3800 est
1022 3759 1177 3810 numerus,
1213 3742 1284 3821 quia
1307 3739 1327 3805 3
1352 3742 1391 3803 ad
1415 3739 1475 3827 4¹),
1505 3761 1563 3804 nou
1591 3749 1625 3804 ut
1653 3742 1746 3803 cubu's

388 3824 427 3885 ad
451 3825 577 3899 cubum;
608 3825 642 3900 1),
668 3845 684 3886 o
708 3846 765 3888 uon
790 3835 860 3888 suut
883 3827 1010 3904 numeri,
1036 3847 1104 3890 oum
1128 3851 1159 3905 a,
1188 3829 1207 3891 d
1230 3830 1297 3892 cubi
1321 3850 1381 3892 nou
1405 3832 1482 3905 siut3
1514 3831 1646 3911 ipsorum
1669 3849 1747 3911 qua-

387 3913 477 3975 drata
499 3914 591 3975 etiam
614 3898 673 3975 don
687 3924 759 3976 ειιιιι
782 3915 905 3988 numeri,
929 3917 1001 3997 quia
1024 3917 1068 3981 sic
1093 3918 1122 3993 1),
1148 3938 1164 3978 c
1187 3917 1246 3997 ipsi
1270 3919 1382 3981 fuerint
1405 3921 1528 3995 numeri,
1554 3939 1621 3982 cum
1645 3927 1747 3981 tamen

388 4002 416 4076 d,
442 4020 461 4081 g
484 4019 542 4063 uon
567 4010 639 4064 suut
662 4003 767 4066 cubici.
815 4004 881 4066 Soli
905 4006 973 4067 cubi
997 4006 1034 4068 de
1057 4006 1087 4079 b,
1111 4025 1126 4067 c
1151 4016 1221 4067 sunt
1244 4007 1367 4083 numeri,
1394 4009 1463 4089 quia
1477 4008 1578 4072 media
1601 4009 1658 4071 duo
1672 4026 1745 4088 pro-

386 4090 568 4169 portionalia
600 4091 680 4152 inter
711 4088 733 4155 2
764 4092 804 4153 ad
835 4093 963 4155 iuvicem
1004 4095 1097 4156 cubos
1130 4094 1197 4173 ipsa
1231 4096 1351 4176 quidem
1383 4098 1496 4169 numeri
1526 4117 1594 4160 esse
1623 4097 1744 4159 debent.
1806 4156 1813 4163 ,

388 4178 507 4239 Scimus
533 4197 615 4259 ergo,
640 4180 719 4259 quod
742 4180 760 4241 b
786 4181 827 4242 sit
849 4183 935 4257 radix
955 4184 1061 4246 cubica
1084 4184 1120 4244 de
1140 4182 1188 4259 12,
1214 4204 1229 4245 o
1253 4185 1340 4247 radix
1364 4187 1470 4249 cubica
1489 4188 1526 4249 de
1549 4184 1604 4261 18;
1628 4187 1660 4248 id
1674 4204 1746 4246 vero

388 4274 436 4327 εει
458 4267 584 4329 nescire.
631 4269 678 4330 Ao
702 4287 769 4330 oum
792 4288 852 4330 non
876 4271 938 4333 sint
959 4272 1047 4350 plura
1070 4272 1251 4352 quantitatis
1274 4276 1401 4354 genera,
1426 4276 1484 4338 nisi
1507 4296 1546 4337 ex
1568 4276 1616 4338 his
1638 4275 1744 4348 mista,

388 4354 542 4431 concludo,
567 4356 677 4420 nesciri
701 4358 810 4420 debere
835 4360 942 4434 omnia,
969 4380 1046 4440 quae
1069 4370 1141 4421 suut
1160 4361 1284 4425 duarum
1299 4364 1463 4427 mediarum
1487 4365 1657 4439 (continue)
1671 4381 1744 4444 pro·

388 4444 615 4522 portionalium,
641 4455 762 4527 praeter
786 4447 893 4523 cubos,
924 4454 1034 4530 eosque
1058 4451 1175 4512 nomine
1200 4460 1327 4515 tantum.
1376 4453 1491 4515 Latent
1514 4474 1552 4516 ea
1574 4454 1604 4516 in
1628 4454 1744 4520 ratione

386 4532 545 4595 infinitatis
568 4541 601 4596 et
622 4535 715 4599 inea
736 4555 823 4598 snam
845 4536 959 4599 habent
981 4537 1210 4601 subsistentiam
1217 4561 1226 4615 ;
1251 4560 1308 4621 quc
1331 4542 1430 4622 magis
1449 4544 1565 4619 mirum,
1590 4542 1745 4607 terminari
1794 4592 1799 4601 .

388 4621 500 4701 aliquid
530 4643 550 4684 a
576 4642 637 4685 nou
660 4626 832 4688 terminato.
879 4627 984 4708 ltaque
1008 4626 1153 4707 ignoratis
1177 4629 1344 4691 rationibus
1368 4633 1541 4712 septanguli
1569 4632 1666 4715 lugiet
1688 4634 1745 4697 hoc

386 4709 574 4774 intellectum
604 4722 752 4789 nostmm,
787 4733 879 4797 quare
903 4723 935 4777 ct
957 4715 1143 4779 intellectum
1172 4728 1299 4780 naturae
1332 4719 1413 4792 (dico
1437 4721 1520 4782 illam
1542 4720 1604 4782 vim
1627 4723 1744 4785 auimo-

387 4818 453 4865 rum
476 4808 509 4863 ει
527 4802 699 4881 formarum,
726 4822 785 4885 qua
807 4823 927 4868 suorum
950 4822 1106 4887 corporum
1128 4808 1262 4870 membra
1284 4826 1403 4889 semper
1426 4810 1532 4873 eodem
1553 4811 1642 4874 modo
1665 4813 1744 4896 ligu-
