3814 5818
699 373 1001 441 &ww
1459 374 1522 440 tot

162 534 210 596 Et
230 542 333 595 umen
356 531 411 595 iila
434 532 553 615 tragica
573 531 687 611 passim
710 531 885 594 industria
907 531 964 593 sub
988 531 1051 611 ejus
1066 531 1185 595 nominc
1199 534 1373 613 palliantur.
1411 537 1525 599 Astro-

164 622 228 701 logi
252 622 398 695 dicerent,
424 618 526 700 vigere
551 620 745 682 directionem
770 621 835 699 ejus
859 620 904 681 Μ.
921 618 956 683 C.
983 621 1030 682 ad*
1045 622 1162 693 00)'et
1188 618 1257 698 *li-

237 779 284 829 His
304 779 425 828 derebus
444 778 550 842 politicis
568 780 751 828 narrationibus
770 778 831 828 nihil
850 780 992 829 addendum
1011 794 1153 838 contemnar
1173 788 1346 846 comparentur
1362 780 1482 831 historici.

238 849 319 910 Quem
338 865 413 914 supra
430 850 491 899 dicit
502 850 635 913 Keplerus,
654 849 943 906 Zimmermauuue,
962 850 1168 916 superintendens
1181 859 1235 901 erut
1258 851 1525 913 ecclesiarumStyriaa

162 920 270 971 Lutheri
295 920 353 970 fidei
381 922 550 981 addictarum,
576 921 634 970 lude
660 921 691 970 ah
718 935 783 970 anuo
803 917 881 969 tete.
919 920 1000 971 Natus
1019 928 1058 972 est
1081 936 1147 971 auno
1167 920 1237 970 ihil)
1253 921 1398 979 ileostadii‚
1421 923 1447 971 iu
1466 922 1523 971 ciri·

165 999 222 1042 tate
247 991 477 1057 wurembergia,
511 1000 537 1042 et
561 991 694 1042 hiaeetliuo
721 993 814 1054 pridem
842 993 953 1042 amicitia
976 995 1122 1055 conjunctus
1148 1000 1217 1050 erat.
1246 1008 1301 1043 cum
1325 1000 1428 1057 uterque
1454 991 1526 1042 simul

166 1078 212 1127 per
241 1063 334 1128 aliquot
361 1077 440 1113 anuos
466 1063 649 1128 Heidelberpae
673 1070 879 1120 commoraretur,
906 1062 948 1113 ille
973 1078 1045 1114 sacer
1070 1065 1186 1128 principie
1216 1072 1297 1114 orator
1324 1072 1350 1113 et
1377 1078 1393 1113 a
1417 1064 1526 1113 consiliis

167 1133 360 1252 ecclesiasticus,
384 1133 425 1183 bic
452 1135 593 1184 matheseos
618 1134 746 1197 professor.
783 1133 822 1183 De
848 1133 1043 1184 Zimmermanni
1069 1135 1118 1184 lilio
1145 1135 1222 1185 refert
1245 1134 1368 1198 Keplerus
1391 1133 1524 1184 Maestliuo

164 1220 196 1254 su
313 1241 318 1251 .
357 1202 384 1253 0.

197 1218 333 1324 anittegris
347 1274 449 1339 Kepleri
463 1274 487 1323 d.
503 1273 544 1323 lb.
554 1272 639 1324 hiartii
657 1274 783 1337 respondit
795 1273 996 1327 Haestlinus
1013 1252 1122 1340 pldsibus
1143 1276 1275 1341 „postridie
1288 1273 1342 1325 cel.
1351 1274 1413 1337 hisi.
1428 1234 1523 1324 15983*

164 1345 240 1408 Quae
258 1361 290 1396 ex
306 1346 344 1395 hia
365 1346 444 1396 itteris
460 1345 510 1394 huc
528 1347 662 1410 pertinent,
680 1346 744 1394 haec
761 1353 831 1395 suut:
970 1349 974 1353 '
1213 1380 1217 1385 .

237 1415 337 1466 literas
349 1416 426 1473 Tuas.
440 1415 548 1466 Doctise.
557 1415 610 1473 Vir,
629 1415 736 1465 Domine
749 1424 775 1466 et
788 1418 869 1466 amica
881 1416 1008 1481 percheto,
1029 1419 1114 1481 accepi
1126 1418 1185 1469 mihi
1198 1418 1367 1483 gratissimam
1386 1417 1446 1467 mihi
1463 1432 1523 1482 quo·
1560 1433 1570 1447 ·

165 1502 214 1551 que
232 1495 353 1553 pergrata
370 1494 410 1537 est
426 1487 591 1550 respondendi
610 1489 716 1537 occasio.
755 1486 805 1536 Sed
823 1488 865 1537 ubi
877 1489 969 1537 laciam
987 1488 1101 1538 initium?
1138 1490 1177 1538 au
1195 1504 1245 1538 uon
1265 1490 1297 1538 ab
1316 1503 1354 1549 eo,
1373 1489 1439 1552 quod
1450 1503 1524 1551 super

165 1558 266 1608 modurn
283 1559 380 1623 ingenti
397 1558 525 1607 moestitia
541 1573 583 1608 cor
600 1572 683 1607 meum
702 1557 790 1606 afflixit
809 1566 835 1607 et
854 1557 935 1609 adhuc
954 1558 1062 1626 affligit?

238 1627 321 1677 Natus
340 1630 387 1678 luit
404 1628 464 1677 mihi
483 1629 560 1681 filius.
587 1635 661 1677 uatus
680 1634 718 1676 est
737 1630 814 1677 mam
831 1629 884 1678 tibi.
923 1630 976 1678 sb!
1007 1630 1109 1680 Utinam
1128 1629 1222 1680 felicior
1239 1635 1296 1679 tuus
1315 1628 1421 1686 eradat,
1448 1636 1522 1694 atque

164 1706 191 1749 te
218 1706 337 1763 tuumque
363 1702 476 1749 suarium
503 1700 576 1748 aliter
603 1697 735 1748 exhiberet.
774 1698 876 1763 Sperari
900 1701 1041 1750 diuturnam
1063 1703 1140 1751 sitam
1163 1700 1231 1751 tilioli
1255 1701 1318 1758 mei;
1348 1699 1455 1751 confisus
1478 1701 1522 1758 lui,

164 1773 246 1836 ipsum
264 1773 401 1820 senectutis
419 1769 552 1834 aliquando
576 1784 648 1819 meae
666 1784 726 1834 prae
746 1773 835 1820 ceteris
858 1774 919 1821 meis
937 1773 1020 1821 liberis
1037 1773 1089 1822 lore
1107 1772 1233 1821 baculum.
1269 1771 1372 1821 Promisi
1390 1771 1449 1820 mihi
1467 1771 1521 1834 plu·

164 1845 229 1892 rima
248 1841 278 1889 de
297 1842 363 1906 ipso;
383 1841 425 1890 alii
442 1841 501 1890 mihi
521 1856 550 1890 ex
570 1843 650 1890 auimo
669 1849 727 1889 sunt
744 1842 872 1906 gratulati.
910 1842 962 1907 Epo
975 1842 1031 1891 Deo
1049 1857 1111 1907 quae
1128 1843 1291 1907 persolverem
1308 1842 1403 1907 gratiae
1420 1842 1521 1900 nesciri,

165 1913 251 1963 sedulo
270 1918 355 1962 tamen
380 1912 557 1961 ardentissimis
577 1914 640 1960 rotis
666 1912 746 1975 ipsum
769 1913 906 1963 sollicitari.
945 1912 1038 1963 Verum
1060 1913 1121 1963 illud
1143 1928 1224 1963 meum
1243 1914 1361 1979 gaudium
1380 1912 1522 1961 diuturnum

165 1999 216 2035 uou
233 1984 289 2032 luit.
325 1981 392 2032 Nam
411 1982 444 2032 ad
463 1982 479 2030 5
499 1983 651 2046 septimense
675 1998 725 2032 uon
750 1985 876 2047 perreuit;
905 1986 997 2034 etenim
1020 1985 1059 2034 dle
1078 1980 1112 2049 ζ,
1138 1985 1179 2048 qui
1198 1985 1244 2033 luit
1263 1982 1305 2031 lb.
1325 1984 1385 2032 Feb.
1404 1983 1522 2046 epilepsia

165 2056 278 2106 laborare
297 2055 371 2117 cepit,
389 2051 452 2103 hora
469 2055 551 2104 noctis
570 2051 602 2111 ὃς
621 2053 679 2102 iude
698 2068 748 2119 seq.
769 2055 809 2104 die
828 2056 951 2104 continuis
969 2057 1113 2119 paroxiemis
1131 2061 1212 2104 totum
1230 2054 1399 2118 corpusculum
1419 2068 1521 2104 enem-

162 2136 217 2178 tum
234 2124 291 2180 fuit,
310 2132 340 2173 ut
356 2124 418 2174 bora
436 2126 515 2174 noetis
537 2122 569 2172 10
587 2132 738 2189 postremum
756 2126 910 2176 exhalaverit
922 2128 1042 2190 spiritum.
1081 2126 1135 2175 Ab!
1163 2125 1281 2175 Ubimea
1292 2123 1421 2188 illaspeal
1440 2140 1523 2174 meum

163 2192 301 2264 gaudium?
328 2196 388 2245 illae
406 2194 607 2260 gratulationes?
643 2194 672 2244 Iu
690 2198 857 2252 moestitiam.
882 2196 1022 2259 lachrymas
1042 2205 1067 2248 et
1085 2196 1276 2260 insuperabilem
1295 2195 1420 2245 tristitiam
1439 2197 1524 2245 omnia
1564 2237 1570 2241 .

164 2278 222 2318 suut
241 2265 359 2315 resoluta.
397 2265 479 2315 Natus
498 2267 544 2315 luit
561 2265 621 2314 mihi
639 2266 704 2314 iilius
723 2282 772 2316 nou
790 2267 858 2316 filia:
891 2276 917 2317 ct
935 2268 1034 2332 quidem
1052 2284 1082 2318 eo
1100 2274 1274 2332 temporeque
1293 2268 1400 2316 maxime
1419 2277 1520 2329 exopta-

164 2353 255 2389 reram.
288 2334 386 2389 Nomen
405 2336 437 2386 ab
455 2338 569 2402 Augusto
586 2339 696 2401 principe
715 2339 975 2403 accepitAugustum
1006 2342 1146 2405 Augustum
1165 2338 1273 2388 lutosum
1291 2338 1395 2403 sperari.
1429 2336 1523 2386 Verum

163 2416 242 2461 morte
259 2412 287 2456 et
303 2408 402 2471 puidam
420 2408 566 2471 epileptica.
594 2408 664 2465 dira,
687 2409 749 2465 ista,
768 2423 833 2473 quae
850 2410 998 2459 ridebantur
1015 2411 1160 2462 leliciseiuss
1181 2410 1280 2467 omina,
1308 2411 1334 2458 iu
1357 2408 1459 2459 nibilum
1477 2409 1521 2459 ab·

162 2483 251 2533 ierunt

234 2549 285 2600 Sed
302 2563 350 2612 quo
368 2548 431 2598 abeo
451 2548 581 2598 affectibus
599 2556 626 2598 et
643 2550 867 2611 perturbationibus
895 2549 1043 2616 (aquibus,
1071 2551 1091 2599 si
1117 2550 1189 2600 hena
1207 2551 1243 2600 eis
1260 2550 1357 2608 luem,
1381 2564 1421 2598 mo
1439 2551 1479 2599 rix
1497 2556 1523 2600 et

163 2623 272 2687 prolecto
290 2623 330 2669 rix
347 2634 463 2669 mooun
482 2616 592 2682 possum)
610 2621 714 2670 nimium
736 2621 842 2670 inhians.
879 2623 1007 2686 Augustus
1026 2623 1107 2670 estin
1126 2622 1230 2685 glorioso
1250 2629 1355 2686 augusto
1370 2620 1522 2685 Angelorum

164 2694 245 2752 choro,
264 2691 441 2754 compendiosa
458 2692 499 2738 ria
517 2690 550 2739 ad
568 2691 593 2739 id
611 2691 675 2753 quod
693 2692 862 2755 principaliter
878 2706 1007 2756 speramus
1026 2694 1145 2754 pervenit
1182 2693 1217 2740 At
1236 2707 1292 2756 ego.
1311 2693 1359 2741 etsi
1375 2693 1456 2753 omine
1473 2690 1522 2741 hoc

163 2779 212 2814 uon
230 2765 349 2825 deceptu
366 2776 434 2817 sum,
461 2775 533 2810 omen
555 2768 641 2811 nmen
663 2763 730 2811 istud
753 2764 826 2826 louge
851 2761 924 2812 aliter
945 2761 1006 2811 mihi
1030 2763 1066 2811 lui
1085 2764 1268 2826 interpretatus.
1307 2761 1383 2811 Vivat
1400 2775 1459 2825 erpo
1477 2762 1521 2819 ibi,

164 2831 527 2897 buaturquibueuosadhuc
550 2834 713 2896 iuspeipee
735 2834 762 2882 iu
785 2847 824 2891 re,
854 2831 986 2897 quiaDeo
1010 2834 1049 2882 ita
1072 2834 1151 2881 risum
1175 2839 1225 2882 est:
1255 2834 1354 2883 iuterim
1379 2832 1521 2881 tameusui

162 2920 280 2970 mgnum
298 2904 446 2953 desiderium
462 2903 504 2951 bio
521 2903 580 2952 mibi
598 2903 703 2967 reliquit.
740 2902 911 2953 Veruntamen
934 2905 1051 2968 quoniam
1077 2903 1247 2953 animadverto
1269 2907 1349 2966 ipsum
1373 2902 1521 2966 longaevum

163 2977 201 3026 rix
218 2979 326 3027 futurum
338 2975 413 3033 luisse
431 2970 498 3033 (ride
516 2987 592 3037 supra
608 2990 633 3037 p.
647 2971 720 3034 298),
740 2988 789 3038 ago
807 2973 863 3023 Deo
883 2976 993 3038 gratiae,
1012 2974 1078 3036 quod
1095 2989 1145 3023 uou
1163 2975 1206 3023 diu
1222 2974 1267 3024 illa
1284 2989 1328 3037 spe
1347 2973 1382 3022 fui
1400 2971 1516 3021 laetatus.

162 3046 283 3097 Dominus
300 3045 384 3103 dedit,
412 3044 534 3095 Dominus
553 3045 668 3100 abstulit.
694 3046 727 3093 eit
750 3059 841 3094 nomen
859 3044 960 3094 Domini
987 3042 1040 3106 (Ab
1058 3059 1133 3109 quam
1152 3058 1227 3110 aegre
1245 3045 1309 3095 haec
1328 3059 1359 3094 ex
1375 3043 1519 3107 perturbato

164 3119 237 3168 corde
261 3113 433 3181 prorumpunt)
461 3116 627 3167 benedictum.
664 3115 757 3167 Verum
781 3115 827 3165 dat
848 3116 963 3166 voluntas
987 3124 1046 3174 tua,
1074 3115 1194 3166 Domine!
1235 3115 1311 3166 Plura
1336 3114 1443 3165 scribere
1469 3128 1520 3163 uon

162 3204 292 3310 wem
310 3258 342 3307 ad
359 3258 418 3309 alia.
454 3258 630 3319 Tristissimum
657 3271 687 3307 ex
710 3256 788 3306 literis
806 3258 855 3306 tuis
873 3258 973 3321 percepi
991 3258 1109 3309 nuncium
1133 3256 1164 3308 de
1182 3263 1261 3308 morte
1280 3255 1343 3307 Rev.
1362 3254 1416 3304 Viri
1433 3255 1466 3305 D.
1485 3255 1519 3306 D.

78 3346 82 3351 ”
164 3329 236 3379 Wllh.
254 3330 454 3379 Zimmermauui.
492 3329 533 3378 Ab
549 3335 669 3393 quanam
687 3328 794 3378 ecclesia
812 3327 860 3377 Dei
878 3329 926 3378 hoc
944 3329 1034 3378 amisso
1054 3327 1112 3378 Viro
1129 3330 1190 3379 iecit
1203 3328 1344 3392 jacturam!
1381 3326 1450 3377 Deus
1470 3326 1519 3377 cle·

162 3409 258 3451 menter
276 3403 329 3462 eine
346 3401 504 3458 misereatur,
533 3405 559 3449 et
576 3401 602 3448 iu
621 3400 702 3448 locum
725 3400 801 3463 ipsius
826 3401 850 3449 el
868 3399 944 3449 ahum
962 3400 1075 3457 fidelem,
1102 3401 1143 3464 qui
1167 3402 1221 3465 pari
1246 3400 1394 3448 dexteritate
1417 3399 1519 3462 praesit,

162 3473 303 3523 ubatituat·
338 3471 407 3521 Dum
425 3485 456 3521 ex
472 3472 549 3521 literis
560 3467 617 3521 'tuis
634 3476 739 3520 mortem
756 3470 829 3533 hujus
845 3471 890 3520 siri
909 3471 1009 3536 collegis
1035 3472 1097 3522 meis
1114 3471 1240 3526 reierrem,
1259 3485 1344 3521 omnes
1361 3469 1522 3520 vehementer

161 3545 342 3610 rogauerunt,
368 3543 410 3593 le.
425 3542 532 3593 ecdesia
557 3543 704 3606 praesertim
722 3549 858 3590 rmtrorum
881 3541 991 3593 locorum
1016 3542 1148 3592 admodum
1173 3543 1280 3593 solliciti.
1318 3540 1368 3591 Sed
1392 3554 1520 3605 speramus

162 3614 257 3674 Deum,
286 3617 327 3679 qui
350 3616 431 3679 ipsum
453 3614 555 3663 taudem
583 3628 613 3662 ex
634 3612 673 3661 bis
698 3613 821 3661 aerumnis
846 3611 974 3669 liberarit,
1003 3612 1125 3663 ecclesiae
1151 3627 1213 3664 suae
1235 3614 1325 3662 iterum
1342 3618 1447 3676 paterne
1465 3626 1520 3663 ease

180 3702 192 3736 r
251 3694 355 3736 tturum.

163 3700 306 3818 pospeQuae
331 3757 372 3813 de.
388 3752 513 3804 cometa
535 3753 583 3803 dici
601 3752 700 3812 scribis,
728 3765 805 3814 uuper
829 3751 905 3800 etiam
924 3751 1025 3801 aliunde
1046 3751 1079 3800 ad
1096 3766 1136 3801 me
1154 3753 1240 3803 delata
1258 3758 1323 3801 suut
1360 3751 1454 3801 Verum
1471 3765 1519 3815 ego

164 3834 286 3879 eumaem
312 3827 406 3877 nullum
430 3824 487 3873 ridi.
523 3823 642 3873 Exisu'mo
665 3830 750 3874 autem
775 3818 812 3881 (id
834 3821 900 3885 quod
917 3837 948 3871 ex
966 3822 1158 3872 olrcumstantlis
1177 3822 1279 3888 colligo.
1306 3822 1364 3871 dum
1385 3821 1520 3885 diligenter

163 3913 213 3963 pas
229 3905 302 3963 parte
325 3897 387 3948 coeli
412 3896 478 3945 risus
501 3895 576 3945 luerit
595 3890 774 3958 explorarem),
801 3895 862 3943 istos
888 3892 1000 3942 homines
1022 3893 1150 3942 vicinitate
1168 3892 1191 3953 il
1210 3901 1237 3943 et
1255 3884 1280 3957 Ω
1299 3892 1417 3955 deceptos
1434 3891 1518 3950 ltu'sse,

163 3970 263 4034 quaudo
281 3970 396 4019 nimirum
415 3959 439 4031 Ω
458 3966 582 4016 interdum
599 3980 643 4030 per
660 3966 738 4016 nubes
756 3964 868 4014 caudata
885 3965 939 4013 risa
955 3964 1010 4012 luit

232 4039 453 4104 Astrologiam
470 4037 542 4087 rideo
560 4044 585 4086 te
603 4051 654 4086 uon
671 4037 787 4100 abiicere.
824 4037 859 4084 At
876 4048 924 4084 neo
942 4048 975 4083 ea
992 4034 1097 4097 priomm
1114 4046 1226 4083 meamus
1236 4033 1363 4084 literarum
1380 4032 1428 4082 fult
1439 4047 1518 4084 meus.

164 4110 215 4161 Sed
233 4125 291 4176 epo,
308 4124 356 4160 neo
375 4124 424 4158 uon
443 4107 486 4156 alii
503 4121 601 4157 mecum
619 4107 776 4157 vehementer
794 4106 909 4157 admirati
927 4112 1000 4163 suut,
1024 4118 1075 4168 qua
1091 4119 1118 4155 re
1135 4104 1161 4154 iu
1180 4104 1339 4171 Prognostieo
1357 4105 1430 4166 hujus
1451 4102 1519 4154 rtet

163 4196 221 4233 um
238 4188 368 4245 tautopm
388 4177 571 4243 exagitastis?
606 4177 753 4243 llmpoudee
770 4178 810 4226 his
827 4178 917 4234 literim
944 4183 971 4225 te
989 4190 1038 4225 uon
1057 4176 1232 4241 astrologiam,
1255 4177 1300 4227 sed
1317 4176 1417 4226 inutilia
1433 4176 1518 4225 domo·

163 4268 219 4303 rusa
233 4251 399 4303 moralium
418 4251 585 4301 iustrumenta
603 4256 677 4313 atque
696 4249 727 4298 de
746 4248 848 4311 speciali
864 4247 1035 4310 praedictione
1053 4253 1211 4312 arrogantem
1231 4249 1440 4312 praesumtionem
1458 4260 1517 4296 con·

164 4326 247 4375 tutare
264 4322 310 4374 ba
347 4325 383 4372 st
406 4321 467 4371 mihi
489 4321 635 4370 ridebantur
652 4321 703 4369 ista
719 4321 746 4368 iu
765 4320 841 4369 alium
858 4324 994 4368 tractmm
1011 4318 1161 4367 reservanda
1177 4318 1259 4378 iubae,
1280 4318 1307 4368 ln
1325 4333 1373 4383 quo
1392 4333 1447 4368 cum
1460 4318 1518 4368 solis

163 4395 265 4446 eruditis
285 4394 404 4458 disputari
421 4398 513 4455 posset
551 4391 600 4441 Hic
617 4406 642 4439 n.
662 4404 719 4440 cum
736 4391 831 4440 rustica
854 4389 926 4452 plebe
945 4394 971 4438 et
989 4388 1086 4445 idiotis.
1113 4402 1130 4438 a
1153 4390 1240 4452 quibus
1263 4404 1312 4439 uon
1338 4402 1456 4454 arrogans
1474 4388 1519 4439 illa

162 4467 322 4531 praesumtio.
342 4464 387 4514 sad
403 4463 565 4529 prognostica
581 4461 613 4512 de
630 4461 788 4524 proventibus
807 4460 875 4517 anui
894 4459 925 4509 de
942 4459 1013 4508 bellis
1031 4465 1140 4523 atquae
1158 4459 1283 4520 eiusmodi
1297 4467 1363 4516 eunt,
1382 4466 1517 4522 expectau-

163 4546 205 4587 tur
223 4542 268 4586 aut
284 4540 439 4599 spectantur,
459 4535 549 4599 agitur.
586 4531 685 4583 Etenim
702 4531 740 4580 hie
758 4533 846 4596 ignota
864 4536 922 4579 suut
938 4530 1103 4580 fundamenta
1120 4530 1243 4579 rationum
1263 4527 1296 4577 12
1308 4528 1435 4580 dommum
1447 4529 1518 4588 coeli,

150 4608 337 4673 ,triplicitatem
356 4604 402 4655 do
440 4604 491 4655 Sed
508 4606 540 4654 de
557 4603 596 4653 his
613 4604 691 4652 etiam
708 4602 814 4665 quiesco.
851 4599 929 4649 Vides
947 4615 987 4651 ma
1004 4607 1114 4651 mentem
1131 4607 1201 4650 tuam
1218 4614 1268 4650 nou
1286 4601 1454 4666 impugnasse,
1473 4600 1519 4650 sed

164 4679 230 4744 quod
246 4677 307 4727 mihi
324 4676 446 4737 rideatur,
466 4689 523 4726 eam
540 4674 708 4737 impertlueuti
725 4671 780 4720 loto
798 4671 874 4721 luisse
892 4672 1050 4735 propositam,
1069 4671 1184 4721 niudrum
1201 4671 1291 4720 esltem
1307 4673 1334 4721 lu
1351 4672 1517 4735 prognostico,

162 4763 228 4815 quae
246 4748 338 4797 duram
355 4762 432 4798 uuum
451 4759 556 4803 mum,
576 4758 633 4796 cum
651 4743 702 4794 alia
719 4742 826 4804 scripta.
845 4742 933 4806 quibus
949 4741 994 4791 illa
1011 4743 1117 4792 materia
1135 4741 1285 4792 commodius
1303 4743 1406 4792 tractari
1423 4741 1516 4804 potuis·

161 4826 211 4879 m,
228 4826 279 4942 ⁸3:
294 4825 423 4956 Ρὸἶῖῗῖ
435 4887 656 4940 astronomtoo
681 4889 726 4935 tuo
747 4880 906 4953 vehementer
934 4881 1015 4954 laetor
1039 4879 1100 4935 mitt
1122 4881 1156 4933 ad
1177 4887 1204 4934 te
1221 4878 1345 4935 mlbeudl
1362 4878 1517 4953 monem
