3814 5818
702 372 735 424 θ·
750 373 824 424 ¹⁸⁶⁸·
841 373 1005 442 W·
1469 372 1534 441 313

171 529 271 593 Rheni
293 536 412 593 tractum
432 530 628 595 conmemuit:
660 530 768 612 itaqus'
785 531 852 612 jam
875 551 933 594 non
957 534 1037 613 apud
1060 551 1116 595 vos
1139 532 1251 608 solum,
1285 534 1339 597 sed
1363 541 1396 598 et
1416 535 1447 598 in
1474 534 1534 599 Al·

174 619 267 695 satia,
291 618 534 699 Luxembnrgia‚
558 620 748 698 Burgundio,
774 618 894 696 Gallia,
920 621 1063 684 Helvetia
1090 621 1168 684 varii
1190 629 1308 698 motus,
1334 624 1403 687 dum
1427 624 1534 705 religio

172 708 220 770 rel
244 707 466 789 suspicionibus
496 709 546 771 vel
568 728 600 771 re
623 710 692 789 ipsa
720 709 830 789 agitur.
876 708 958 780 Quid
981 711 1127 774 iaciemus
1156 729 1211 772 nos
1241 710 1286 773 illi
1314 712 1451 788 Palladi,
1484 733 1532 788 ne,

172 799 243 860 dum
275 797 397 859 hastam
428 797 543 870 vibrat,
577 799 692 860 coslum
724 798 924 884 parentent,
953 798 1079 861 Scilicet
1111 800 1150 861 ad
1173 798 1271 863 Deum
1298 801 1533 882 confugiendum

172 886 280 961 unice,
312 893 345 948 et
376 904 415 948 ex
446 885 495 948 his
515 886 694 967 promiscuis
717 887 799 949 vitae
829 888 951 951 casibus
981 888 1169 951 dediscenda
1198 889 1265 951 vita
1288 891 1375 971 ipsa,
1409 898 1444 953 ut
1466 910 1533 953 esni

173 983 260 1039 tanto
283 974 418 1055 aequiori
441 973 541 1037 animo
563 994 718 1057 ponamus,
743 995 810 1039 cum
833 996 967 1040 summus
990 977 1042 1040 ille
1060 977 1190 1057 jusserit
1202 977 1380 1059 imperator.
1420 978 1534 1043 Geters

173 1083 214 1127 ex
234 1073 284 1127 ta:
322 1082 380 1143 quo
403 1064 482 1126 enim
505 1064 561 1127 tibi
584 1066 722 1146 exemplo
746 1066 926 1129 documenta
960 1067 1033 1129 dare
1056 1084 1194 1147 possem,
1227 1066 1258 1129 id
1282 1068 1346 1148 jam
1381 1076 1414 1130 et
1442 1069 1472 1130 in
1501 1075 1534 1130 te

171 1153 250 1234 proh
273 1152 360 1214 dolor
382 1153 538 1231 experiris,
563 1162 595 1215 et
617 1156 723 1235 cuique
746 1172 805 1217 nou
829 1154 958 1217 alienum
973 1156 1151 1234 exemplum,
1175 1156 1229 1217 sed
1253 1175 1325 1218 snus
1349 1175 1439 1220 casus
1459 1176 1533 1236 gra-

173 1241 326 1303 vissimus.
372 1239 440 1320 Ego
463 1243 502 1305 ds
524 1250 570 1319 te,
603 1243 645 1306 mi
673 1242 814 1316 Fabrici,
846 1244 885 1306 ob
912 1245 1059 1307 Uraniam
1092 1252 1228 1307 nostram
1256 1246 1408 1327 privatam
1442 1247 1535 1308 etiam

173 1333 224 1393 alo
247 1329 490 1403 sollicitudinem,
513 1350 602 1412 quam
625 1340 713 1394 tanto
736 1331 834 1412 magis
857 1333 1026 1408 confirmas,
1052 1341 1165 1413 quanto
1187 1340 1219 1396 te
1243 1333 1332 1396 video
1357 1333 1535 1415 diligentio-

172 1438 237 1482 rem
259 1419 291 1481 in
315 1418 543 1499 qnaestld'nibns
567 1420 782 1501 proponendis.
981 1500 985 1507 ι

263 1507 327 1570 Sed
350 1508 487 1571 adrem.
535 1510 659 1572 Literas
683 1529 783 1584 meas,
803 1527 870 1589 sup.
894 1508 1022 1573 Octobri
1047 1510 1194 1591 scriptas,
1226 1529 1281 1592 per
1304 1509 1475 1573 ministrnm
1499 1511 1534 1573 L.

172 1599 211 1659 B.
236 1617 255 1658 a
276 1595 493 1659 Districkstein
517 1599 616 1678 (cnjus
640 1618 707 1661 cum
730 1598 800 1673 lilio,
825 1618 919 1679 nuper
942 1599 971 1660 in
995 1599 1132 1679 Ungaria
1154 1598 1336 1661 variolorum
1364 1607 1397 1661 et
1419 1600 1534 1682 dysen-

174 1684 271 1747 teriae
294 1684 385 1746 malis
406 1686 552 1760 extincto,
577 1686 626 1749 hic
649 1687 679 1749 in
704 1687 884 1767 colloquium
907 1688 1102 1760 venisti)'ad
1127 1707 1234 1750 manus
1258 1686 1440 1751 cancellarii
1464 1688 1533 1749 Fri-

172 1774 239 1836 saei
263 1773 323 1845 (sic
346 1773 453 1835 habuit
474 1774 646 1855 inscriptio)
670 1776 883 1853 transmissas,
912 1775 969 1839 tibi
992 1794 1063 1839 vero
1085 1776 1266 1857 inscriptas,
1290 1786 1364 1856 puto
1387 1785 1419 1838 te
1443 1794 1534 1837 acce-

172 1863 273 1944 pisse3
310 1862 448 1943 quamvis
473 1861 681 1926 cancellarius
710 1864 784 1927 mibi
807 1866 1009 1940 recensuerit,
1043 1884 1078 1927 eo
1102 1865 1170 1945 ipso
1194 1872 1328 1944 tempore
1353 1884 1385 1927 se
1411 1864 1533 1940 abiisse,

175 1970 233 2031 quo
256 1952 308 2012 ille
332 1951 508 2027 advenerat,
533 1972 589 2014 nec
612 1953 725 2015 vidisse
749 1954 806 2016 has
829 1954 945 2018 literas.
992 1953 1124 2035 Require
1149 1954 1242 2033 igitur
1265 1954 1305 2016 ab
1319 1955 1383 2035 ejus
1407 1952 1533 2016 familia.
1603 1950 1609 1959 '

174 2041 231 2102 Hie
255 2040 352 2102 literis
375 2040 414 2101 ad
438 2050 558 2120 partem
581 2050 711 2111 tuarum.
735 2062 811 2123 quas
835 2064 873 2105 ex
889 2043 1118 2124 Archiepiscopi
1137 2045 1225 2106 domo
1243 2044 1356 2125 accepi,
1382 2042 1534 2122 respondi.

174 2129 222 2191 Ex
251 2147 287 2191 eo
318 2137 454 2209 tempore
485 2130 574 2192 binas
607 2131 685 2194 alias
718 2132 822 2212 accepi
854 2135 959 2196 eodem
993 2139 1127 2212 temporo
1161 2133 1310 2195 aFranc.
1337 2131 1536 2211 Tengnaglio,

174 2237 300 2300 quarum
322 2217 352 2279 in
375 2218 588 2298 praesentibus
611 2220 792 2284 mentionem
819 2222 908 2285 lacis.
954 2221 1021 2302 Ego
1046 2221 1074 2282 in
1106 2222 1167 2284 illis
1192 2220 1252 2283 tuis
1276 2220 1534 2300 Archiepiscopa-

175 2307 254 2370 libus
285 2324 412 2387 pergam
443 2307 545 2382 initio,
576 2318 665 2389 post,
699 2310 726 2371 si
761 2301 837 2389 quid'
864 2312 933 2374 novi
969 2309 1119 2390 scripsisti
1148 2311 1178 2372 in
1211 2308 1407 2390 sequentibus
1430 2309 1536 2371 itidem

174 2396 339 2458 mminabo.
1045 2402 1048 2409 ⁴

247 2500 431 2553 Fabricius:
469 2499 615 2562 Quaeritur,
644 2506 794 2570 surigna
818 2504 992 2561 coelestia,
1024 2503 1063 2554 rel
1080 2504 1226 2570 magnitudo
1246 2502 1279 2552 12
1297 2506 1424 2571 signorum
1442 2505 1536 2556 conati·

176 2574 271 2624 tueuda
296 2574 329 2622 rit
352 2573 435 2637 potius
460 2581 575 2637 respectu
600 2581 682 2625 metus
706 2576 781 2626 medii
807 2577 847 2626 rel
870 2574 940 2626 reri?
976 2574 1013 2626 Ut
1030 2589 1111 2625 annus
1129 2581 1196 2625 totns
1217 2578 1244 2626 in
1264 2574 1296 2624 12
1316 2575 1434 2641 aequales
1453 2584 1537 2640 partas

177 2645 300 2708 dividitur,
318 2645 356 2694 ita
373 2651 400 2694 st
418 2643 514 2695 coelum
533 2646 691 2697 dividendum
709 2654 776 2697 esset
793 2649 819 2697 in
841 2644 872 2695 ¹2
885 2654 978 2711 partes,
997 2660 1062 2710 quae
1080 2647 1290 2712 aignarccantur.
1328 2646 1355 2698 Si
1372 2648 1399 2696 iu
1417 2647 1536 2712 asqualm

178 2724 261 2781 partes
281 2714 377 2765 coelum
395 2714 525 2773 dividitur,
544 2722 604 2767 tunc
623 2733 725 2768 necesso
745 2724 792 2775 sst,
810 2718 872 2767 illud
889 2718 942 2767 deri
962 2717 1052 2767 debere
1071 2718 1167 2766 ratione
1185 2717 1260 2766 medii
1278 2723 1359 2767 motus
1378 2723 1404 2767 et
1422 2728 1472 2767 non
1491 2732 1535 2782 ap·
1584 2740 1588 2747 ·

177 2787 302 2851 parentis,
331 2788 373 2850 qui
391 2786 513 2835 interdum
533 2788 631 2853 aequali
649 2790 765 2852 temporis
784 2791 864 2852 spatio
883 2787 989 2845 tardior,
1020 2794 1046 2837 et
1063 2788 1099 2836 ric
1124 2787 1236 2853 longiora
1258 2788 1331 2852 signa
1349 2789 1457 2845 lacerstc
1489 2788 1534 2838 ali·

179 2857 277 2923 quando
296 2857 406 2915 celerior,
426 2863 453 2907 st
469 2859 505 2908 sic
524 2859 636 2911 breviora
653 2860 734 2925 sigua,
770 2858 844 2909 Hanc
863 2859 1034 2924 quaestionem
1054 2872 1104 2907 non
1122 2871 1214 2908 ranam
1231 2864 1327 2923 putato.

266 2929 469 3008 Keplerus:
508 2930 554 2991 De
579 2931 790 2993 distributione
815 2931 968 3011 signorum
997 2929 1173 2991 coelestium
1198 2948 1256 2991 non
1281 2948 1360 2991 vana
1381 2929 1481 3009 inquis
1504 2938 1535 2990 te

179 3036 333 3099 quaerere.
380 3016 613 3081 Consideremus
637 3039 719 3081 usus.
766 3018 800 3081 Si
824 3019 863 3080 ob
886 3018 1139 3093 numerationem,
1173 3018 1204 3079 iu
1236 3026 1356 3097 promtu
1392 3036 1443 3079 res
1477 3025 1533 3091 est,

180 3125 249 3167 eam
273 3106 430 3185 aequalem
458 3126 526 3169 esse
558 3108 681 3181 debere,
716 3116 748 3171 et
771 3108 976 3187 pulchrorum,
1009 3106 1252 3183 articulatumm,
1285 3113 1376 3185 captu
1404 3105 1536 3167 facilium

181 3212 379 3281 numerorum,
404 3195 467 3257 sine
491 3195 552 3258 ullo
576 3204 676 3258 motus
700 3206 849 3277 respectu,
873 3197 928 3259 sed
950 3215 1021 3258 vere
1046 3194 1228 3271 distributio,
1253 3203 1397 3276 tanquam
1419 3193 1537 3257 itineris

183 3281 213 3343 in
235 3290 345 3343 metas.
391 3281 425 3347 Si
448 3285 486 3346 ob
512 3285 643 3348 dominia
666 3306 704 3347 sa
727 3296 758 3348 et
788 3286 900 3348 limites
924 3284 1168 3365 jurisdictionum
1192 3283 1447 3365 planetariarnm,
1481 3302 1537 3362 age

183 3379 216 3433 nt
239 3370 379 3446 libuerit;
411 3391 468 3449 ego
492 3380 588 3435 totum
612 3375 766 3455 negotium
788 3394 898 3438 vanum
919 3384 1010 3456 puto,
1043 3373 1101 3435 nisi
1130 3384 1279 3454 qnatenus
1309 3393 1329 3434 a
1353 3372 1421 3435 lixis
1444 3379 1477 3434 et
1499 3373 1537 3433 ab

182 3458 343 3522 altitudine
375 3461 489 3523 orbium
512 3462 625 3543 aliquid
659 3464 831 3527 ratiocinari
863 3464 1025 3545 possimus.
1072 3460 1152 3534 Quid
1177 3463 1277 3525 enim?
1323 3460 1378 3525 Sol
1406 3468 1536 3542 quotan-

180 3549 228 3612 nis
258 3566 354 3611 novas
385 3550 519 3630 planetis
551 3553 689 3627 tabulas,
722 3573 817 3615 novos
851 3554 963 3615 limites
994 3551 1201 3615 describeret?
1246 3552 1296 3615 An
1319 3550 1481 3613 nunidem
1505 3558 1538 3612 et

179 3638 268 3701 Luna
291 3639 428 3701 laceret?
473 3639 557 3701 Idem
581 3649 614 3702 et
643 3641 737 3705 ceteri
759 3641 928 3721 planetae?
974 3641 1007 3704 Si
1032 3641 1070 3702 ob
1095 3647 1256 3720 aspectus,
1289 3659 1408 3702 rursum
1431 3639 1538 3702 distri-

181 3726 334 3789 butionem
356 3735 480 3809 oportet
502 3748 571 3791 esse
595 3730 766 3810 aequalem,
798 3730 903 3791 autin
928 3728 1137 3809 inaequalibus
1161 3728 1197 3789 iis
1222 3726 1423 3808 inaequaliter
1446 3728 1538 3790 etiam

179 3815 373 3891 numerandi,
399 3835 454 3878 nec
478 3838 496 3878 a
519 3814 622 3892 21⁰1]
645 3818 675 3881 in
699 3815 794 3894 wo
819 3817 938 3880 sextilis
963 3818 1030 3892 erit,
1055 3816 1108 3877 sed
1133 3836 1153 3877 a
1176 3812 1280 3888 2l⁰ss
1302 3816 1331 3877 in
1353 3812 1448 3891 22⁰o
1473 3816 1537 3877 lor·

180 3914 276 3966 tasse.
324 3903 358 3966 Si
382 3904 510 3986 denique
533 3906 571 3968 ob
594 3907 786 3983 directiones,
817 3905 866 3968 hic
889 3925 963 3967 sane
986 3916 1085 3967 tecum
1116 3921 1173 3983 ego
1197 3905 1295 3966 sentio
1319 3903 1349 3965 in
1372 3922 1440 3965 meo
1464 3903 1538 3965 diri·

180 3992 272 4073 gendi
294 3995 394 4057 modo.
440 3995 520 4056 Nam
543 4015 632 4058 arcus
656 3996 830 4076 eclipticas,
864 4016 883 4055 a
905 3992 1159 4076 significatoribus
1182 3991 1333 4066 inchoati,
1367 3992 1540 4055 dividuntur

180 4081 210 4143 in
235 4080 340 4161 spatia
372 4083 512 4162 aequalia
539 4084 653 4147 diurnis
680 4085 812 4148 motibus
845 4083 927 4147 Solis
955 4084 1019 4165 ejus
1046 4081 1173 4157 mensis,
1202 4083 1231 4146 iu
1255 4101 1313 4162 quo
1337 4090 1387 4144 est
1409 4081 1539 4163 genesis.

181 4172 215 4232 ln
245 4172 429 4233 ascendente
461 4190 533 4235 vero
567 4180 599 4235 et
628 4175 728 4236 medio
760 4174 835 4237 coeli
869 4192 957 4235 arcus
988 4170 1162 4252 aequatoris
1191 4171 1364 4234 dividuntur
1385 4171 1416 4233 in
1440 4170 1542 4251 spatia

180 4260 321 4340 aequalia
351 4260 578 4323 ascensionibus
608 4264 700 4326 rectis
730 4264 901 4326 diurnorum
929 4259 1023 4324 Solis.
1071 4258 1132 4323 Sed
1160 4259 1347 4334 memineris,
1382 4259 1438 4325 hoo
1472 4281 1540 4325 csse

150 4382 158 4411 s
180 4348 322 4428 dirigere,
347 4358 379 4410 et
401 4368 460 4411 non
484 4346 663 4413 distribuere
687 4353 862 4415 zodiacum:
887 4350 970 4413 illam
992 4351 1142 4412 rationem
1155 4344 1344 4424 variabilem,
1368 4349 1446 4412 hanc
1467 4368 1540 4429 per-

179 4445 303 4519 petuam
327 4456 395 4499 esse
419 4440 569 4501 convenit.
1169 4458 1178 4474 ·

272 4526 320 4587 De
343 4527 560 4608 astrologis
583 4546 659 4608 quae
675 4528 783 4609 scripsi
806 4529 845 4590 ad
869 4535 910 4603 te,
935 4525 1016 4588 seria
1039 4526 1158 4606 accipe3
1182 4544 1251 4587 nam
1274 4525 1300 4588 si
1319 4526 1396 4588 bene
1409 4526 1539 4602 memini,

181 4634 198 4677 e
223 4613 419 4695 dogmatibus
443 4625 475 4679 et
497 4616 644 4696 exemplis
667 4616 804 4689 ostendi,
836 4635 883 4678 me
911 4635 969 4677 non
998 4623 1096 4676 totam
1124 4613 1305 4701 convellere.
1352 4614 1398 4678 Tu
1421 4616 1447 4679 si
1471 4615 1541 4694 qnid

180 4703 231 4766 hic
255 4703 459 4782 praestiteris,
482 4705 603 4768 laudem
627 4712 715 4767 tanto
737 4705 893 4783 majorem,
918 4721 1006 4784 qnam
1032 4721 1098 4782 ego,
1122 4702 1309 4782 reportabis,
1335 4711 1447 4784 quanto
1468 4722 1542 4785 pro-

127 4782 139 4795 ’
180 4792 252 4873 pius
274 4790 443 4870 astrologis
466 4793 506 4855 ad
528 4812 602 4856 usna
625 4793 771 4855 humanos
794 4792 923 4868 accedit,
947 4798 1061 4871 quanto
1084 4791 1160 4853 baec
1183 4789 1324 4854 subtilior
1346 4791 1542 4854 astronomia.

182 4881 300 4943 Verum
337 4878 431 4956 scito,
462 4883 591 4961 primum
624 4889 715 4963 atque
742 4888 777 4942 tn
799 4887 899 4942 metas
926 4878 1079 4958 ἀιριβιιας
1101 4886 1134 4940 et
1155 4878 1263 4941 virium
1286 4878 1407 4941 humani
1431 4878 1542 4958 ingenii
1585 4928 1588 4935 .
