3816 5834
381 388 447 462 668
906 401 936 451 15
955 400 1040 466 Opera
1056 390 1213 465 Astrologies
1269 368 1272 373 >

453 558 519 620 ,18)
536 575 560 623 p.
581 557 642 609 517.
680 560 843 611 Feselius:
864 597 869 609 .
891 598 897 611 .
918 594 924 608 .
944 560 1054 611 5155551
1072 560 1180 610 Basilius
1198 558 1306 627 Magnus
1323 559 1421 610 5515555
1439 556 1525 620 (Arist.
1537 558 1611 623 Pbys
1620 558 1693 617 vili,
1713 556 1739 620 1)

382 633 453 683 51551
471 632 604 697 allerdings
625 633 717 697 zugibt,
737 632 770 682 55
788 647 815 682 er
833 634 858 681 in
871 632 1011 683 Heraurero
1024 632 1114 682 Hamil.
1134 629 1158 680 3.
1179 631 1231 682 niso
1249 631 1386 682 schreibet:
1411 631 1466 692 Quo
1485 632 1552 682 cisoa
1569 639 1652 682 terras
1671 646 1738 680 exor-

383 706 451 754 natio
470 703 593 767 antiquior
611 710 650 752 est
663 703 729 760 Sole,
749 704 835 767 utqui
854 706 977 753 inerrare
997 709 1132 758 sumantur,
1145 702 1227 752 Solem
1248 703 1351 753 adorare
1370 703 1493 759 desinant,
1512 703 1581 767 qussi
1603 704 1740 753 15555155

382 777 450 824 sitae
467 774 588 837 praebeat
606 774 772 824 nascentibus.
808 776 841 824 Es
859 776 910 825 lan
930 775 989 824 aber
1006 774 1080 823 sovol
1099 780 1221 840 angeregt
1240 775 1386 834 Aristotelis,
1406 773 1443 823 als
1463 773 1528 823 5555
1545 773 1591 822 das
1610 773 1740 837 Zougnuss

382 845 488 895 Feruelii
506 861 536 896 es
547 846 590 894 115.
604 845 624 894 Ι.
645 845 676 894 55
694 845 784 895 5551115
802 861 883 896 rernm
902 847 984 895 causis
1002 842 1088 908 cap.8
1111 845 1223 895 ettliober
1240 860 1339 896 555555
1358 845 1511 901 5151155555,
1530 844 1671 894 5555511155
1688 857 1741 894 vas

381 932 408 966 er
426 931 472 966 sou
491 917 535 966 der
552 916 637 966 Krafft
655 916 699 965 des
718 916 836 966 Hisnmels
856 917 977 967 schreibet
995 915 1040 966 dte.

470 986 515 1048 ss)
533 1003 557 1051 p.
577 984 637 1036 5118.
675 986 820 1052 Maginus
846 989 870 1036 15
895 988 1003 1038 editione
1020 986 1183 1037 Ptolemsi
1202 986 1374 1052 (ieograpbiss
1393 982 1468 1048 (Van.
1490 983 1571 1047 1595)
1600 986 1648 1036 sic:
1675 984 1742 1036 Sunt

381 1058 457 1109 stiam
476 1059 541 1109 51155
559 1060 680 1123 regiones,
700 1072 764 1121 quae
782 1072 873 1124 magno
892 1058 948 1108 duci
968 1057 1132 1120 (Moscoriae)
1152 1059 1258 1123 vectigal
1277 1058 1381 1112 solvunt,
1405 1058 1438 1109 ad
1455 1058 1648 1120 septentrionem
1666 1059 1739 1111 sitae.

383 1138 411 1181 51
431 1130 538 1184 055515.
559 1129 680 1186 Goudora,
702 1128 897 1179 (iulomoria
915 1136 941 1180 et
959 1130 1061 1193 Loppia.
1082 1152 1116 1162 —
1137 1129 1218 1189 Quam
1237 1130 1297 1178 dicit
1315 1130 1424 1179 1555155
1442 1128 1566 1192 Keplerus
1584 1128 1678 1194 passim
1697 1142 1740 1178 oo·

382 1204 458 1253 currit
477 1201 543 1266 apud
560 1202 690 1263 scriptores
708 1200 804 1250 illomm
822 1208 968 1265 temporum.
988 1201 1042 1250 aliis
1060 1201 1160 1264 iusuper
1177 1201 1266 1250 5551115
1280 1200 1369 1250 sabulis
1382 1201 1413 1251 ds
1425 1200 1572 1261 bominibus,
1594 1201 1651 1263 ,qul
1664 1216 1741 1250 5555

381 1280 478 1324 tantum
496 1273 593 1322 oculum
611 1272 705 1321 babent
723 1273 747 1320 in
766 1272 863 1329 fronte,
893 1272 947 1321 aliis
973 1273 1137 1335 aversispost
1156 1272 1352 1336 5555155115,
1380 1271 1435 1322 allis
1460 1273 1514 1321 sine
1541 1273 1639 1323 terrica
1657 1271 1741 1322 oculos

380 1347 406 1395 iu
424 1345 532 1395 humeris
549 1343 723 1393 habentibus.“
762 1340 802 1403 (P.
823 1345 915 1407 Apiani
934 1340 1073 1409 cosmogr.)

470 1421 516 1485 50)
535 1440 558 1487 p.
579 1421 638 1472 602.
676 1422 1091 1489 151151511.,,Η55555155ι55“
1110 1422 1233 1486 Kepierus
1252 1423 1284 1474 ad
1303 1424 1485 1489 quaestionem:
1504 1416 1567 1488 quid
1588 1415 1676 1487 igitur
1696 1420 1741 1469 est

381 1501 461 1560 iliud,
493 1499 562 1569 quud
584 1504 685 1552 metam
707 1497 785 1567 ponit
816 1514 927 1550 numero
957 1502 1140 1566 aspectuum?
1169 1513 1217 1550 cur
1246 1500 1412 1569 sesquadrus
1441 1497 1545 1552 musica
1573 1496 1741 1569 cognatione

381 1579 543 1634 nobilitatus
564 1579 609 1631 vel
631 1577 767 1631 omittitur
788 1578 831 1630 vel
852 1577 914 1630 vilis
936 1578 1063 1638 babetur,
1086 1577 1252 1631 semisextus
1273 1578 1300 1632 in
1322 1578 1426 1632 musica
1444 1578 1609 1650 peregrinus
1630 1594 1683 1631 uon
1698 1577 1739 1630 iss·

381 1660 481 1714 seritur
511 1665 635 1722 tautum,
668 1659 716 1711 sed
746 1656 833 1712 inter*
847 1658 948 1727 primos
979 1663 1162 1735 ostentatur?⁸
1185 1665 1324 1729 respondit:
1349 1658 1415 1730 quia
1436 1676 1490 1712 non
1511 1658 1616 1712 musica
1638 1657 1741 1711 format

381 1747 510 1810 aspectus
532 1742 579 1793 sed
601 1738 756 1811 geometria
775 1746 920 1809 utrumque
941 1754 1038 1809 genus,
1061 1737 1123 1792 aliis
1145 1744 1238 1792 tamen
1260 1740 1372 1811 iegibus
1396 1738 1489 1801 illam,
1512 1738 1575 1792 aliis
1597 1739 1656 1792 hos.
1688 1738 1743 1792 Est

380 1820 451 1874 enim
472 1829 501 1875 et
522 1821 707 1874 harmonicum
729 1820 756 1872 in
777 1819 881 1874 musica
901 1826 931 1873 ct
950 1820 1051 1889 efficax
1072 1819 1100 1873 iu
1120 1820 1258 1882 meteoris,
1280 1821 1408 1891 quidquid
1427 1826 1471 1875 est
1493 1836 1511 1873 a
1531 1820 1624 1891 figura
1643 1818 1741 1881 nobili,

381 1886 451 1972 5555
477 1900 631 1971 singularia
651 1900 738 1955 babet
757 1900 784 1954 in
806 1900 960 1971 geometria
987 1899 1144 1970 privilegia.
1186 1901 1240 1954 Sed
1268 1908 1334 1956 suut
1359 1901 1485 1955 diversae
1511 1900 1600 1955 veluti
1629 1905 1740 1973 gentes,

381 1980 582 2052 meteorologia
601 1987 630 2034 et
651 1980 762 2044 musica,
785 1999 821 2035 ex
842 1983 938 2035 eadem
958 1980 1052 2050 petria
1073 1981 1228 2052 geometria
1248 1982 1388 2046 oriundae,
1410 1998 1527 2053 quarum
1547 1983 1650 2043 altera,
1672 1980 1699 2033 5.
1716 1997 1742 2031 5.

384 2061 575 2131 proportiones
597 2061 773 2116 5555551555
797 2052 916 2130 pairiam
937 2061 1044 2131 quidem
1066 2062 1195 2116 circulum
1217 2062 1380 2118 fatebantur
1399 2062 1479 2132 cique
1507 2077 1586 2116 suam
1606 2060 1742 2131 originem

384 2141 512 2194 ferebant
532 2148 683 2210 acceptam,
706 2158 759 2194 non
780 2140 868 2195 minus
890 2158 971 2211 quam
993 2140 1037 2194 hic
1058 2148 1205 2210 aspectus3
1235 2145 1282 2197 sed
1305 2150 1398 2197 tamen
1419 2142 1486 2196 iliae
1507 2156 1641 2213 egressae
1663 2140 1742 2194 velut

385 2238 421 2273 ex
443 2219 553 2283 circuio,
575 2220 709 2274 coloniam
731 2220 869 2291 propriam
898 2222 1073 2275 deduxerunt
1096 2220 1206 2292 suisque
1228 2223 1338 2296 iegibus
1360 2225 1494 2296 degentes
1516 2239 1579 2275 sese
1598 2237 1743 2293 propaga·

383 2306 460 2353 runt:
491 2307 620 2369 aspectus
642 2300 716 2355 intra
736 2300 866 2355 circulum
887 2301 1007 2371 patriam
1028 2318 1105 2356 suasu
1126 2308 1287 2367 manentes,
1318 2302 1429 2376 legibus
1457 2320 1510 2356 non
1533 2298 1595 2357 aliis
1617 2307 1742 2363 utuntur,

384 2396 465 2449 quarn
486 2397 554 2450 quas
576 2381 670 2434 circuli
690 2382 846 2435 rotunditas
868 2380 935 2451 ipsis
956 2382 1137 2451 praescribit,
1169 2384 1309 2437 desumtas
1335 2402 1372 2437 ex
1392 2383 1489 2455 figuris
1516 2380 1608 2453 planis
1629 2381 1744 2453 reguis·

381 2459 457 2514 ribus
478 2460 607 2533 congruis
630 2468 660 2514 et
681 2461 782 2515 circulo
804 2460 950 2531 inscriptis:
972 2462 1044 2515 Hinc
1063 2462 1163 2531 supple
1184 2462 1212 2516 in
1232 2481 1293 2519 meo
1307 2464 1400 2518 Tertio
1415 2463 1618 2517 interveniente
1632 2480 1659 2516 n.
1676 2462 1725 2515 59.

472 2555 518 2613 51)
536 2573 561 2620 p.
581 2552 640 2606 507.
679 2556 761 2606 Sirtus
780 2558 812 2607 ab
824 2557 982 2622 Hemmings.
1002 2557 1102 2613 Frisius,
1116 2558 1238 2609 Patricius
1250 2558 1454 2609 Bellocomensis:
1473 2556 1630 2622 Asmoiogise
1647 2557 1745 2607 ratione

383 2636 409 2680 et
434 2628 587 2692 experientia
612 2629 737 2678 refutatae
764 2628 831 2678 liber.
879 2627 1015 2678 Continens
1039 2628 1137 2679 515555
1160 2630 1285 2694 quandam
1308 2630 1436 2693 apodixin,
1460 2629 1491 2679 de
1516 2628 1693 2679 incertitudine
1720 2633 1746 2677 51

383 2701 494 2751 sanitate
513 2698 670 2764 umoiogiea.
690 2706 716 2748 ct
734 2699 919 2762 particularium
937 2700 1134 2763 praedictionum
1153 2701 1266 2764 exempla
1283 2695 1400 2765 triginta:
1419 2715 1485 2751 nuuc
1496 2701 1600 2764 primum
1618 2701 1644 2748 in
1663 2699 1745 2749 15555

382 2772 462 2822 editus
482 2776 570 2820 conus
587 2769 722 2835 astrologos
742 2770 769 2818 C.
791 2770 935 2823 Leoritium.
956 2771 988 2821 Η.
1009 2769 1151 2821 55155555
1170 2778 1196 2821 51
1214 2772 1243 2822 L.
1263 2773 1404 2822 Gausioum·
1443 2773 1524 2821 5515.
1545 2768 1622 2821 stus.

471 2840 592 2904 Keplerus
611 2839 657 2890 555
676 2841 707 2890 55
726 2841 875 2907 Hemmingo
894 2842 1017 2905 Tycbonis
1032 2842 1152 2905 15515155
1169 2850 1269 2894 secutus
1288 2857 1344 2894 esse
1376 2843 1484 2892 ridetur:
1514 2856 1579 2896 „non
1605 2846 1659 2891 tam
1684 2842 1744 2891 ratis

383 2928 458 2978 quam
485 2912 653 2975 plausibilibus
679 2913 815 2962 rationibus
843 2919 869 2963 et
896 2914 1170 2977 experimentationibus
1197 2914 1270 2965 facile
1294 2913 1458 2965 convellendis
1485 2914 1628 2976 scripsisse.
1653 2927 1704 2963 555
1730 2926 1746 2960 5

382 2984 511 3035 calumniis
529 2983 574 3031 sibi
606 2983 783 3046 temperasse.“
821 2982 963 3049 (Progymra
983 2981 1016 3044 1).
1052 2983 1146 3034 Natum
1168 2985 1243 3035 refert
1262 2984 1399 3035 Weidlerus
1416 2984 1593 3050 Hemmingum
1616 2998 1641 3034 s.
1665 2980 1746 3037 1533,

383 3062 505 3105 mortuum
526 3050 601 3102 stet.
638 3053 810 3104 Reiutsudum
829 3057 966 3118 suscepisse
984 3071 1011 3104 se
1024 3055 1208 3121 Hemmiagnm,
1228 3070 1307 3121 neque
1325 3070 1382 3105 sero
1402 3056 1434 3107 ad
1452 3056 1527 3106 5555
1544 3055 1691 3119 perduxisse
1709 3057 1746 3105 in·

384 3134 483 3191 septuns
501 3125 578 3175 refers
594 3125 704 3189 Keplero
722 3125 815 3175 Paulus
834 3125 974 3190 Virdungns
993 3123 1065 3190 (proi.
1085 3126 1191 3188 Alteri).

471 3194 518 3258 52)
536 3212 560 3260 p.
581 3193 640 3245 tlt.
678 3196 839 3246 Feseltus:
868 3197 916 3246 Dis
935 3197 1018 3256 Sonu,
1042 3196 1079 3247 als
1104 3199 1144 3246 eiu
1171 3211 1248 3248 eausa
1274 3198 1409 3261 aequivoca
1426 3206 1453 3248 51
1470 3205 1567 3247 remota
1588 3197 1747 3248 1551515515

384 3268 482 3326 andem,
503 3267 540 3318 als
559 3268 628 3318 einer
646 3267 689 3317 dor
708 3268 828 3317 drausseu
846 3284 888 3317 sor
906 3269 962 3317 dem
981 3268 1046 3317 offen
1064 3268 1147 3318 stebet
1172 3269 1223 3318 und
1241 3269 1287 3318 das
1305 3268 1375 3318 Fesrr
1392 3268 1508 3324 5555551,
1534 3267 1647 3319 (1555155
1664 3269 1745 3319 nacis-

384 3340 490 3404 iolgents
508 3340 540 3389 in'
553 3338 596 3389 der
614 3338 702 3388 515555
722 3339 762 3388 515
781 3338 885 3388 Penates
902 3338 1043 3388 sobwitsen.
1081 3339 1194 3389 Welcher
1217 3339 1263 3389 das
1282 3339 1351 3389 Fevr
1374 3340 1446 3389 51555
1474 3338 1539 3388 offen
1558 3354 1591 3388 su
1609 3346 1746 3391 51551555

382 3411 493 3476 einlegt,
522 3410 565 3459 der
584 3410 710 3474 gibtdem
729 3410 798 3458 Fevr
817 3409 954 3473 ksiusvegs
973 3409 1121 3459 51551555
1149 3411 1208 3461 oder
1232 3409 1307 3460 11551
1330 3426 1360 3459 su
1379 3411 1505 3465 brunnen.
1534 3410 1624 3461 sonder
1650 3412 1747 3462 5515551

356 3474 366 3492 ”
383 3480 546 3532 55515555155
565 3479 609 3529 das
628 3480 710 3538 Fevr,
736 3495 763 3529 so
782 3481 821 3529 tn
839 3480 891 3530 sich
909 3480 1017 3529 selbsten
1035 3483 1080 3530 mit
1098 3480 1142 3530 dor
1158 3488 1249 3531 511555
1267 3481 1368 3547 begabt,
1388 3496 1419 3531 su
1438 3482 1505 3531 einer
1523 3481 1669 3546 taugliobou
1688 3482 1745 3532 515·

384 3553 437 3602 teri.
475 3551 628 3615 Derowegen
657 3552 709 3615 gibt
737 3566 764 3600 er
791 3552 958 3617 demselbigeu
985 3551 1067 3602 weder
1084 3553 1153 3602 55155
1171 3552 1286 3617 suteliige
1305 3551 1368 3601 noch
1386 3550 1545 3603 vesentlicbs
1563 3554 1627 3609 Art,
1655 3553 1747 3604 555551

384 3622 459 3674 511515
478 3622 550 3672 51555
569 3621 712 3672 5551555155
732 3623 820 3672 antrib.

472 3694 541 3743 Eben
561 3693 628 3742 diese
646 3692 850 3749 Bescbaiienbeit
867 3693 913 3744 bat
930 3708 957 3743 es
976 3693 1040 3744 aucb
1059 3695 1103 3743 mit
1122 3693 1170 3743 den
1195 3692 1371 3745 Himmlisohen
1389 3695 1578 3760 Reaegungen,
1607 3693 1703 3745 welche
1722 3696 1747 3743 15

386 3765 579 3829 Fortpiianaung
597 3765 640 3813 dor
659 3764 814 3815 natiiriicben
834 3764 957 3828 Ctrperen
976 3765 1136 3830 deuselbigen
1155 3765 1236 3814 nicbts
1254 3765 1401 3833 mittbeileu,
1420 3764 1509 3814 sonder
1528 3764 1602 3815 511515
1620 3764 1675 3815 ihre
1694 3766 1747 3816 515·

383 3836 524 3902 gepflanste
544 3834 747 3899 eygensubaflten
767 3837 932 3886 eiisserliebeu
951 3835 1100 3885 51555155·
1115 3835 1191 3885 Danu
1208 3848 1282 3884 vanu
1301 3836 1401 3901 geiragt
1418 3835 1510 3889 warde.
1529 3837 1639 3886 5555555
1657 3839 1684 3886 15
1704 3836 1749 3886 der

383 3906 484 3957 555555
504 3921 546 3955 sor
564 3904 673 3955 15511511
691 3907 741 3956 555
761 3908 817 3956 555
837 3907 918 3957 Merit
936 3908 1030 3957 Geburt
1047 3909 1072 3955 in
1091 3907 1184 3956 diesem
1205 3902 1282 3955 1509.
1295 3906 1357 3957 Jabr
1376 3908 1416 3957 die
1429 3906 1579 3956 Geistlluhen
1598 3906 1648 3957 und
1666 3908 1748 3958 Edlen

384 3976 1065 4028 515511555155115515555555555555551551551
1091 3978 1140 4027 und
1166 3976 1206 4027 155
1225 3992 1270 4027 aur
1287 3983 1393 4027 autwort
1411 3978 1491 4042 gete,
1520 3977 1683 4028 5155511555
1705 3976 1747 4027 18.

383 4048 454 4098 Febr.
475 4049 514 4097 ein
533 4048 758 4098 zusammenkunfft
775 4048 844 4099 ioris
862 4050 913 4098 und
931 4048 1020 4098 Martis
1046 4050 1079 4097 15
1098 4047 1262 4098 Sextilschein
1288 4048 1332 4099 der
1350 4048 1450 4099 Sonneu
1473 4047 1524 4098 555
1542 4047 1675 4098 Mercurii:
1696 4047 1750 4099 5511

384 4118 466 4169 Maria
485 4119 573 4183 geburt
592 4119 651 4168 aber
670 4121 710 4169 515
729 4120 864 4183 quadratus
875 4120 943 4171 ioris
957 4126 983 4169 et
994 4119 1083 4169 Martis
1102 4121 1126 4169 15
1146 4116 1194 4168 20⁰
1206 4119 1231 4170 11
1244 4118 1341 4194 antip
1361 4120 1414 4170 sich
1432 4120 1553 4185 begsben,
1571 4119 1632 4169 vird
1649 4121 1750 4172 solebas

385 4190 426 4241 ein
444 4188 501 4239 sebr
519 4190 577 4238 veit
595 4187 714 4254 gesuobte
733 4188 820 4239 vrsach
838 4191 889 4240 und
908 4189 1088 4241 sueiffelbaiiie
1107 4196 1213 4243 autwort
1230 4192 1293 4240 sein.

474 4257 521 4321 53)
540 4275 563 4323 p.
585 4255 644 4308 stt.
682 4260 839 4311 Fsselius:
861 4261 913 4312 Das
927 4261 1016 4311 5111555
1025 4261 1131 4312 Blumen
1143 4262 1193 4311 und
1206 4262 1306 4312 trenter
1315 4260 1494 4311 entwsdernsit
1505 4260 1561 4311 deus
1572 4260 1694 4328 suffgsng
1707 4264 1753 4313 der

384 4330 485 4381 Sourion
512 4329 714 4380 berilirlommea
742 4332 792 4381 555
819 4333 865 4381 511
890 4332 1044 4398 derselbigen
1069 4333 1209 4398 uidesgang
1236 4333 1289 4382 siob
1308 4332 1360 4383 5155
1379 4332 1432 4381 5511
1458 4332 1591 4382 51555555
1618 4334 1752 4389 5551155511.

384 4403 443 4452 oder
455 4401 494 4451 die
507 4400 561 4452 sich
574 4400 640 4451 5555
652 4401 696 4450 der
708 4400 809 4452 Sonueu
818 4402 883 4453 15511
894 4404 984 4469 statigs
997 4403 1098 4462 kebren,
1118 4404 1178 4453 item
1190 4403 1236 4453 dss
1249 4403 1302 4453 sich
1316 4404 1355 4453 die
1373 4404 1467 4453 lernen
1485 4405 1511 4453 15
1530 4403 1637 4454 51115555
1657 4404 1752 4468 1511515

384 4488 411 4522 55
429 4470 588 4536 meysterlicb
606 4471 683 4521 551155
703 4472 860 4531 smbkebren,
879 4476 926 4524 rie
939 4475 1062 4525 1111151555
1081 4474 1118 4535 (15
1139 4475 1288 4525 carminibus
1305 4475 1475 4524 5555555155
1488 4480 1513 4524 51
1526 4473 1752 4540 cosmogrspttcis)

383 4544 476 4593 darsmr
494 4543 625 4599 schreibet,
644 4542 690 4593 das
708 4545 741 4594 ist
759 4544 801 4593 der
816 4544 917 4595 Sonnen
937 4560 970 4595 sn
983 4546 1034 4595 555
1053 4544 1161 4596 birsich
1180 4545 1287 4596 55155155
1305 4545 1443 4609 leiusvegs
1456 4559 1627 4604 summosses,
1646 4553 1754 4597 5555155

383 4618 481 4664 5115155
500 4614 548 4664 alie
566 4613 672 4664 Elumeu
691 4614 742 4665 und
760 4615 860 4665 trenter
877 4632 908 4665 su
927 4618 995 4666 einer
1013 4616 1070 4666 Zeit
1086 4615 1285 4667 beribrwscbseu
1305 4615 1357 4666 und
1375 4616 1453 4666 vider
1471 4615 1605 4680 rergcbeu.
1629 4616 1680 4666 555
1702 4618 1754 4667 slis

288 4734 292 4743 ,
384 4685 447 4747 tpiei
466 4685 560 4735 lernen
578 4686 633 4735 rusb
652 4685 697 4736 555
717 4685 853 4736 solstitium
870 4687 972 4737 bemmb
990 4687 1112 4753 gautlen:
1140 4684 1755 4751 55555155)55155555515555555515551.55

384 4755 469 4818 tompt
488 4770 514 4804 es
533 4769 591 4805 auss
609 4755 675 4806 ihrer
694 4771 805 4821 eygonen
825 4757 1029 4808 anersobsllenen
1049 4758 1184 4822 particular
1201 4757 1306 4824 quaiitet
1323 4757 1374 4807 und
1394 4758 1586 4821 Tempersussnt
1601 4757 1648 4807 ber
1665 4756 1716 4809 &o-

348 4904 354 4910 .
474 4839 519 4903 54)
537 4858 561 4907 p.
583 4838 643 4893 tu.
681 4844 839 4895 Feselius:
857 4846 918 4896 Wer
934 4846 1017 4896 551555
1035 4846 1198 4910 proprietates
1217 4845 1287 4896 rscbt
1305 4844 1458 4910 erlaudigeu
1476 4844 1533 4899 viil.
1551 4844 1597 4894 551
1614 4852 1754 4903 55555155,

387 4912 434 4961 dss
452 4928 479 4962 er
496 4914 549 4963 sein
568 4913 703 4980 srlsbmng
719 4914 790 4966 mehr
807 4916 863 4967 555
876 4916 915 4966 ibr
931 4917 1008 4967 solbat
1025 4931 1124 4982 eygeue
1139 4918 1277 4983 vdrctung
1294 4916 1381 4977 515515,
1402 4915 1469 4965 daun
1487 4914 1543 4965 555
1557 4916 1599 4967 515
1612 4916 1757 4983 vunan,
