3788 5828
417 356 480 425 178
925 355 1039 421 llysaru
1057 356 1258 424 mumulo

415 519 584 582 coincidere
606 524 640 580 et
661 515 717 578 uiti
740 515 846 579 eodem
869 516 1074 594 laudamento,
1099 516 1178 599 quod
1201 523 1303 579 umen
1326 522 1490 597 qnopaeta
1504 516 1568 594 flat,
1592 516 1781 596 investigare

415 609 562 671 hacteuus
584 623 735 687 nunqnam
756 605 851 685 potui.
866 602 891 681 ¹)

863 781 909 847 IN
932 779 1072 846 CAPUT
1094 778 1335 846 VlcEslMUM

943 904 1058 956 uorsa
1077 904 1257 958 suenonis.

498 1011 529 1085 a)
552 1016 631 1078 Haeo
645 1021 690 1069 est
703 1013 817 1084 propria
830 1014 949 1068 materia
963 1013 1026 1068 libri
1040 1014 1086 1068 IV.
1101 1015 1258 1084 Epitomes;
1283 1018 1453 1068 transsumta
1473 1012 1536 1067 inda
1549 1013 1577 1067 in
1592 1014 1640 1068 lib.
1652 1014 1690 1068 V.
1705 1014 1781 1068 Har·

417 1095 589 1151 manicarum.
627 1096 697 1149 Nam
711 1093 786 1148 illius
801 1093 865 1147 libri
879 1110 940 1164 cap.
957 1093 984 1148 3.
1000 1094 1070 1148 liaeo
1084 1094 1147 1164 ipsa
1161 1096 1288 1165 quaestio
1303 1096 1454 1155 enodatur..
1470 1101 1500 1148 et
1514 1094 1587 1148 inter
1600 1093 1782 1149 firndamenta

417 1175 574 1240 assumitur,
599 1176 696 1246 quibus
711 1176 923 1238 demonstratur,
947 1181 1038 1229 motus
1052 1175 1227 1244 planetarum
1241 1183 1381 1230 extremos
1396 1174 1529 1229 contineri
1554 1174 1781 1245 proportionibus

417 1256 590 1312 harmonicis.
630 1255 692 1310 Etsi
706 1271 773 1308 vero
793 1256 822 1309 iu
835 1254 888 1308 hoc
901 1254 993 1324 capite
1008 1256 1126 1309 nondam
1144 1263 1289 1310 assecutus
1310 1271 1369 1309 sum
1394 1255 1465 1325 quod
1485 1258 1661 1326 quaerebam,
1687 1255 1782 1325 plera·

418 1354 472 1409 que
486 1344 581 1391 tamen
595 1335 722 1390 adhibita
735 1333 880 1405 principia,
902 1350 974 1405 quae
988 1334 1054 1388 mihi
1073 1335 1134 1404 jam
1158 1343 1215 1389 tum
1234 1343 1353 1391 naturae
1370 1351 1463 1389 ronrm
1475 1332 1643 1391 ridebantur
1665 1350 1780 1390 cauma·

418 1426 512 1480 tanea,
536 1416 691 1471 certissima
713 1423 744 1468 et
760 1415 828 1469 totis
848 1415 891 1469 his
907 1414 1199 1470 abominationis·
1221 1432 1281 1471 sum
1295 1421 1447 1486 arpertus:
1472 1416 1637 1486 praesertim
1659 1417 1689 1470 ia
1702 1415 1781 1469 Com·

419 1496 561 1551 meritoriis
582 1496 756 1550 domatibus
776 1495 886 1559 Martis,
909 1502 990 1564 parte
1011 1495 1058 1549 Ν.

498 1574 530 1644 b)
553 1577 628 1639 Quas
649 1576 742 1631 nullas
763 1592 825 1631 esso
846 1575 963 1644 probari
983 1574 1012 1629 in
1033 1575 1183 1630 Comment.
1205 1575 1314 1631 Martis.

498 1654 525 1723 a}
545 1657 574 1711 Si
595 1673 646 1727 pro
666 1674 734 1710 roae
755 1656 871 1711 anima
889 1671 985 1709 rocem
1004 1655 1070 1710 rim
1097 1655 1264 1719 substituas,
1295 1656 1384 1710 habes
1412 1657 1577 1728 ipsissimum
1609 1654 1781 1733 principium,

419 1756 457 1792 ex
479 1753 531 1808 qua
552 1738 671 1808 physica
691 1736 820 1790 coelestis
841 1735 869 1789 in
890 1735 1039 1790 Commeat.
1060 1735 1161 1790 Martis
1189 1742 1233 1789 est
1253 1736 1421 1802 constituta,
1445 1744 1476 1792 et
1502 1738 1550 1792 lib.
1571 1736 1618 1790 IV.
1640 1735 1783 1805 Epitomes

418 1823 494 1872 Astr.
515 1819 640 1872 exculta.
683 1816 755 1870 Olim
782 1816 853 1870 enim
874 1830 985 1870 causam
1006 1824 1160 1871 moventem
1187 1816 1318 1885 planetas
1340 1818 1468 1872 absolute
1495 1817 1613 1872 animam
1640 1831 1702 1869 esse
1725 1831 1782 1868 cre·
1857 1814 1859 1817 ’

419 1899 533 1961 datam,
565 1899 666 1968 quippe
691 1896 812 1950 imbutus
840 1896 1017 1967 dogmatibus
1044 1897 1070 1951 J.
1093 1896 1123 1950 C.
1150 1895 1300 1966 scaligeri,
1331 1898 1366 1950 de
1391 1898 1550 1953 matricibus
1576 1895 1782 1972 intelligentiis,

419 1983 539 2032 Aleum
559 1978 772 2048 perpenderem,
794 1977 867 2030 hanc
887 1991 1000 2030 causam
1021 1977 1161 2033 matricem
1182 1975 1323 2030 debilitari
1343 1993 1403 2032 cum
1425 1977 1573 2040 distantia,
1596 1976 1688 2030 lumen
1710 1974 1783 2031 Solis

315 2121 324 2131 ·
420 2057 505 2111 etiam
526 2056 668 2112 attenuari
688 2072 750 2111 oum
770 2056 905 2110 distantia
926 2071 944 2109 a
963 2055 1043 2113 Sole:
1073 2046 1137 2110 hina
1157 2055 1278 2110 conclusi
1298 2055 1354 2110 vim
1373 2058 1445 2112 hanc
1465 2076 1527 2112 esse
1548 2072 1710 2126 corporeum
1731 2054 1781 2110 sli-

421 2137 492 2208 quid,
515 2137 538 2190 si
559 2155 614 2192 nan
635 2137 745 2207 proprie
766 2136 866 2190 saltem
887 2135 1051 2206 aequirace;
1073 2136 1145 2190 sicut
1165 2136 1257 2190 lumen
1277 2136 1390 2192 dicimus
1405 2154 1467 2192 esse
1489 2136 1591 2209 aliquid
1611 2151 1782 2207 corporeum,

421 2218 448 2270 id
469 2224 521 2281 est,
543 2218 663 2288 speciem
685 2233 703 2271 a
722 2232 837 2286 corpore
858 2216 1012 2286 delapsam,
1032 2218 1080 2270 sed
1102 2216 1326 2270 immateriatam.

501 2296 530 2364 d)
551 2298 683 2352 Nimirum
704 2296 793 2350 locum
814 2295 920 2351 invenit
940 2296 969 2349 in
990 2298 1140 2351 Commeat.
1160 2296 1261 2350 Martis
1287 2313 1360 2351 anno
1384 2296 1459 2351 1609
1481 2296 1577 2353 editis:
1608 2297 1670 2352 inde
1692 2304 1782 2351 mans·

422 2383 514 2432 sumta
533 2385 578 2433 est
598 2392 704 2432 summa
724 2376 765 2430 rei
786 2382 816 2429 et
835 2376 958 2446 repetita
978 2375 1006 2431 in
1026 2377 1102 2447 Epit.
1123 2380 1236 2431 Astron
1258 2376 1306 2430 lib.
1328 2377 1375 2431 lV.

501 2453 529 2523 e)
550 2459 629 2513 Haec
649 2457 741 2512 amnia
760 2456 819 2510 siue
839 2457 900 2510 ulla
919 2456 1073 2510 mutatione
1094 2456 1192 2511 valent
1210 2456 1294 2510 etiam
1315 2456 1343 2510 in
1365 2456 1514 2512 Commeat.
1536 2457 1644 2513 Martis.

501 2534 530 2607 i)
551 2538 604 2593 Hic
627 2554 703 2592 error
725 2536 829 2606 incipit.
867 2537 928 2590 Hac
941 2537 1014 2592 enim
1026 2553 1081 2591 nan
1095 2543 1140 2591 est
1153 2537 1223 2590 idem
1245 2537 1273 2590 in
1287 2537 1462 2602 contrarium,
1487 2555 1595 2593 cumea
1615 2538 1687 2610 quod
1700 2520 1783 2608 prae·

314 2640 325 2669 t
421 2617 548 2681 mittitur,
571 2618 632 2672 soil.
655 2617 862 2689 elongationem
884 2633 903 2670 a
922 2615 987 2670 Sole
1011 2616 1053 2670 bis
1074 2618 1167 2671 lacere
1192 2618 1227 2670 ad
1251 2618 1406 2687 augendam
1434 2617 1584 2687 periodum.
1625 2618 1671 2673 Sic
1690 2624 1784 2673 autem

421 2698 502 2752 debui
517 2698 659 2769 colligere,
681 2705 711 2752 et
725 2703 821 2751 cantra
834 2696 1040 2767 proportionem
1055 2696 1228 2768 periodorum
1242 2698 1354 2767 duplam
1375 2715 1437 2752 esse
1458 2692 1650 2773 dnogqpicris‘r
1669 2714 1784 2769 propor-

421 2778 512 2843 tionis,
534 2796 589 2833 non
604 2779 675 2849 quod
690 2779 742 2833 hac
755 2793 849 2831 rerum
864 2793 926 2831 esse
941 2782 1059 2843 teneam,
1082 2785 1126 2832 est
1144 2777 1217 2831 enim
1238 2777 1299 2846 ejus
1322 2780 1511 2833 tantummodo
1532 2779 1727 2849 sesquialtera,
1753 2786 1785 2831 ut

422 2858 576 2914 audiemus:
602 2861 650 2913 sed
675 2858 740 2931 quia
762 2874 800 2911 ex
814 2856 867 2911 hac
890 2859 1133 2930 argumentatione
1155 2858 1209 2911 hac
1228 2857 1353 2929 legitime
1367 2859 1550 2928 sequebatur:
1574 2857 1715 2912 rides·nti
1739 2857 1783 2912 hic
1853 2888 1861 2905 ι

421 2939 537 2994 medium
560 2937 825 2994 arithmeticum
850 2937 888 2991 sit
910 2945 1036 3003 sumtum,
1061 2956 1112 3009 per
1131 2937 1345 2993 dimidiationem
1362 2938 1542 3004 differentiae,
1567 2955 1627 2993 cum
1641 2938 1785 2994 debuisset

420 3019 538 3075 medium
560 3019 816 3091 geometricum
840 3017 918 3072 sumi.
1656 3068 1660 3069 ff

500 3098 532 3172 g)
552 3100 668 3170 Propius
683 3114 751 3154 sane
773 3115 825 3168 per
839 3099 924 3153 talem
938 3097 1130 3153 mediationem
1145 3097 1362 3162 arithmeticam,
1392 3114 1473 3169 quam
1500 3115 1551 3169 per
1577 3098 1783 3170 geometricam,

421 3181 545 3252 quamvis
568 3181 740 3251 geometrica
762 3178 888 3250 legitime
909 3179 1126 3232 concludebatur
1146 3195 1183 3232 ex
1204 3178 1333 3232 uramus
1349 3179 1506 3250 principiis3
1532 3180 1598 3252 quia
1611 3196 1672 3234 aum
1685 3194 1784 3234 revera

421 3263 458 3316 sit
479 3260 622 3332 proportio
645 3259 843 3331 proportionis
856 3275 910 3313 nau
933 3258 1027 3327 dupla,
1054 3260 1102 3311 sed
1116 3264 1224 3312 tantum
1243 3258 1428 3329 sesquialtera
1452 3258 1482 3327 (2
1497 3280 1504 3312 :
1521 3259 1557 3322 3.
1573 3260 1600 3314 h.
1615 3277 1639 3313 e.
1655 3258 1784 3330 quadrati

423 3343 458 3396 ad
472 3338 597 3407 cubum):
619 3340 720 3394 accidit
743 3340 795 3402 bio,
820 3345 851 3392 ut
873 3338 991 3392 medium
1014 3337 1216 3393 arithmeticum
1239 3338 1478 3410 appropinquaret
1497 3340 1586 3393 medio
1600 3339 1784 3411 proportionis

421 3422 629 3492 sesquialterae,
652 3421 715 3491 plus
730 3436 812 3492 quam
826 3417 942 3472 medium
956 3417 1161 3488 geometricum,
1187 3435 1236 3472 seu
1250 3419 1435 3489 proportionis
1450 3420 1566 3489 duplae,
1590 3420 1656 3491 quia
1668 3420 1785 3474 medium

306 3509 312 3523 ⁸
422 3501 627 3557 arithmeticum
650 3517 758 3570 semper
771 3497 885 3570 propius
908 3504 953 3552 est
966 3495 1065 3566 majori
1083 3497 1208 3563 termino,
1231 3514 1313 3570 quam
1335 3500 1451 3555 medium
1472 3501 1683 3572 geometricum:
1707 3508 1740 3555 ut
1759 3499 1786 3553 in

360 3596 363 3600 ‘
422 3583 551 3653 exemplo
566 3582 593 3636 6.
610 3581 637 3635 9.
656 3579 701 3635 12.
712 3586 748 3635 ,et
761 3580 788 3634 6.
805 3578 832 3633 8.
852 3578 896 3632 12.
912 3578 957 3632 hic
971 3577 1088 3632 medium
1102 3577 1304 3634 arithmeticum
1326 3578 1343 3633 9
1357 3581 1448 3651 majus
1468 3588 1512 3635 est
1524 3580 1694 3653 geometrico
1710 3579 1738 3636 8.

502 3660 533 3729 h)
557 3661 636 3716 Citra
655 3660 765 3714 dubium
786 3658 884 3728 praxis
907 3657 964 3712 ista
986 3675 1041 3712 non
1065 3658 1117 3713 fuit
1131 3666 1261 3714 assecuta
1278 3659 1458 3717 theorematis
1473 3676 1593 3731 scopum,
1617 3666 1651 3715 nt
1668 3660 1731 3730 Jam
1744 3666 1788 3714 est

424 3743 611 3813 explicatum:
633 3740 750 3794 medium
770 3739 841 3793 enirn
865 3739 1070 3794 arithmeticum
1090 3756 1146 3794 nau
1168 3746 1213 3793 est
1235 3740 1307 3793 idem
1329 3756 1390 3794 curu
1411 3741 1590 3812 geometriae.

503 3820 527 3893 i)
551 3820 623 3885 Quia
645 3820 771 3875 nimirum
793 3819 953 3874 incedebam
975 3819 1058 3890 ragis
1072 3819 1215 3891 gressibus
1238 3820 1448 3891 llexiloquarum
1462 3823 1615 3886 verborum,
1642 3838 1698 3877 non
1722 3822 1787 3894 legs

424 3902 608 3958 summatica.
650 3900 720 3956 Vide
743 3900 788 3955 hic
804 3899 865 3968 jam
885 3906 1032 3970 utrumque
1056 3916 1231 3970 processum:
1255 3900 1332 3970 priar
1353 3900 1392 3956 sia
1415 3910 1493 3958 erate
1550 3892 1555 3897 ¹

955 3980 1088 4034 Periadus
1109 3980 1208 4034 Martis
1233 3979 1300 4036 687.

955 4059 1089 4115 Periodns
1109 4060 1212 4115 Terrae
1235 4059 1293 4115 365
1301 4055 1340 4120 'ia

1145 4187 1151 4195 ·
1276 4158 1443 4214 Differentia
1470 4150 1574 4220 321⁸l..

1165 4298 1170 4303 ,
1276 4238 1424 4294 Dimidium
1450 4232 1575 4325 Q

958 4337 1079 4392 Medium
1093 4336 1297 4393 arithmeticum
1312 4334 1414 4398 aaut.

702 4416 759 4472 526
778 4411 808 4478 ¹l·
829 4420 878 4472 dat
897 4417 1059 4495 dumntiauu
1075 4417 1173 4472 Martis
1195 4420 1288 4484 1000,
1317 4418 1381 4492 quid
1402 4410 1516 4478 365¹lst

839 4498 982 4568 Sequitur,
1007 4497 1143 4552 distantia
1165 4499 1285 4554 Telluris
1309 4499 1376 4554 694.

509 4576 652 4633 Posterior
671 4578 712 4633 sio
734 4586 812 4632 erat:
834 4577 930 4633 Posito
954 4577 1116 4632 distantiam
1139 4578 1258 4635 Telluris
1282 4579 1435 4635 esse‘ti94.
1476 4578 1546 4634 Dico
1567 4577 1620 4633 sic:
1648 4578 1794 4634 Distentis
1886 4580 1887 4639 ,

428 4658 527 4713 Martis
539 4659 620 4714 1000
634 4661 684 4714 dat
696 4659 838 4731 periodum
853 4655 921 4723 687,
937 4657 1000 4729 quid
1015 4658 1149 4714 distantia
1158 4660 1262 4715 Terrae
1277 4659 1355 4714 6041
1376 4659 1501 4732 sequitur
1514 4665 1649 4729 tanquam
1661 4659 1792 4730 periodus

429 4738 532 4794 Terrae
547 4738 614 4794 477.
642 4739 735 4812 Pergo
749 4739 838 4811 igitur
849 4755 901 4811 per
915 4755 1040 4794 eversam
1057 4741 1270 4810 proportionem.
1885 4744 1886 4813 i

508 4819 586 4874 Vera
598 4820 726 4892 periodus
742 4816 836 4882 365¹a
863 4822 912 4875 dat
932 4820 1035 4874 falsam
1049 4817 1117 4884 477,
1141 4828 1275 4893 tanquam
1296 4837 1333 4874 ex
1346 4818 1447 4885 Marte,
1470 4819 1533 4891 quid
1551 4819 1636 4885 1000,
1659 4824 1793 4892 tanquam

427 4899 469 4955 ris
483 4899 603 4957 Martis?
628 4901 752 4977 sequitur
768 4900 852 4970 1306,
877 4905 1011 4976 tanquam
1032 4900 1074 4956 vis
1095 4902 1225 4958 Telluris.
1266 4900 1408 4957 Excessus
1432 4899 1520 4976 igitur
1540 4898 1652 4956 virtutis
1673 4900 1793 4956 Telluris
