<?xml version="1.0" encoding="UTF-8"?>
<!DOCTYPE html PUBLIC "-//W3C//DTD XHTML 1.0 Transitional//EN"
    "http://www.w3.org/TR/xhtml1/DTD/xhtml1-transitional.dtd">
<html xmlns="http://www.w3.org/1999/xhtml" xml:lang="en" lang="en">
 <head>
  <title>
</title>
<meta http-equiv="Content-Type" content="text/html;charset=utf-8" />
  <meta name='ocr-system' content='tesseract 3.04.00' />
  <meta name='ocr-capabilities' content='ocr_page ocr_carea ocr_par ocr_line ocrx_word'/>
</head>
<body>
  <div class='ocr_page' id='page_1' title='image "./joanniskepleria27frisgoog_0061.png"; bbox 0 0 3786 5808; ppageno 0'>
   <div class='ocr_carea' id='block_1_1' title="bbox 406 370 1160 442">
    <p class='ocr_par' dir='ltr' id='par_1_1' title="bbox 406 370 1160 442">
     <span class='ocr_line' id='line_1_1' title="bbox 406 370 1160 442; baseline -0.001 -14"><span class='ocrx_word' id='word_1_1' title='bbox 406 372 449 442; x_wconf 77' lang='lat'>30</span> <span class='ocrx_word' id='word_1_2' title='bbox 998 370 1160 428; x_wconf 72' lang='grc'>000000.</span> 
     </span>
    </p>
   </div>
   <div class='ocr_carea' id='block_1_2' title="bbox 325 534 1752 971">
    <p class='ocr_par' dir='ltr' id='par_1_2' title="bbox 493 534 1749 621">
     <span class='ocr_line' id='line_1_2' title="bbox 493 534 1749 621; baseline 0 -23"><span class='ocrx_word' id='word_1_3' title='bbox 493 536 621 611; x_wconf 85' lang='lat' dir='ltr'>(Errata</span> <span class='ocrx_word' id='word_1_4' title='bbox 645 543 766 616; x_wconf 88' lang='lat' dir='ltr'>praeter</span> <span class='ocrx_word' id='word_1_5' title='bbox 788 555 825 596; x_wconf 87' lang='lat' dir='ltr'>ea</span> <span class='ocrx_word' id='word_1_6' title='bbox 849 554 924 616; x_wconf 90' lang='lat' dir='ltr'>quac</span> <span class='ocrx_word' id='word_1_7' title='bbox 946 536 1079 621; x_wconf 83' lang='lat' dir='ltr'>proxime</span> <span class='ocrx_word' id='word_1_8' title='bbox 1102 536 1181 611; x_wconf 90' lang='lat' dir='ltr'>misi,</span> <span class='ocrx_word' id='word_1_9' title='bbox 1205 542 1275 597; x_wconf 89' lang='lat' dir='ltr'>suut</span> <span class='ocrx_word' id='word_1_10' title='bbox 1288 535 1380 598; x_wconf 88' lang='lat' dir='ltr'>haec:</span> <span class='ocrx_word' id='word_1_11' title='bbox 1404 535 1433 597; x_wconf 92' lang='lat' dir='ltr'>in</span> <span class='ocrx_word' id='word_1_12' title='bbox 1452 536 1568 598; x_wconf 88' lang='lat' dir='ltr'>tabella</span> <span class='ocrx_word' id='word_1_13' title='bbox 1588 537 1604 598; x_wconf 92' lang='grc'>1</span> <span class='ocrx_word' id='word_1_14' title='bbox 1626 534 1749 599; x_wconf 80' lang='grc'>1100001</span> 
     </span>
    </p>

    <p class='ocr_par' dir='ltr' id='par_1_3' title="bbox 406 624 1750 706">
     <span class='ocr_line' id='line_1_3' title="bbox 406 624 1750 706; baseline 0.001 -19"><span class='ocrx_word' id='word_1_15' title='bbox 406 624 467 703; x_wconf 72' lang='grc'>01)</span> <span class='ocrx_word' id='word_1_16' title='bbox 492 637 523 688; x_wconf 90' lang='lat' dir='ltr'>et</span> <span class='ocrx_word' id='word_1_17' title='bbox 545 626 576 700; x_wconf 74' lang='lat' dir='ltr'>ll</span> <span class='ocrx_word' id='word_1_18' title='bbox 599 626 738 689; x_wconf 88' lang='lat' dir='ltr'>circulum</span> <span class='ocrx_word' id='word_1_19' title='bbox 763 624 788 699; x_wconf 73' lang='grc' dir='ltr'><strong>Ω</strong></span> <span class='ocrx_word' id='word_1_20' title='bbox 813 632 954 704; x_wconf 91' lang='lat' dir='ltr'>tangunt,</span> <span class='ocrx_word' id='word_1_21' title='bbox 984 644 1050 687; x_wconf 88' lang='lat' dir='ltr'>curn</span> <span class='ocrx_word' id='word_1_22' title='bbox 1074 628 1098 701; x_wconf 65' lang='grc' dir='ltr'><em>ὃ</em></span> <span class='ocrx_word' id='word_1_23' title='bbox 1124 624 1268 686; x_wconf 89' lang='lat' dir='ltr'>deberent</span> <span class='ocrx_word' id='word_1_24' title='bbox 1295 625 1397 687; x_wconf 85' lang='lat' dir='ltr'>orbem</span> <span class='ocrx_word' id='word_1_25' title='bbox 1419 634 1554 706; x_wconf 88' lang='lat' dir='ltr'>tangere.</span> <span class='ocrx_word' id='word_1_26' title='bbox 1602 625 1638 689; x_wconf 89' lang='lat' dir='ltr'>P.</span> <span class='ocrx_word' id='word_1_27' title='bbox 1662 624 1750 688; x_wconf 81' lang='grc'>410</span> 
     </span>
    </p>

    <p class='ocr_par' dir='ltr' id='par_1_4' title="bbox 406 710 1751 795">
     <span class='ocr_line' id='line_1_4' title="bbox 406 710 1751 795; baseline -0.001 -19"><span class='ocrx_word' id='word_1_28' title='bbox 406 716 556 795; x_wconf 83' lang='lat' dir='ltr'>margine,</span> <span class='ocrx_word' id='word_1_29' title='bbox 580 714 678 777; x_wconf 82' lang='lat' dir='ltr'>scribe</span> <span class='ocrx_word' id='word_1_30' title='bbox 701 712 829 785; x_wconf 82' lang='lat' dir='ltr'>Quarta.</span> <span class='ocrx_word' id='word_1_31' title='bbox 876 714 910 775; x_wconf 92' lang='lat' dir='ltr'>P.</span> <span class='ocrx_word' id='word_1_32' title='bbox 935 711 979 777; x_wconf 81' lang='lat'>80</span> <span class='ocrx_word' id='word_1_33' title='bbox 1002 714 1040 774; x_wconf 91' lang='lat' dir='ltr'>ad</span> <span class='ocrx_word' id='word_1_34' title='bbox 1063 710 1083 791; x_wconf 73' lang='grc'>1)</span> <span class='ocrx_word' id='word_1_35' title='bbox 1107 724 1156 775; x_wconf 90' lang='lat' dir='ltr'>est</span> <span class='ocrx_word' id='word_1_36' title='bbox 1180 712 1220 777; x_wconf 84' lang='lat'>15</span> <span class='ocrx_word' id='word_1_37' title='bbox 1244 712 1293 790; x_wconf 76' lang='grc' dir='ltr'>Υ,</span> <span class='ocrx_word' id='word_1_38' title='bbox 1323 722 1422 778; x_wconf 92' lang='lat' dir='ltr'>utrum</span> <span class='ocrx_word' id='word_1_39' title='bbox 1445 715 1501 776; x_wconf 92' lang='lat' dir='ltr'>hoc</span> <span class='ocrx_word' id='word_1_40' title='bbox 1522 714 1570 776; x_wconf 87' lang='lat' dir='ltr'>ita</span> <span class='ocrx_word' id='word_1_41' title='bbox 1594 714 1751 777; x_wconf 79' lang='lat' dir='ltr'>correxeris</span> 
     </span>
    </p>

    <p class='ocr_par' dir='ltr' id='par_1_5' title="bbox 325 799 1752 971">
     <span class='ocr_line' id='line_1_5' title="bbox 325 799 1752 884; baseline -0.001 -19"><span class='ocrx_word' id='word_1_42' title='bbox 325 832 328 838; x_wconf 87' lang='lat'><strong>·</strong></span> <span class='ocrx_word' id='word_1_43' title='bbox 406 805 516 865; x_wconf 87' lang='lat' dir='ltr'>nescio.</span> <span class='ocrx_word' id='word_1_44' title='bbox 553 803 620 883; x_wconf 87' lang='lat' dir='ltr'>Ego</span> <span class='ocrx_word' id='word_1_45' title='bbox 643 823 672 865; x_wconf 92' lang='lat' dir='ltr'>u.</span> <span class='ocrx_word' id='word_1_46' title='bbox 697 802 803 884; x_wconf 81' lang='lat' dir='ltr'>scripsi</span> <span class='ocrx_word' id='word_1_47' title='bbox 830 800 870 864; x_wconf 89' lang='grc'>10</span> <span class='ocrx_word' id='word_1_48' title='bbox 893 801 938 879; x_wconf 76' lang='grc' dir='ltr'>Υ.</span> <span class='ocrx_word' id='word_1_49' title='bbox 982 803 1017 865; x_wconf 91' lang='grc' dir='ltr'>Ρ.</span> <span class='ocrx_word' id='word_1_50' title='bbox 1042 800 1081 866; x_wconf 87' lang='grc'>81</span> <span class='ocrx_word' id='word_1_51' title='bbox 1109 804 1128 865; x_wconf 93' lang='lat' dir='ltr'>l.</span> <span class='ocrx_word' id='word_1_52' title='bbox 1157 800 1196 866; x_wconf 84' lang='lat'>18</span> <span class='ocrx_word' id='word_1_53' title='bbox 1219 803 1370 880; x_wconf 86' lang='lat' dir='ltr'>sortiatur,</span> <span class='ocrx_word' id='word_1_54' title='bbox 1396 805 1416 866; x_wconf 95' lang='lat' dir='ltr'>l.</span> <span class='ocrx_word' id='word_1_55' title='bbox 1441 799 1483 865; x_wconf 85' lang='lat'>22</span> <span class='ocrx_word' id='word_1_56' title='bbox 1507 803 1610 867; x_wconf 89' lang='lat' dir='ltr'>boreo.</span> <span class='ocrx_word' id='word_1_57' title='bbox 1657 802 1691 865; x_wconf 93' lang='lat' dir='ltr'>P.</span> <span class='ocrx_word' id='word_1_58' title='bbox 1713 799 1752 866; x_wconf 75' lang='lat'>82</span> 
     </span>
     <span class='ocr_line' id='line_1_6' title="bbox 407 887 1320 971; baseline -0.002 -17"><span class='ocrx_word' id='word_1_59' title='bbox 407 893 427 954; x_wconf 94' lang='lat' dir='ltr'>l.</span> <span class='ocrx_word' id='word_1_60' title='bbox 451 890 494 956; x_wconf 81' lang='lat'>20</span> <span class='ocrx_word' id='word_1_61' title='bbox 517 892 623 967; x_wconf 86' lang='lat' dir='ltr'>didita,</span> <span class='ocrx_word' id='word_1_62' title='bbox 647 911 677 971; x_wconf 90' lang='lat' dir='ltr'>p.</span> <span class='ocrx_word' id='word_1_63' title='bbox 701 887 744 955; x_wconf 82' lang='lat'>83</span> <span class='ocrx_word' id='word_1_64' title='bbox 770 894 789 954; x_wconf 95' lang='lat' dir='ltr'>l.</span> <span class='ocrx_word' id='word_1_65' title='bbox 814 889 833 955; x_wconf 92' lang='grc'>3</span> <span class='ocrx_word' id='word_1_66' title='bbox 856 892 997 967; x_wconf 80' lang='lat' dir='ltr'>Maxime,</span> <span class='ocrx_word' id='word_1_67' title='bbox 1024 892 1043 953; x_wconf 95' lang='lat' dir='ltr'>l.</span> <span class='ocrx_word' id='word_1_68' title='bbox 1068 888 1098 955; x_wconf 88' lang='lat'>8.</span> <span class='ocrx_word' id='word_1_69' title='bbox 1124 891 1320 966; x_wconf 87' lang='lat' dir='ltr'>diademate.)</span> 
     </span>
    </p>
   </div>
   <div class='ocr_carea' id='block_1_3' title="bbox 297 1013 1759 2503">
    <p class='ocr_par' dir='ltr' id='par_1_6' title="bbox 407 1013 1757 1806">
     <span class='ocr_line' id='line_1_7' title="bbox 494 1013 1753 1096; baseline -0.001 -20"><span class='ocrx_word' id='word_1_70' title='bbox 494 1015 559 1096; x_wconf 84' lang='lat' dir='ltr'>Ego</span> <span class='ocrx_word' id='word_1_71' title='bbox 584 1036 656 1079; x_wconf 90' lang='lat' dir='ltr'>sane</span> <span class='ocrx_word' id='word_1_72' title='bbox 679 1035 737 1076; x_wconf 93' lang='lat' dir='ltr'>nou</span> <span class='ocrx_word' id='word_1_73' title='bbox 761 1014 926 1084; x_wconf 84' lang='lat' dir='ltr'>ita.essem</span> <span class='ocrx_word' id='word_1_74' title='bbox 948 1014 1117 1094; x_wconf 85' lang='lat' dir='ltr'>impudens,</span> <span class='ocrx_word' id='word_1_75' title='bbox 1147 1022 1181 1075; x_wconf 91' lang='lat' dir='ltr'>nt</span> <span class='ocrx_word' id='word_1_76' title='bbox 1203 1015 1242 1077; x_wconf 91' lang='lat' dir='ltr'>H.</span> <span class='ocrx_word' id='word_1_77' title='bbox 1267 1014 1469 1076; x_wconf 82' lang='lat' dir='ltr'>tuam-instar</span> <span class='ocrx_word' id='word_1_78' title='bbox 1497 1015 1603 1076; x_wconf 81' lang='lat' dir='ltr'>famuli</span> <span class='ocrx_word' id='word_1_79' title='bbox 1634 1013 1753 1093; x_wconf 71' lang='lat' dir='ltr'>alicuius</span> 
     </span>
     <span class='ocr_line' id='line_1_8' title="bbox 408 1103 1753 1189; baseline -0.001 -23"><span class='ocrx_word' id='word_1_80' title='bbox 408 1125 473 1167; x_wconf 91' lang='lat' dir='ltr'>cnm</span> <span class='ocrx_word' id='word_1_81' title='bbox 492 1105 567 1167; x_wconf 88' lang='lat' dir='ltr'>meis</span> <span class='ocrx_word' id='word_1_82' title='bbox 586 1105 703 1167; x_wconf 90' lang='lat' dir='ltr'>scilicet</span> <span class='ocrx_word' id='word_1_83' title='bbox 715 1103 866 1165; x_wconf 88' lang='lat' dir='ltr'>mandatis</span> <span class='ocrx_word' id='word_1_84' title='bbox 881 1104 921 1166; x_wconf 89' lang='lat' dir='ltr'>ad</span> <span class='ocrx_word' id='word_1_85' title='bbox 936 1103 1217 1184; x_wconf 88' lang='lat' dir='ltr'>Gruppcnbachium</span> <span class='ocrx_word' id='word_1_86' title='bbox 1233 1103 1419 1182; x_wconf 82' lang='lat' dir='ltr'>ablegarem3</span> <span class='ocrx_word' id='word_1_87' title='bbox 1444 1105 1512 1183; x_wconf 92' lang='lat' dir='ltr'>quin</span> <span class='ocrx_word' id='word_1_88' title='bbox 1535 1103 1639 1183; x_wconf 89' lang='lat' dir='ltr'>potius</span> <span class='ocrx_word' id='word_1_89' title='bbox 1651 1104 1753 1189; x_wconf 65' lang='lat' dir='ltr'>ipsum</span> 
     </span>
     <span class='ocr_line' id='line_1_9' title="bbox 408 1187 1754 1275; baseline -0.002 -19"><span class='ocrx_word' id='word_1_90' title='bbox 408 1213 463 1275; x_wconf 85' lang='lat' dir='ltr'>ego</span> <span class='ocrx_word' id='word_1_91' title='bbox 478 1211 531 1273; x_wconf 87' lang='lat' dir='ltr'>per</span> <span class='ocrx_word' id='word_1_92' title='bbox 546 1192 703 1273; x_wconf 87' lang='lat' dir='ltr'>epistolam</span> <span class='ocrx_word' id='word_1_93' title='bbox 717 1192 901 1274; x_wconf 83' lang='lat' dir='ltr'><strong>alloquerer:</strong></span> <span class='ocrx_word' id='word_1_94' title='bbox 925 1192 991 1266; x_wconf 85' lang='lat' dir='ltr'>uisi,</span> <span class='ocrx_word' id='word_1_95' title='bbox 1017 1191 1087 1273; x_wconf 88' lang='lat' dir='ltr'>quid</span> <span class='ocrx_word' id='word_1_96' title='bbox 1101 1192 1180 1254; x_wconf 90' lang='lat' dir='ltr'>iuter</span> <span class='ocrx_word' id='word_1_97' title='bbox 1198 1212 1252 1253; x_wconf 91' lang='lat' dir='ltr'>vos</span> <span class='ocrx_word' id='word_1_98' title='bbox 1271 1191 1336 1271; x_wconf 90' lang='lat' dir='ltr'>jam</span> <span class='ocrx_word' id='word_1_99' title='bbox 1356 1200 1447 1255; x_wconf 86' lang='lat' dir='ltr'>autea</span> <span class='ocrx_word' id='word_1_100' title='bbox 1462 1191 1647 1267; x_wconf 83' lang='lat' dir='ltr'>convenerit,</span> <span class='ocrx_word' id='word_1_101' title='bbox 1667 1187 1754 1272; x_wconf 83' lang='lat' dir='ltr'>&#39;quid-</span> 
     </span>
     <span class='ocr_line' id='line_1_10' title="bbox 408 1280 1754 1363; baseline -0.002 -19"><span class='ocrx_word' id='word_1_102' title='bbox 408 1302 463 1363; x_wconf 86' lang='lat' dir='ltr'>que</span> <span class='ocrx_word' id='word_1_103' title='bbox 486 1282 557 1344; x_wconf 91' lang='lat' dir='ltr'>mihi</span> <span class='ocrx_word' id='word_1_104' title='bbox 580 1281 767 1344; x_wconf 87' lang='lat' dir='ltr'>scribendum</span> <span class='ocrx_word' id='word_1_105' title='bbox 790 1281 839 1355; x_wconf 92' lang='lat' dir='ltr'>sit,</span> <span class='ocrx_word' id='word_1_106' title='bbox 863 1281 1041 1360; x_wconf 79' lang='lat' dir='ltr'>ignorarem.</span> <span class='ocrx_word' id='word_1_107' title='bbox 1074 1280 1116 1343; x_wconf 88' lang='lat' dir='ltr'>Et</span> <span class='ocrx_word' id='word_1_108' title='bbox 1138 1301 1211 1342; x_wconf 89' lang='lat' dir='ltr'>sane</span> <span class='ocrx_word' id='word_1_109' title='bbox 1230 1300 1318 1362; x_wconf 91' lang='lat' dir='ltr'>quam</span> <span class='ocrx_word' id='word_1_110' title='bbox 1337 1280 1584 1343; x_wconf 87' lang='lat' dir='ltr'>molestissimum</span> <span class='ocrx_word' id='word_1_111' title='bbox 1607 1280 1680 1343; x_wconf 90' lang='lat' dir='ltr'>mihi</span> <span class='ocrx_word' id='word_1_112' title='bbox 1702 1289 1754 1350; x_wconf 84' lang='lat' dir='ltr'>cst,</span> 
     </span>
     <span class='ocr_line' id='line_1_11' title="bbox 407 1364 1755 1450; baseline -0.002 -18"><span class='ocrx_word' id='word_1_113' title='bbox 407 1364 510 1433; x_wconf 87' lang='lat' dir='ltr'>omncs</span> <span class='ocrx_word' id='word_1_114' title='bbox 533 1378 597 1433; x_wconf 88' lang='lat' dir='ltr'>tres</span> <span class='ocrx_word' id='word_1_115' title='bbox 621 1371 805 1444; x_wconf 87' lang='lat' dir='ltr'>tabellarios,</span> <span class='ocrx_word' id='word_1_116' title='bbox 829 1370 879 1449; x_wconf 91' lang='lat' dir='ltr'>qui</span> <span class='ocrx_word' id='word_1_117' title='bbox 902 1390 956 1431; x_wconf 90' lang='lat' dir='ltr'>nos</span> <span class='ocrx_word' id='word_1_118' title='bbox 980 1370 1089 1432; x_wconf 83' lang='lat' dir='ltr'><strong>isthinc</strong></span> <span class='ocrx_word' id='word_1_119' title='bbox 1112 1370 1233 1445; x_wconf 85' lang='lat' dir='ltr'>adeunt,</span> <span class='ocrx_word' id='word_1_120' title='bbox 1258 1370 1415 1432; x_wconf 82' lang='lat' dir='ltr'>advenisse</span> <span class='ocrx_word' id='word_1_121' title='bbox 1440 1371 1503 1432; x_wconf 89' lang='lat' dir='ltr'>sinc</span> <span class='ocrx_word' id='word_1_122' title='bbox 1527 1369 1755 1450; x_wconf 78' lang='lat' dir='ltr'>exemplaribus.</span> 
     </span>
     <span class='ocr_line' id='line_1_12' title="bbox 408 1458 1755 1541; baseline -0.001 -20"><span class='ocrx_word' id='word_1_123' title='bbox 408 1459 526 1522; x_wconf 77' lang='lat' dir='ltr'>Obnine</span> <span class='ocrx_word' id='word_1_124' title='bbox 540 1478 624 1541; x_wconf 87' lang='lat' dir='ltr'>rogo,</span> <span class='ocrx_word' id='word_1_125' title='bbox 647 1468 681 1521; x_wconf 90' lang='lat' dir='ltr'>ut</span> <span class='ocrx_word' id='word_1_126' title='bbox 703 1459 828 1539; x_wconf 91' lang='lat' dir='ltr'>primum</span> <span class='ocrx_word' id='word_1_127' title='bbox 851 1459 901 1539; x_wconf 91' lang='lat' dir='ltr'>qui</span> <span class='ocrx_word' id='word_1_128' title='bbox 924 1478 957 1520; x_wconf 88' lang='lat' dir='ltr'>se</span> <span class='ocrx_word' id='word_1_129' title='bbox 981 1458 1123 1521; x_wconf 89' lang='lat' dir='ltr'>obtulerit</span> <span class='ocrx_word' id='word_1_130' title='bbox 1145 1459 1335 1521; x_wconf 83' lang='lat' dir='ltr'>tabellarium</span> <span class='ocrx_word' id='word_1_131' title='bbox 1358 1467 1406 1521; x_wconf 89' lang='lat' dir='ltr'>tot</span> <span class='ocrx_word' id='word_1_132' title='bbox 1420 1459 1551 1521; x_wconf 90' lang='lat' dir='ltr'>oneretis</span> <span class='ocrx_word' id='word_1_133' title='bbox 1577 1458 1755 1540; x_wconf 81' lang='lat' dir='ltr'>exemplari-</span> 
     </span>
     <span class='ocr_line' id='line_1_13' title="bbox 407 1547 1756 1629; baseline -0.001 -18"><span class='ocrx_word' id='word_1_134' title='bbox 407 1549 473 1623; x_wconf 88' lang='lat' dir='ltr'>bus,</span> <span class='ocrx_word' id='word_1_135' title='bbox 499 1557 572 1629; x_wconf 90' lang='lat' dir='ltr'>quot</span> <span class='ocrx_word' id='word_1_136' title='bbox 594 1549 644 1611; x_wconf 92' lang='lat' dir='ltr'>ille</span> <span class='ocrx_word' id='word_1_137' title='bbox 668 1547 821 1609; x_wconf 92' lang='lat' dir='ltr'>commode</span> <span class='ocrx_word' id='word_1_138' title='bbox 845 1548 921 1610; x_wconf 90' lang='lat' dir='ltr'>serre</span> <span class='ocrx_word' id='word_1_139' title='bbox 944 1556 1055 1629; x_wconf 84' lang='lat' dir='ltr'>potest</span> <span class='ocrx_word' id='word_1_140' title='bbox 1087 1547 1154 1610; x_wconf 86' lang='lat' dir='ltr'>Nisi</span> <span class='ocrx_word' id='word_1_141' title='bbox 1178 1548 1255 1610; x_wconf 91' lang='lat' dir='ltr'>euim</span> <span class='ocrx_word' id='word_1_142' title='bbox 1270 1547 1396 1610; x_wconf 89' lang='lat' dir='ltr'>octiduo</span> <span class='ocrx_word' id='word_1_143' title='bbox 1415 1557 1485 1627; x_wconf 90' lang='lat' dir='ltr'>post</span> <span class='ocrx_word' id='word_1_144' title='bbox 1502 1548 1621 1628; x_wconf 89' lang='lat' dir='ltr'>pascha</span> <span class='ocrx_word' id='word_1_145' title='bbox 1635 1548 1756 1610; x_wconf 84' lang='lat' dir='ltr'>babeam</span> 
     </span>
     <span class='ocr_line' id='line_1_14' title="bbox 408 1635 1755 1718; baseline -0.001 -19"><span class='ocrx_word' id='word_1_146' title='bbox 408 1638 610 1718; x_wconf 82' lang='lat' dir='ltr'>exemplaria:</span> <span class='ocrx_word' id='word_1_147' title='bbox 635 1637 758 1700; x_wconf 91' lang='lat' dir='ltr'>comitia</span> <span class='ocrx_word' id='word_1_148' title='bbox 780 1636 833 1698; x_wconf 90' lang='lat' dir='ltr'>illa</span> <span class='ocrx_word' id='word_1_149' title='bbox 855 1637 1024 1716; x_wconf 81' lang='lat' dir='ltr'>neglexero.</span> <span class='ocrx_word' id='word_1_150' title='bbox 1067 1635 1232 1698; x_wconf 88' lang='lat' dir='ltr'>Steinlinus</span> <span class='ocrx_word' id='word_1_151' title='bbox 1256 1636 1329 1698; x_wconf 90' lang='lat' dir='ltr'>nihil</span> <span class='ocrx_word' id='word_1_152' title='bbox 1353 1637 1462 1699; x_wconf 86' lang='lat' dir='ltr'>adme</span> <span class='ocrx_word' id='word_1_153' title='bbox 1486 1637 1543 1699; x_wconf 93' lang='lat' dir='ltr'>uisi</span> <span class='ocrx_word' id='word_1_154' title='bbox 1568 1656 1644 1718; x_wconf 84' lang='lat' dir='ltr'>opus</span> <span class='ocrx_word' id='word_1_155' title='bbox 1668 1638 1755 1698; x_wconf 90' lang='lat' dir='ltr'>abso·</span> 
     </span>
     <span class='ocr_line' id='line_1_15' title="bbox 409 1724 1757 1806; baseline -0.004 -17"><span class='ocrx_word' id='word_1_156' title='bbox 409 1727 503 1789; x_wconf 91' lang='lat' dir='ltr'>lutum</span> <span class='ocrx_word' id='word_1_157' title='bbox 527 1748 605 1790; x_wconf 89' lang='lat' dir='ltr'>esse.</span> <span class='ocrx_word' id='word_1_158' title='bbox 642 1727 688 1789; x_wconf 86' lang='lat' dir='ltr'>De</span> <span class='ocrx_word' id='word_1_159' title='bbox 712 1725 801 1788; x_wconf 90' lang='lat' dir='ltr'>titulo</span> <span class='ocrx_word' id='word_1_160' title='bbox 824 1726 934 1804; x_wconf 81' lang='lat' dir='ltr'>ligmae</span> <span class='ocrx_word' id='word_1_161' title='bbox 958 1745 1070 1788; x_wconf 86' lang='lat' dir='ltr'>aeneae</span> <span class='ocrx_word' id='word_1_162' title='bbox 1093 1725 1167 1789; x_wconf 91' lang='lat' dir='ltr'>nihil</span> <span class='ocrx_word' id='word_1_163' title='bbox 1190 1724 1328 1788; x_wconf 82' lang='lat' dir='ltr'>existimo</span> <span class='ocrx_word' id='word_1_164' title='bbox 1347 1726 1543 1801; x_wconf 80' lang='lat' dir='ltr'>scribendum,</span> <span class='ocrx_word' id='word_1_165' title='bbox 1570 1744 1707 1806; x_wconf 88' lang='lat' dir='ltr'>sperans,</span> <span class='ocrx_word' id='word_1_166' title='bbox 1729 1724 1757 1786; x_wconf 93' lang='lat' dir='ltr'>id</span> 
     </span>
    </p>

    <p class='ocr_par' dir='ltr' id='par_1_7' title="bbox 297 1813 1759 2503">
     <span class='ocr_line' id='line_1_16' title="bbox 297 1813 1757 1896; baseline -0.001 -18"><span class='ocrx_word' id='word_1_167' title='bbox 297 1852 301 1859; x_wconf 92' lang='lat'>·</span> <span class='ocrx_word' id='word_1_168' title='bbox 409 1816 559 1896; x_wconf 84' lang='lat' dir='ltr'>negotium</span> <span class='ocrx_word' id='word_1_169' title='bbox 581 1825 633 1878; x_wconf 87' lang='lat' dir='ltr'>tuo</span> <span class='ocrx_word' id='word_1_170' title='bbox 658 1814 782 1876; x_wconf 89' lang='lat' dir='ltr'>consilio</span> <span class='ocrx_word' id='word_1_171' title='bbox 802 1814 868 1894; x_wconf 88' lang='lat' dir='ltr'>jam</span> <span class='ocrx_word' id='word_1_172' title='bbox 886 1822 977 1875; x_wconf 86' lang='lat' dir='ltr'>autea</span> <span class='ocrx_word' id='word_1_173' title='bbox 995 1815 1069 1876; x_wconf 89' lang='lat' dir='ltr'>bene</span> <span class='ocrx_word' id='word_1_174' title='bbox 1085 1814 1214 1877; x_wconf 90' lang='lat' dir='ltr'>habere:</span> <span class='ocrx_word' id='word_1_175' title='bbox 1238 1834 1304 1876; x_wconf 91' lang='lat' dir='ltr'>cum</span> <span class='ocrx_word' id='word_1_176' title='bbox 1318 1814 1474 1896; x_wconf 83' lang='lat' dir='ltr'>negaverit</span> <span class='ocrx_word' id='word_1_177' title='bbox 1489 1813 1757 1896; x_wconf 84' lang='lat' dir='ltr'>Gruppeubachius</span> 
     </span>
     <span class='ocr_line' id='line_1_17' title="bbox 409 1900 1757 1986; baseline -0.001 -20"><span class='ocrx_word' id='word_1_178' title='bbox 409 1904 438 1966; x_wconf 92' lang='lat' dir='ltr'>in</span> <span class='ocrx_word' id='word_1_179' title='bbox 462 1905 620 1985; x_wconf 83' lang='lat' dir='ltr'>literisad</span> <span class='ocrx_word' id='word_1_180' title='bbox 644 1923 691 1965; x_wconf 89' lang='lat' dir='ltr'>mc</span> <span class='ocrx_word' id='word_1_181' title='bbox 716 1903 795 1965; x_wconf 90' lang='lat' dir='ltr'>datis</span> <span class='ocrx_word' id='word_1_182' title='bbox 820 1921 921 1965; x_wconf 85' lang='lat' dir='ltr'>meuse</span> <span class='ocrx_word' id='word_1_183' title='bbox 944 1901 1104 1979; x_wconf 88' lang='lat' dir='ltr'>Jauuario,</span> <span class='ocrx_word' id='word_1_184' title='bbox 1133 1923 1166 1964; x_wconf 91' lang='lat' dir='ltr'>se</span> <span class='ocrx_word' id='word_1_185' title='bbox 1188 1923 1278 1982; x_wconf 87' lang='lat' dir='ltr'>posse</span> <span class='ocrx_word' id='word_1_186' title='bbox 1302 1903 1412 1966; x_wconf 89' lang='lat' dir='ltr'>diutius</span> <span class='ocrx_word' id='word_1_187' title='bbox 1440 1903 1578 1981; x_wconf 85' lang='lat' dir='ltr'>differre,</span> <span class='ocrx_word' id='word_1_188' title='bbox 1612 1923 1701 1986; x_wconf 85' lang='lat' dir='ltr'>quam</span> <span class='ocrx_word' id='word_1_189' title='bbox 1722 1900 1757 1964; x_wconf 89' lang='lat' dir='ltr'>ad</span> 
     </span>
     <span class='ocr_line' id='line_1_18' title="bbox 409 1991 1757 2074; baseline 0 -19"><span class='ocrx_word' id='word_1_190' title='bbox 409 1993 566 2056; x_wconf 87' lang='lat' dir='ltr'>nundinas.</span> <span class='ocrx_word' id='word_1_191' title='bbox 613 1991 648 2054; x_wconf 85' lang='lat' dir='ltr'>Si</span> <span class='ocrx_word' id='word_1_192' title='bbox 671 2000 771 2054; x_wconf 85' lang='lat' dir='ltr'>tamen</span> <span class='ocrx_word' id='word_1_193' title='bbox 795 1992 891 2053; x_wconf 87' lang='lat' dir='ltr'>adhuc</span> <span class='ocrx_word' id='word_1_194' title='bbox 914 1993 944 2053; x_wconf 95' lang='lat' dir='ltr'>in</span> <span class='ocrx_word' id='word_1_195' title='bbox 969 2011 1004 2055; x_wconf 86' lang='lat' dir='ltr'>eo</span> <span class='ocrx_word' id='word_1_196' title='bbox 1034 1993 1172 2054; x_wconf 82' lang='lat' dir='ltr'>haereret</span> <span class='ocrx_word' id='word_1_197' title='bbox 1199 1992 1423 2074; x_wconf 85' lang='lat' dir='ltr'>typographus:</span> <span class='ocrx_word' id='word_1_198' title='bbox 1450 1993 1516 2073; x_wconf 86' lang='lat' dir='ltr'>jam</span> <span class='ocrx_word' id='word_1_199' title='bbox 1544 2011 1602 2073; x_wconf 91' lang='lat' dir='ltr'>ego</span> <span class='ocrx_word' id='word_1_200' title='bbox 1631 1993 1757 2055; x_wconf 86' lang='lat' dir='ltr'>animum</span> 
     </span>
     <span class='ocr_line' id='line_1_19' title="bbox 409 2078 1758 2161; baseline -0.001 -18"><span class='ocrx_word' id='word_1_201' title='bbox 409 2101 506 2144; x_wconf 92' lang='lat' dir='ltr'>meum</span> <span class='ocrx_word' id='word_1_202' title='bbox 529 2080 655 2161; x_wconf 80' lang='lat' dir='ltr'>explico,</span> <span class='ocrx_word' id='word_1_203' title='bbox 679 2089 827 2142; x_wconf 88' lang='lat' dir='ltr'>staturum</span> <span class='ocrx_word' id='word_1_204' title='bbox 849 2078 981 2142; x_wconf 87' lang='lat' dir='ltr'>vestuim</span> <span class='ocrx_word' id='word_1_205' title='bbox 1006 2081 1152 2143; x_wconf 91' lang='lat' dir='ltr'>communi</span> <span class='ocrx_word' id='word_1_206' title='bbox 1176 2080 1310 2144; x_wconf 86' lang='lat' dir='ltr'>consilio.</span> <span class='ocrx_word' id='word_1_207' title='bbox 1352 2081 1449 2144; x_wconf 88' lang='lat' dir='ltr'>Vides</span> <span class='ocrx_word' id='word_1_208' title='bbox 1472 2081 1608 2144; x_wconf 89' lang='lat' dir='ltr'>rationes</span> <span class='ocrx_word' id='word_1_209' title='bbox 1632 2078 1758 2144; x_wconf 84' lang='lat' dir='ltr'>instituti</span> 
     </span>
     <span class='ocr_line' id='line_1_20' title="bbox 410 2168 1759 2252; baseline 0 -21"><span class='ocrx_word' id='word_1_210' title='bbox 410 2170 477 2234; x_wconf 91' lang='lat' dir='ltr'>mei.</span> <span class='ocrx_word' id='word_1_211' title='bbox 515 2171 647 2232; x_wconf 87' lang='lat' dir='ltr'>Primam</span> <span class='ocrx_word' id='word_1_212' title='bbox 669 2168 783 2235; x_wconf 84' lang='lat' dir='ltr'>inventi</span> <span class='ocrx_word' id='word_1_213' title='bbox 802 2168 961 2247; x_wconf 88' lang='lat' dir='ltr'>imaginem</span> <span class='ocrx_word' id='word_1_214' title='bbox 980 2171 1147 2233; x_wconf 88' lang='lat' dir='ltr'>obtuleram</span> <span class='ocrx_word' id='word_1_215' title='bbox 1164 2170 1308 2251; x_wconf 85' lang='lat' dir='ltr'>principi:</span> <span class='ocrx_word' id='word_1_216' title='bbox 1332 2178 1437 2252; x_wconf 83' lang='lat' dir='ltr'>typum</span> <span class='ocrx_word' id='word_1_217' title='bbox 1459 2170 1600 2252; x_wconf 87' lang='lat' dir='ltr'>imaginis</span> <span class='ocrx_word' id='word_1_218' title='bbox 1625 2170 1759 2233; x_wconf 88' lang='lat' dir='ltr'>uolebam</span> 
     </span>
     <span class='ocr_line' id='line_1_21' title="bbox 411 2256 1758 2340; baseline 0 -19"><span class='ocrx_word' id='word_1_219' title='bbox 411 2260 494 2340; x_wconf 88' lang='lat' dir='ltr'>quasi</span> <span class='ocrx_word' id='word_1_220' title='bbox 520 2259 666 2333; x_wconf 86' lang='lat' dir='ltr'>suffurari,</span> <span class='ocrx_word' id='word_1_221' title='bbox 691 2258 745 2320; x_wconf 89' lang='lat' dir='ltr'>sed</span> <span class='ocrx_word' id='word_1_222' title='bbox 768 2265 932 2320; x_wconf 88' lang='lat' dir='ltr'>mutuatum</span> <span class='ocrx_word' id='word_1_223' title='bbox 952 2260 1096 2321; x_wconf 86' lang='lat' dir='ltr'>confiteri.</span> <span class='ocrx_word' id='word_1_224' title='bbox 1134 2257 1168 2322; x_wconf 84' lang='lat' dir='ltr'>Si</span> <span class='ocrx_word' id='word_1_225' title='bbox 1193 2259 1281 2322; x_wconf 84' lang='lat' dir='ltr'>aliter</span> <span class='ocrx_word' id='word_1_226' title='bbox 1304 2259 1359 2321; x_wconf 89' lang='lat' dir='ltr'>tibi</span> <span class='ocrx_word' id='word_1_227' title='bbox 1383 2259 1509 2334; x_wconf 86' lang='lat' dir='ltr'>videtur,</span> <span class='ocrx_word' id='word_1_228' title='bbox 1534 2260 1616 2323; x_wconf 94' lang='lat' dir='ltr'>idem</span> <span class='ocrx_word' id='word_1_229' title='bbox 1639 2256 1758 2321; x_wconf 87' lang='lat' dir='ltr'>etmihi</span> 
     </span>
     <span class='ocr_line' id='line_1_22' title="bbox 411 2346 1759 2430; baseline -0.001 -23"><span class='ocrx_word' id='word_1_230' title='bbox 411 2348 569 2411; x_wconf 86' lang='lat' dir='ltr'>videbitur.</span> <span class='ocrx_word' id='word_1_231' title='bbox 617 2346 719 2410; x_wconf 82' lang='lat' dir='ltr'>Causa</span> <span class='ocrx_word' id='word_1_232' title='bbox 741 2346 817 2409; x_wconf 86' lang='lat' dir='ltr'>levis</span> <span class='ocrx_word' id='word_1_233' title='bbox 841 2354 918 2430; x_wconf 49' lang='lat' dir='ltr'>est..</span> <span class='ocrx_word' id='word_1_234' title='bbox 936 2346 1019 2411; x_wconf 87' lang='lat' dir='ltr'>Dens</span> <span class='ocrx_word' id='word_1_235' title='bbox 1044 2347 1115 2429; x_wconf 91' lang='lat' dir='ltr'>Opt.</span> <span class='ocrx_word' id='word_1_236' title='bbox 1139 2349 1222 2410; x_wconf 79' lang='lat' dir='ltr'>Mau.</span> <span class='ocrx_word' id='word_1_237' title='bbox 1269 2347 1307 2409; x_wconf 89' lang='grc' dir='ltr'>Η.</span> <span class='ocrx_word' id='word_1_238' title='bbox 1332 2356 1414 2410; x_wconf 86' lang='lat' dir='ltr'>tuam</span> <span class='ocrx_word' id='word_1_239' title='bbox 1437 2349 1475 2411; x_wconf 88' lang='lat' dir='ltr'>ad</span> <span class='ocrx_word' id='word_1_240' title='bbox 1498 2347 1587 2429; x_wconf 88' lang='lat' dir='ltr'>Reip.</span> <span class='ocrx_word' id='word_1_241' title='bbox 1612 2346 1759 2413; x_wconf 85' lang='lat' dir='ltr'>literariae</span> 
     </span>
     <span class='ocr_line' id='line_1_23' title="bbox 411 2434 1637 2503; baseline 0.003 -4"><span class='ocrx_word' id='word_1_242' title='bbox 411 2438 595 2500; x_wconf 89' lang='lat' dir='ltr'>commodum</span> <span class='ocrx_word' id='word_1_243' title='bbox 612 2435 788 2499; x_wconf 74' lang='lat' dir='ltr'>&#39;diutissime</span> <span class='ocrx_word' id='word_1_244' title='bbox 812 2445 978 2499; x_wconf 88' lang='lat' dir='ltr'>conservet.</span> <span class='ocrx_word' id='word_1_245' title='bbox 1024 2438 1114 2500; x_wconf 89' lang='lat' dir='ltr'>Vale.</span> <span class='ocrx_word' id='word_1_246' title='bbox 1164 2434 1205 2500; x_wconf 91' lang='lat'>10</span> <span class='ocrx_word' id='word_1_247' title='bbox 1226 2438 1299 2501; x_wconf 87' lang='lat' dir='ltr'>Feb.</span> <span class='ocrx_word' id='word_1_248' title='bbox 1324 2444 1364 2500; x_wconf 90' lang='lat' dir='ltr'>st.</span> <span class='ocrx_word' id='word_1_249' title='bbox 1388 2456 1418 2500; x_wconf 92' lang='lat' dir='ltr'>n.</span> <span class='ocrx_word' id='word_1_250' title='bbox 1442 2457 1511 2500; x_wconf 89' lang='lat' dir='ltr'>aun.</span> <span class='ocrx_word' id='word_1_251' title='bbox 1543 2434 1637 2503; x_wconf 86' lang='grc'>1597.</span> 
     </span>
    </p>
   </div>
   <div class='ocr_carea' id='block_1_4' title="bbox 410 2550 1853 3257">
    <p class='ocr_par' dir='ltr' id='par_1_8' title="bbox 410 2550 1853 3257">
     <span class='ocr_line' id='line_1_24' title="bbox 497 2550 1759 2634; baseline 0 -20"><span class='ocrx_word' id='word_1_252' title='bbox 497 2552 537 2614; x_wconf 90' lang='lat' dir='ltr'>D.</span> <span class='ocrx_word' id='word_1_253' title='bbox 561 2551 600 2614; x_wconf 91' lang='lat' dir='ltr'>D.</span> <span class='ocrx_word' id='word_1_254' title='bbox 623 2550 672 2614; x_wconf 89' lang='lat' dir='ltr'>Jo.</span> <span class='ocrx_word' id='word_1_255' title='bbox 699 2550 946 2614; x_wconf 85' lang='lat' dir='ltr'>Obemdorfferus</span> <span class='ocrx_word' id='word_1_256' title='bbox 976 2552 1109 2614; x_wconf 85' lang='lat' dir='ltr'>medicus</span> <span class='ocrx_word' id='word_1_257' title='bbox 1135 2553 1360 2633; x_wconf 86' lang='lat' dir='ltr'>provincialium</span> <span class='ocrx_word' id='word_1_258' title='bbox 1390 2553 1493 2633; x_wconf 86' lang='lat' dir='ltr'>ignoto</span> <span class='ocrx_word' id='word_1_259' title='bbox 1520 2553 1577 2616; x_wconf 87' lang='lat' dir='ltr'>tibi</span> <span class='ocrx_word' id='word_1_260' title='bbox 1607 2552 1759 2634; x_wconf 68' lang='lat' dir='ltr'>plurium</span> 
     </span>
     <span class='ocr_line' id='line_1_25' title="bbox 411 2641 1759 2722; baseline -0.003 -18"><span class='ocrx_word' id='word_1_261' title='bbox 411 2643 539 2704; x_wconf 87' lang='lat' dir='ltr'>salutem</span> <span class='ocrx_word' id='word_1_262' title='bbox 561 2641 654 2713; x_wconf 89' lang='lat' dir='ltr'>dicit,</span> <span class='ocrx_word' id='word_1_263' title='bbox 687 2658 723 2702; x_wconf 89' lang='lat' dir='ltr'>ac</span> <span class='ocrx_word' id='word_1_264' title='bbox 745 2659 836 2721; x_wconf 86' lang='lat' dir='ltr'>saepe</span> <span class='ocrx_word' id='word_1_265' title='bbox 860 2659 897 2702; x_wconf 80' lang='lat' dir='ltr'>ex</span> <span class='ocrx_word' id='word_1_266' title='bbox 920 2659 967 2702; x_wconf 87' lang='lat' dir='ltr'>mc</span> <span class='ocrx_word' id='word_1_267' title='bbox 996 2641 1130 2721; x_wconf 85' lang='lat' dir='ltr'>quaerit,</span> <span class='ocrx_word' id='word_1_268' title='bbox 1160 2650 1259 2705; x_wconf 88' lang='lat' dir='ltr'>utrum</span> <span class='ocrx_word' id='word_1_269' title='bbox 1283 2641 1456 2706; x_wconf 76' lang='lat' dir='ltr'>calendarii</span> <span class='ocrx_word' id='word_1_270' title='bbox 1483 2643 1639 2722; x_wconf 86' lang='lat' dir='ltr'>negotium</span> <span class='ocrx_word' id='word_1_271' title='bbox 1668 2642 1759 2704; x_wconf 86' lang='lat' dir='ltr'>adhuc</span> 
     </span>
     <span class='ocr_line' id='line_1_26' title="bbox 411 2729 1758 2812; baseline 0.001 -23"><span class='ocrx_word' id='word_1_272' title='bbox 411 2750 513 2793; x_wconf 87' lang='lat' dir='ltr'>verses</span> <span class='ocrx_word' id='word_1_273' title='bbox 537 2731 591 2792; x_wconf 87' lang='lat' dir='ltr'>sub</span> <span class='ocrx_word' id='word_1_274' title='bbox 614 2730 766 2798; x_wconf 86' lang='lat' dir='ltr'>manibus,</span> <span class='ocrx_word' id='word_1_275' title='bbox 789 2729 836 2791; x_wconf 90' lang='lat' dir='ltr'>cui</span> <span class='ocrx_word' id='word_1_276' title='bbox 860 2729 930 2809; x_wconf 89' lang='lat' dir='ltr'>quid</span> <span class='ocrx_word' id='word_1_277' title='bbox 952 2731 1162 2809; x_wconf 81' lang='lat' dir='ltr'>respondeam,</span> <span class='ocrx_word' id='word_1_278' title='bbox 1191 2731 1272 2794; x_wconf 89' lang='lat' dir='ltr'>uliud</span> <span class='ocrx_word' id='word_1_279' title='bbox 1295 2751 1353 2794; x_wconf 93' lang='lat' dir='ltr'>uon</span> <span class='ocrx_word' id='word_1_280' title='bbox 1377 2732 1488 2805; x_wconf 89' lang='lat' dir='ltr'>habeo,</span> <span class='ocrx_word' id='word_1_281' title='bbox 1518 2751 1609 2812; x_wconf 87' lang='lat' dir='ltr'>quam</span> <span class='ocrx_word' id='word_1_282' title='bbox 1632 2749 1758 2810; x_wconf 85' lang='lat' dir='ltr'>occupa·</span> 
     </span>
     <span class='ocr_line' id='line_1_27' title="bbox 410 2817 1758 2900; baseline -0.002 -18"><span class='ocrx_word' id='word_1_283' title='bbox 410 2821 508 2883; x_wconf 87' lang='lat' dir='ltr'>tiones</span> <span class='ocrx_word' id='word_1_284' title='bbox 536 2831 623 2892; x_wconf 86' lang='lat' dir='ltr'>tuas,</span> <span class='ocrx_word' id='word_1_285' title='bbox 656 2818 844 2899; x_wconf 85' lang='lat' dir='ltr'>potissimum</span> <span class='ocrx_word' id='word_1_286' title='bbox 872 2837 946 2899; x_wconf 88' lang='lat' dir='ltr'>quas</span> <span class='ocrx_word' id='word_1_287' title='bbox 974 2837 1030 2899; x_wconf 89' lang='lat' dir='ltr'>ego</span> <span class='ocrx_word' id='word_1_288' title='bbox 1059 2820 1115 2883; x_wconf 89' lang='lat' dir='ltr'>tibi</span> <span class='ocrx_word' id='word_1_289' title='bbox 1146 2839 1253 2883; x_wconf 87' lang='lat' dir='ltr'>creem.</span> <span class='ocrx_word' id='word_1_290' title='bbox 1299 2821 1329 2883; x_wconf 93' lang='lat' dir='ltr'>Is</span> <span class='ocrx_word' id='word_1_291' title='bbox 1355 2821 1421 2900; x_wconf 90' lang='lat' dir='ltr'>jam</span> <span class='ocrx_word' id='word_1_292' title='bbox 1445 2821 1613 2884; x_wconf 82' lang='lat' dir='ltr'>discessum</span> <span class='ocrx_word' id='word_1_293' title='bbox 1637 2842 1656 2883; x_wconf 87' lang='lat' dir='ltr'>a</span> <span class='ocrx_word' id='word_1_294' title='bbox 1677 2817 1758 2882; x_wconf 87' lang='lat' dir='ltr'>uobis</span> 
     </span>
     <span class='ocr_line' id='line_1_28' title="bbox 411 2908 1853 2991; baseline -0.003 -20"><span class='ocrx_word' id='word_1_295' title='bbox 411 2910 610 2991; x_wconf 87' lang='lat' dir='ltr'>Ratispouam</span> <span class='ocrx_word' id='word_1_296' title='bbox 633 2908 726 2984; x_wconf 91' lang='lat' dir='ltr'>(uude</span> <span class='ocrx_word' id='word_1_297' title='bbox 750 2908 889 2970; x_wconf 88' lang='lat' dir='ltr'>oriundus</span> <span class='ocrx_word' id='word_1_298' title='bbox 919 2910 983 2982; x_wconf 90' lang='lat' dir='ltr'>est)</span> <span class='ocrx_word' id='word_1_299' title='bbox 1015 2908 1196 2972; x_wconf 88' lang='lat' dir='ltr'>meditatur:</span> <span class='ocrx_word' id='word_1_300' title='bbox 1230 2919 1262 2971; x_wconf 88' lang='grc'>01</span> <span class='ocrx_word' id='word_1_301' title='bbox 1292 2917 1435 2990; x_wconf 90' lang='lat' dir='ltr'>quantum</span> <span class='ocrx_word' id='word_1_302' title='bbox 1463 2910 1573 2990; x_wconf 87' lang='lat' dir='ltr'>colligo</span> <span class='ocrx_word' id='word_1_303' title='bbox 1602 2909 1683 2990; x_wconf 90' lang='lat' dir='ltr'>apud</span> <span class='ocrx_word' id='word_1_304' title='bbox 1708 2925 1759 2968; x_wconf 81' lang='lat' dir='ltr'>vos</span> <span class='ocrx_word' id='word_1_305' title='bbox 1852 2972 1853 2987; x_wconf 22' lang='grc'>0</span> 
     </span>
     <span class='ocr_line' id='line_1_29' title="bbox 410 2996 1853 3080; baseline -0.003 -18"><span class='ocrx_word' id='word_1_306' title='bbox 410 2998 589 3080; x_wconf 77' lang='lat' dir='ltr'>professoris</span> <span class='ocrx_word' id='word_1_307' title='bbox 613 2999 775 3060; x_wconf 88' lang='lat' dir='ltr'>stationem</span> <span class='ocrx_word' id='word_1_308' title='bbox 798 2997 960 3060; x_wconf 88' lang='lat' dir='ltr'>desiderat.</span> <span class='ocrx_word' id='word_1_309' title='bbox 1008 2996 1123 3061; x_wconf 88' lang='lat' dir='ltr'>Scribit</span> <span class='ocrx_word' id='word_1_310' title='bbox 1145 2998 1238 3060; x_wconf 90' lang='lat' dir='ltr'>libros</span> <span class='ocrx_word' id='word_1_311' title='bbox 1262 3000 1298 3060; x_wconf 91' lang='lat' dir='ltr'>de</span> <span class='ocrx_word' id='word_1_312' title='bbox 1322 2999 1461 3073; x_wconf 86' lang='lat' dir='ltr'>venenis,</span> <span class='ocrx_word' id='word_1_313' title='bbox 1491 2999 1565 3060; x_wconf 90' lang='lat' dir='ltr'>item</span> <span class='ocrx_word' id='word_1_314' title='bbox 1588 2997 1759 3062; x_wconf 86' lang='lat' dir='ltr'>nomencla-</span> <span class='ocrx_word' id='word_1_315' title='bbox 1852 3000 1853 3017; x_wconf 66' lang='lat'>¹</span> 
     </span>
     <span class='ocr_line' id='line_1_30' title="bbox 411 3083 1762 3167; baseline -0.004 -17"><span class='ocrx_word' id='word_1_316' title='bbox 411 3098 509 3151; x_wconf 85' lang='lat' dir='ltr'>turam</span> <span class='ocrx_word' id='word_1_317' title='bbox 532 3088 728 3167; x_wconf 86' lang='lat' dir='ltr'>simplicium:</span> <span class='ocrx_word' id='word_1_318' title='bbox 753 3086 963 3149; x_wconf 89' lang='lat' dir='ltr'>celeberrimus</span> <span class='ocrx_word' id='word_1_319' title='bbox 986 3087 1016 3149; x_wconf 94' lang='lat' dir='ltr'>iu</span> <span class='ocrx_word' id='word_1_320' title='bbox 1039 3098 1114 3161; x_wconf 84' lang='lat' dir='ltr'>arto,</span> <span class='ocrx_word' id='word_1_321' title='bbox 1141 3087 1286 3149; x_wconf 88' lang='lat' dir='ltr'>celebrior</span> <span class='ocrx_word' id='word_1_322' title='bbox 1310 3087 1376 3149; x_wconf 90' lang='lat' dir='ltr'>ideo</span> <span class='ocrx_word' id='word_1_323' title='bbox 1401 3089 1518 3149; x_wconf 86' lang='lat' dir='ltr'>futurus</span> <span class='ocrx_word' id='word_1_324' title='bbox 1537 3087 1568 3149; x_wconf 94' lang='lat' dir='ltr'>iu</span> <span class='ocrx_word' id='word_1_325' title='bbox 1587 3083 1762 3163; x_wconf 58' lang='lat' dir='ltr'>theotisci</span> 
     </span>
     <span class='ocr_line' id='line_1_31' title="bbox 411 3173 1509 3257; baseline 0.002 -20"><span class='ocrx_word' id='word_1_326' title='bbox 411 3177 505 3240; x_wconf 86' lang='lat' dir='ltr'>vivat.</span> <span class='ocrx_word' id='word_1_327' title='bbox 552 3175 613 3239; x_wconf 86' lang='lat' dir='ltr'>Sed</span> <span class='ocrx_word' id='word_1_328' title='bbox 637 3177 673 3239; x_wconf 85' lang='lat' dir='ltr'>de</span> <span class='ocrx_word' id='word_1_329' title='bbox 698 3195 733 3238; x_wconf 91' lang='lat' dir='ltr'>ec</span> <span class='ocrx_word' id='word_1_330' title='bbox 755 3175 795 3238; x_wconf 93' lang='lat' dir='ltr'>D.</span> <span class='ocrx_word' id='word_1_331' title='bbox 820 3173 1049 3254; x_wconf 86' lang='lat' dir='ltr'>Schweiggerus</span> <span class='ocrx_word' id='word_1_332' title='bbox 1072 3177 1160 3256; x_wconf 88' lang='lat' dir='ltr'>plura</span> <span class='ocrx_word' id='word_1_333' title='bbox 1182 3176 1239 3237; x_wconf 91' lang='lat' dir='ltr'>tibi</span> <span class='ocrx_word' id='word_1_334' title='bbox 1261 3178 1371 3239; x_wconf 86' lang='lat' dir='ltr'>referre</span> <span class='ocrx_word' id='word_1_335' title='bbox 1394 3184 1509 3257; x_wconf 89' lang='lat' dir='ltr'>potest.</span> 
     </span>
    </p>
   </div>
   <div class='ocr_carea' id='block_1_5' title="bbox 372 3287 1762 4264">
    <p class='ocr_par' dir='ltr' id='par_1_9' title="bbox 411 3287 1762 3637">
     <span class='ocr_line' id='line_1_32' title="bbox 499 3287 1760 3371; baseline -0.002 -18"><span class='ocrx_word' id='word_1_336' title='bbox 499 3291 540 3353; x_wconf 93' lang='lat' dir='ltr'>D.</span> <span class='ocrx_word' id='word_1_337' title='bbox 564 3292 819 3353; x_wconf 89' lang='lat' dir='ltr'>Zimmermannus</span> <span class='ocrx_word' id='word_1_338' title='bbox 841 3289 956 3368; x_wconf 89' lang='lat' dir='ltr'>pridem</span> <span class='ocrx_word' id='word_1_339' title='bbox 980 3287 1035 3349; x_wconf 94' lang='lat' dir='ltr'>tibi</span> <span class='ocrx_word' id='word_1_340' title='bbox 1057 3308 1143 3351; x_wconf 88' lang='lat' dir='ltr'>suam</span> <span class='ocrx_word' id='word_1_341' title='bbox 1171 3289 1300 3352; x_wconf 86' lang='lat' dir='ltr'>salutem</span> <span class='ocrx_word' id='word_1_342' title='bbox 1319 3291 1438 3353; x_wconf 81' lang='lat' dir='ltr'>ascribi</span> <span class='ocrx_word' id='word_1_343' title='bbox 1460 3291 1574 3371; x_wconf 90' lang='lat' dir='ltr'>jussit:</span> <span class='ocrx_word' id='word_1_344' title='bbox 1605 3292 1663 3354; x_wconf 91' lang='lat' dir='ltr'>hoc</span> <span class='ocrx_word' id='word_1_345' title='bbox 1685 3298 1760 3354; x_wconf 83' lang='lat' dir='ltr'>tem·</span> 
     </span>
     <span class='ocr_line' id='line_1_33' title="bbox 411 3376 1761 3462; baseline -0.004 -20"><span class='ocrx_word' id='word_1_346' title='bbox 411 3399 483 3462; x_wconf 89' lang='lat' dir='ltr'>pore</span> <span class='ocrx_word' id='word_1_347' title='bbox 507 3380 545 3441; x_wconf 92' lang='lat' dir='ltr'>ob</span> <span class='ocrx_word' id='word_1_348' title='bbox 569 3380 721 3442; x_wconf 90' lang='lat' dir='ltr'>decretum</span> <span class='ocrx_word' id='word_1_349' title='bbox 744 3385 867 3438; x_wconf 87' lang='lat' dir='ltr'>senatus</span> <span class='ocrx_word' id='word_1_350' title='bbox 890 3378 920 3438; x_wconf 94' lang='lat' dir='ltr'>iu</span> <span class='ocrx_word' id='word_1_351' title='bbox 949 3396 1042 3438; x_wconf 85' lang='lat' dir='ltr'>causa</span> <span class='ocrx_word' id='word_1_352' title='bbox 1069 3376 1122 3439; x_wconf 89' lang='lat' dir='ltr'>lilii</span> <span class='ocrx_word' id='word_1_353' title='bbox 1151 3378 1197 3439; x_wconf 92' lang='lat' dir='ltr'>sui</span> <span class='ocrx_word' id='word_1_354' title='bbox 1223 3377 1369 3459; x_wconf 91' lang='lat' dir='ltr'>iniquiore</span> <span class='ocrx_word' id='word_1_355' title='bbox 1392 3387 1441 3442; x_wconf 88' lang='lat' dir='ltr'>est</span> <span class='ocrx_word' id='word_1_356' title='bbox 1464 3381 1572 3444; x_wconf 90' lang='lat' dir='ltr'>animo.</span> <span class='ocrx_word' id='word_1_357' title='bbox 1619 3380 1677 3444; x_wconf 81' lang='lat' dir='ltr'>(lui</span> <span class='ocrx_word' id='word_1_358' title='bbox 1700 3395 1761 3439; x_wconf 90' lang='lat' dir='ltr'>cnm</span> 
     </span>
     <span class='ocr_line' id='line_1_34' title="bbox 413 3465 1762 3550; baseline -0.004 -19"><span class='ocrx_word' id='word_1_359' title='bbox 413 3488 469 3550; x_wconf 89' lang='lat' dir='ltr'>ego</span> <span class='ocrx_word' id='word_1_360' title='bbox 491 3468 573 3530; x_wconf 87' lang='lat' dir='ltr'>hisce</span> <span class='ocrx_word' id='word_1_361' title='bbox 598 3467 703 3528; x_wconf 87' lang='lat' dir='ltr'>diebus</span> <span class='ocrx_word' id='word_1_362' title='bbox 726 3465 930 3527; x_wconf 88' lang='lat' dir='ltr'>vehementius</span> <span class='ocrx_word' id='word_1_363' title='bbox 955 3465 1109 3545; x_wconf 85' lang='lat' dir='ltr'>aliquanto</span> <span class='ocrx_word' id='word_1_364' title='bbox 1137 3467 1333 3543; x_wconf 87' lang='lat' dir='ltr'>restitissem,</span> <span class='ocrx_word' id='word_1_365' title='bbox 1365 3469 1483 3549; x_wconf 87' lang='lat' dir='ltr'>culpam</span> <span class='ocrx_word' id='word_1_366' title='bbox 1511 3469 1564 3531; x_wconf 87' lang='lat' dir='ltr'>filii</span> <span class='ocrx_word' id='word_1_367' title='bbox 1592 3466 1723 3550; x_wconf 90' lang='lat' dir='ltr'>corrupti</span> <span class='ocrx_word' id='word_1_368' title='bbox 1745 3484 1762 3526; x_wconf 89' lang='lat' dir='ltr'>a</span> 
     </span>
     <span class='ocr_line' id='line_1_35' title="bbox 414 3553 1760 3637; baseline -0.001 -17"><span class='ocrx_word' id='word_1_369' title='bbox 414 3559 561 3621; x_wconf 83' lang='lat' dir='ltr'>facultate</span> <span class='ocrx_word' id='word_1_370' title='bbox 582 3554 790 3636; x_wconf 90' lang='lat' dir='ltr'>philosophica</span> <span class='ocrx_word' id='word_1_371' title='bbox 812 3554 842 3616; x_wconf 94' lang='lat' dir='ltr'>in</span> <span class='ocrx_word' id='word_1_372' title='bbox 866 3553 942 3616; x_wconf 87' lang='lat' dir='ltr'>alios</span> <span class='ocrx_word' id='word_1_373' title='bbox 965 3555 1169 3617; x_wconf 85' lang='lat' dir='ltr'>transferens:</span> <span class='ocrx_word' id='word_1_374' title='bbox 1192 3574 1247 3635; x_wconf 90' lang='lat' dir='ltr'>per</span> <span class='ocrx_word' id='word_1_375' title='bbox 1268 3557 1497 3637; x_wconf 88' lang='lat' dir='ltr'>imprudentiam</span> <span class='ocrx_word' id='word_1_376' title='bbox 1511 3558 1582 3620; x_wconf 90' lang='lat' dir='ltr'>mibi</span> <span class='ocrx_word' id='word_1_377' title='bbox 1595 3558 1676 3622; x_wconf 88' lang='lat' dir='ltr'>irato</span> <span class='ocrx_word' id='word_1_378' title='bbox 1694 3572 1760 3618; x_wconf 88' lang='lat' dir='ltr'>vor·</span> 
     </span>
    </p>

    <p class='ocr_par' dir='ltr' id='par_1_10' title="bbox 372 3642 1761 4264">
     <span class='ocr_line' id='line_1_36' title="bbox 372 3642 1761 3730; baseline -0.001 -21"><span class='ocrx_word' id='word_1_379' title='bbox 372 3652 375 3659; x_wconf 91' lang='lat'>&#39;</span> <span class='ocrx_word' id='word_1_380' title='bbox 413 3648 481 3709; x_wconf 92' lang='lat' dir='ltr'>bum</span> <span class='ocrx_word' id='word_1_381' title='bbox 503 3646 559 3708; x_wconf 92' lang='lat' dir='ltr'>hcc</span> <span class='ocrx_word' id='word_1_382' title='bbox 583 3644 712 3706; x_wconf 83' lang='lat' dir='ltr'>excidit:</span> <span class='ocrx_word' id='word_1_383' title='bbox 735 3644 784 3704; x_wconf 86' lang='lat' dir='ltr'>vel</span> <span class='ocrx_word' id='word_1_384' title='bbox 804 3642 969 3705; x_wconf 87' lang='lat' dir='ltr'>Maestlino</span> <span class='ocrx_word' id='word_1_385' title='bbox 991 3652 1071 3705; x_wconf 87' lang='grc'>10010</span> <span class='ocrx_word' id='word_1_386' title='bbox 1095 3644 1213 3726; x_wconf 86' lang='lat' dir='ltr'>culpam</span> <span class='ocrx_word' id='word_1_387' title='bbox 1235 3645 1265 3707; x_wconf 93' lang='lat' dir='ltr'>iu</span> <span class='ocrx_word' id='word_1_388' title='bbox 1289 3654 1384 3709; x_wconf 88' lang='lat' dir='ltr'>matre</span> <span class='ocrx_word' id='word_1_389' title='bbox 1408 3648 1550 3722; x_wconf 88' lang='lat' dir='ltr'>residere,</span> <span class='ocrx_word' id='word_1_390' title='bbox 1574 3647 1761 3730; x_wconf 79' lang='lat' dir='ltr'>quasillum</span> 
     </span>
     <span class='ocr_line' id='line_1_37' title="bbox 413 3731 1760 3819; baseline -0.004 -21"><span class='ocrx_word' id='word_1_391' title='bbox 413 3736 535 3799; x_wconf 87' lang='lat' dir='ltr'>licentia</span> <span class='ocrx_word' id='word_1_392' title='bbox 562 3732 736 3813; x_wconf 88' lang='lat' dir='ltr'>corruperit.</span> <span class='ocrx_word' id='word_1_393' title='bbox 786 3732 852 3793; x_wconf 89' lang='lat' dir='ltr'>Hoc</span> <span class='ocrx_word' id='word_1_394' title='bbox 880 3731 960 3793; x_wconf 90' lang='lat' dir='ltr'>dicto</span> <span class='ocrx_word' id='word_1_395' title='bbox 993 3734 1090 3795; x_wconf 83' lang='lat' dir='ltr'>facem</span> <span class='ocrx_word' id='word_1_396' title='bbox 1117 3735 1233 3796; x_wconf 90' lang='lat' dir='ltr'>camino</span> <span class='ocrx_word' id='word_1_397' title='bbox 1264 3736 1401 3812; x_wconf 90' lang='lat' dir='ltr'>subdidi,</span> <span class='ocrx_word' id='word_1_398' title='bbox 1435 3756 1492 3819; x_wconf 87' lang='lat' dir='ltr'>qno</span> <span class='ocrx_word' id='word_1_399' title='bbox 1522 3736 1591 3817; x_wconf 90' lang='lat' dir='ltr'>igue</span> <span class='ocrx_word' id='word_1_400' title='bbox 1619 3737 1760 3801; x_wconf 83' lang='lat' dir='ltr'>Dominae</span> 
     </span>
     <span class='ocr_line' id='line_1_38' title="bbox 413 3821 1760 3906; baseline -0.002 -18"><span class='ocrx_word' id='word_1_401' title='bbox 413 3827 528 3888; x_wconf 90' lang='lat' dir='ltr'>animus</span> <span class='ocrx_word' id='word_1_402' title='bbox 552 3823 639 3887; x_wconf 91' lang='lat' dir='ltr'>simul</span> <span class='ocrx_word' id='word_1_403' title='bbox 663 3841 728 3885; x_wconf 91' lang='lat' dir='ltr'>cum</span> <span class='ocrx_word' id='word_1_404' title='bbox 751 3828 805 3882; x_wconf 90' lang='lat' dir='ltr'>tua</span> <span class='ocrx_word' id='word_1_405' title='bbox 829 3821 910 3883; x_wconf 85' lang='lat' dir='ltr'>fama</span> <span class='ocrx_word' id='word_1_406' title='bbox 932 3823 1053 3903; x_wconf 85' lang='lat' dir='ltr'>flagrat,</span> <span class='ocrx_word' id='word_1_407' title='bbox 1076 3823 1131 3885; x_wconf 88' lang='lat' dir='ltr'>sed</span> <span class='ocrx_word' id='word_1_408' title='bbox 1154 3824 1222 3903; x_wconf 92' lang='lat' dir='ltr'>igue</span> <span class='ocrx_word' id='word_1_409' title='bbox 1246 3825 1346 3900; x_wconf 87' lang='lat' dir='ltr'>latuo;</span> <span class='ocrx_word' id='word_1_410' title='bbox 1370 3845 1457 3906; x_wconf 91' lang='lat' dir='ltr'>quem</span> <span class='ocrx_word' id='word_1_411' title='bbox 1480 3833 1566 3888; x_wconf 85' lang='lat' dir='ltr'>tanto</span> <span class='ocrx_word' id='word_1_412' title='bbox 1589 3828 1687 3890; x_wconf 89' lang='lat' dir='ltr'>miuus</span> <span class='ocrx_word' id='word_1_413' title='bbox 1709 3842 1760 3885; x_wconf 93' lang='lat' dir='ltr'>cu·</span> 
     </span>
     <span class='ocr_line' id='line_1_39' title="bbox 412 3909 1761 3995; baseline -0.002 -18"><span class='ocrx_word' id='word_1_414' title='bbox 412 3915 504 3983; x_wconf 87' lang='lat' dir='ltr'>rabis,</span> <span class='ocrx_word' id='word_1_415' title='bbox 529 3932 586 3995; x_wconf 89' lang='grc'>000</span> <span class='ocrx_word' id='word_1_416' title='bbox 608 3909 794 3993; x_wconf 75' lang='lat' dir='ltr'>perspectio:</span> <span class='ocrx_word' id='word_1_417' title='bbox 815 3910 871 3972; x_wconf 91' lang='lat' dir='ltr'>tibi</span> <span class='ocrx_word' id='word_1_418' title='bbox 894 3919 944 3972; x_wconf 88' lang='lat' dir='ltr'>est</span> <span class='ocrx_word' id='word_1_419' title='bbox 962 3911 1056 3991; x_wconf 89' lang='lat' dir='ltr'>ipsius</span> <span class='ocrx_word' id='word_1_420' title='bbox 1072 3914 1197 3976; x_wconf 87' lang='lat' dir='ltr'>animus.</span> <span class='ocrx_word' id='word_1_421' title='bbox 1236 3912 1431 3978; x_wconf 90' lang='lat' dir='ltr'>Scribendum</span> <span class='ocrx_word' id='word_1_422' title='bbox 1445 3922 1545 3977; x_wconf 89' lang='lat' dir='ltr'>antem</span> <span class='ocrx_word' id='word_1_423' title='bbox 1559 3917 1672 3992; x_wconf 80' lang='lat' dir='ltr'>censui,</span> <span class='ocrx_word' id='word_1_424' title='bbox 1695 3910 1761 3994; x_wconf 79' lang='lat' dir='ltr'>quia</span> 
     </span>
     <span class='ocr_line' id='line_1_40' title="bbox 413 3998 1760 4084; baseline 0 -18"><span class='ocrx_word' id='word_1_425' title='bbox 413 4004 528 4066; x_wconf 88' lang='lat' dir='ltr'>minata</span> <span class='ocrx_word' id='word_1_426' title='bbox 549 4011 612 4077; x_wconf 89' lang='lat' dir='ltr'>est,</span> <span class='ocrx_word' id='word_1_427' title='bbox 636 4021 669 4063; x_wconf 91' lang='lat' dir='ltr'>se</span> <span class='ocrx_word' id='word_1_428' title='bbox 692 4001 748 4062; x_wconf 92' lang='lat' dir='ltr'>boc</span> <span class='ocrx_word' id='word_1_429' title='bbox 771 3998 827 4061; x_wconf 89' lang='lat' dir='ltr'>tibi</span> <span class='ocrx_word' id='word_1_430' title='bbox 849 4000 898 4063; x_wconf 86' lang='lat' dir='ltr'>vel</span> <span class='ocrx_word' id='word_1_431' title='bbox 920 4017 975 4079; x_wconf 90' lang='lat' dir='ltr'>per</span> <span class='ocrx_word' id='word_1_432' title='bbox 998 4001 1103 4064; x_wconf 87' lang='lat' dir='ltr'>literas</span> <span class='ocrx_word' id='word_1_433' title='bbox 1125 4002 1174 4064; x_wconf 86' lang='lat' dir='ltr'>vel</span> <span class='ocrx_word' id='word_1_434' title='bbox 1196 4020 1251 4083; x_wconf 88' lang='lat' dir='ltr'>per</span> <span class='ocrx_word' id='word_1_435' title='bbox 1273 4004 1411 4067; x_wconf 91' lang='lat' dir='ltr'>nuncium</span> <span class='ocrx_word' id='word_1_436' title='bbox 1434 4005 1698 4084; x_wconf 82' lang='lat' dir='ltr'>exprobraturarn:</span> <span class='ocrx_word' id='word_1_437' title='bbox 1725 4017 1760 4060; x_wconf 71' lang='lat' dir='ltr'>ne</span> 
     </span>
     <span class='ocr_line' id='line_1_41' title="bbox 415 4088 1760 4172; baseline 0.001 -18"><span class='ocrx_word' id='word_1_438' title='bbox 415 4092 531 4155; x_wconf 86' lang='lat' dir='ltr'>scilicet</span> <span class='ocrx_word' id='word_1_439' title='bbox 553 4091 668 4154; x_wconf 82' lang='lat' dir='ltr'>sinistri</span> <span class='ocrx_word' id='word_1_440' title='bbox 691 4089 762 4170; x_wconf 90' lang='lat' dir='ltr'>quid</span> <span class='ocrx_word' id='word_1_441' title='bbox 784 4088 822 4150; x_wconf 91' lang='lat' dir='ltr'>de</span> <span class='ocrx_word' id='word_1_442' title='bbox 844 4108 892 4151; x_wconf 90' lang='lat' dir='ltr'>me</span> <span class='ocrx_word' id='word_1_443' title='bbox 915 4090 1127 4170; x_wconf 87' lang='lat' dir='ltr'>suspicareris,</span> <span class='ocrx_word' id='word_1_444' title='bbox 1156 4098 1248 4172; x_wconf 86' lang='lat' dir='ltr'>atque</span> <span class='ocrx_word' id='word_1_445' title='bbox 1275 4100 1310 4155; x_wconf 92' lang='lat' dir='ltr'>ut</span> <span class='ocrx_word' id='word_1_446' title='bbox 1331 4093 1408 4156; x_wconf 90' lang='lat' dir='ltr'>huuc</span> <span class='ocrx_word' id='word_1_447' title='bbox 1432 4112 1560 4156; x_wconf 87' lang='lat' dir='ltr'>errorem</span> <span class='ocrx_word' id='word_1_448' title='bbox 1583 4094 1656 4158; x_wconf 90' lang='lat' dir='ltr'>mihi</span> <span class='ocrx_word' id='word_1_449' title='bbox 1678 4096 1760 4155; x_wconf 77' lang='grc'>10010</span> 
     </span>
     <span class='ocr_line' id='line_1_42' title="bbox 414 4177 1596 4264; baseline 0 -19"><span class='ocrx_word' id='word_1_450' title='bbox 414 4182 554 4245; x_wconf 89' lang='lat' dir='ltr'>libentius</span> <span class='ocrx_word' id='word_1_451' title='bbox 579 4180 779 4254; x_wconf 84' lang='lat' dir='ltr'>condonares,</span> <span class='ocrx_word' id='word_1_452' title='bbox 804 4177 849 4255; x_wconf 87' lang='lat' dir='ltr'>si,</span> <span class='ocrx_word' id='word_1_453' title='bbox 873 4198 930 4261; x_wconf 90' lang='lat' dir='ltr'>quo</span> <span class='ocrx_word' id='word_1_454' title='bbox 953 4188 1044 4259; x_wconf 89' lang='lat' dir='ltr'>pacto</span> <span class='ocrx_word' id='word_1_455' title='bbox 1067 4180 1225 4257; x_wconf 86' lang='lat' dir='ltr'>acciderit,</span> <span class='ocrx_word' id='word_1_456' title='bbox 1249 4182 1332 4264; x_wconf 88' lang='lat' dir='ltr'>prius</span> <span class='ocrx_word' id='word_1_457' title='bbox 1355 4201 1439 4245; x_wconf 85' lang='grc'>00000</span> <span class='ocrx_word' id='word_1_458' title='bbox 1462 4183 1596 4247; x_wconf 88' lang='lat' dir='ltr'>edoctus.</span> 
     </span>
    </p>
   </div>
   <div class='ocr_carea' id='block_1_6' title="bbox 501 4294 1678 4490">
    <p class='ocr_par' dir='ltr' id='par_1_11' title="bbox 501 4294 1678 4490">
     <span class='ocr_line' id='line_1_43' title="bbox 501 4294 1630 4399; baseline 0.004 -41"><span class='ocrx_word' id='word_1_459' title='bbox 501 4295 591 4360; x_wconf 82' lang='lat' dir='ltr'>Vale.</span> <span class='ocrx_word' id='word_1_460' title='bbox 655 4388 660 4399; x_wconf 20' lang='grc' dir='ltr'><strong><em>ι</em></strong></span> <span class='ocrx_word' id='word_1_461' title='bbox 932 4294 973 4358; x_wconf 88' lang='grc' dir='ltr'>Η.</span> <span class='ocrx_word' id='word_1_462' title='bbox 998 4294 1080 4357; x_wconf 85' lang='lat' dir='ltr'>Tuae</span> <span class='ocrx_word' id='word_1_463' title='bbox 1436 4297 1523 4362; x_wconf 81' lang='lat' dir='ltr'>Grat.</span> <span class='ocrx_word' id='word_1_464' title='bbox 1545 4299 1630 4363; x_wconf 81' lang='lat' dir='ltr'>Dirc.</span> 
     </span>
     <span class='ocr_line' id='line_1_44' title="bbox 1380 4405 1678 4490; baseline 0.01 -23"><span class='ocrx_word' id='word_1_465' title='bbox 1380 4405 1427 4467; x_wconf 78' lang='lat' dir='ltr'>M.</span> <span class='ocrx_word' id='word_1_466' title='bbox 1451 4405 1524 4470; x_wconf 77' lang='lat' dir='ltr'>Jou</span> <span class='ocrx_word' id='word_1_467' title='bbox 1546 4405 1678 4490; x_wconf 82' lang='lat' dir='ltr'>Kepler.</span> 
     </span>
    </p>
   </div>
   <div class='ocr_carea' id='block_1_7' title="bbox 484 4590 1853 4760">
    <p class='ocr_par' dir='ltr' id='par_1_12' title="bbox 484 4590 1853 4760">
     <span class='ocr_line' id='line_1_45' title="bbox 484 4590 1853 4671; baseline -0.011 -19"><span class='ocrx_word' id='word_1_468' title='bbox 484 4598 630 4652; x_wconf 77' lang='lat' dir='ltr'>Absolutum</span> <span class='ocrx_word' id='word_1_469' title='bbox 647 4611 706 4663; x_wconf 80' lang='lat' dir='ltr'>opus</span> <span class='ocrx_word' id='word_1_470' title='bbox 725 4595 931 4647; x_wconf 79' lang='grc' dir='ltr'>110οι1110οι</span> <span class='ocrx_word' id='word_1_471' title='bbox 950 4594 974 4644; x_wconf 85' lang='lat' dir='ltr'>d</span> <span class='ocrx_word' id='word_1_472' title='bbox 994 4590 1018 4643; x_wconf 74' lang='grc'>9.</span> <span class='ocrx_word' id='word_1_473' title='bbox 1039 4591 1097 4657; x_wconf 79' lang='lat' dir='ltr'>(te)</span> <span class='ocrx_word' id='word_1_474' title='bbox 1116 4593 1202 4647; x_wconf 76' lang='lat' dir='ltr'>Martii</span> <span class='ocrx_word' id='word_1_475' title='bbox 1218 4597 1255 4646; x_wconf 84' lang='lat' dir='ltr'>his</span> <span class='ocrx_word' id='word_1_476' title='bbox 1272 4597 1352 4649; x_wconf 78' lang='lat' dir='ltr'>verbio</span> <span class='ocrx_word' id='word_1_477' title='bbox 1369 4601 1473 4651; x_wconf 69' lang='lat' dir='ltr'>uuuotut</span> <span class='ocrx_word' id='word_1_478' title='bbox 1490 4600 1613 4666; x_wconf 60' lang='lat' dir='ltr'>Kopion:</span> <span class='ocrx_word' id='word_1_479' title='bbox 1851 4666 1853 4671; x_wconf 67' lang='lat'>,</span> 
     </span>
     <span class='ocr_line' id='line_1_46' title="bbox 487 4688 1758 4760; baseline -0.008 -10"><span class='ocrx_word' id='word_1_480' title='bbox 487 4697 586 4760; x_wconf 77' lang='lat' dir='ltr'>„Quam</span> <span class='ocrx_word' id='word_1_481' title='bbox 602 4688 745 4752; x_wconf 58' lang='lat' dir='ltr'>luniso.</span> <span class='ocrx_word' id='word_1_482' title='bbox 764 4694 840 4744; x_wconf 74' lang='lat' dir='ltr'>baur</span> <span class='ocrx_word' id='word_1_483' title='bbox 858 4692 1020 4748; x_wconf 69' lang='lat' dir='ltr'>amicissime.</span> <span class='ocrx_word' id='word_1_484' title='bbox 1045 4692 1171 4743; x_wconf 79' lang='lat' dir='ltr'>Prodrorui</span> <span class='ocrx_word' id='word_1_485' title='bbox 1188 4696 1226 4743; x_wconf 86' lang='lat' dir='ltr'>tui</span> <span class='ocrx_word' id='word_1_486' title='bbox 1242 4694 1351 4746; x_wconf 79' lang='lat' dir='ltr'>libellum</span> <span class='ocrx_word' id='word_1_487' title='bbox 1367 4697 1469 4748; x_wconf 73' lang='lat' dir='ltr'>taudem</span> <span class='ocrx_word' id='word_1_488' title='bbox 1487 4700 1521 4750; x_wconf 74' lang='lat' dir='ltr'>ad</span> <span class='ocrx_word' id='word_1_489' title='bbox 1538 4699 1613 4750; x_wconf 65' lang='lat' dir='ltr'>fluam</span> <span class='ocrx_word' id='word_1_490' title='bbox 1630 4697 1758 4750; x_wconf 70' lang='grc' dir='ltr'>101ιο100</span> 
     </span>
    </p>
   </div>
   <div class='ocr_carea' id='block_1_8' title="bbox 416 4744 1812 4835">
    <p class='ocr_par' dir='ltr' id='par_1_13' title="bbox 416 4744 1812 4835">
     <span class='ocr_line' id='line_1_47' title="bbox 416 4744 1812 4835; baseline -0.001 -17"><span class='ocrx_word' id='word_1_491' title='bbox 416 4786 479 4824; x_wconf 70' lang='lat' dir='ltr'>usa.</span> <span class='ocrx_word' id='word_1_492' title='bbox 513 4770 604 4835; x_wconf 84' lang='lat' dir='ltr'>Longa</span> <span class='ocrx_word' id='word_1_493' title='bbox 620 4779 690 4816; x_wconf 76' lang='lat' dir='ltr'>mors</span> <span class='ocrx_word' id='word_1_494' title='bbox 706 4766 760 4815; x_wconf 81' lang='grc'>1011.</span> <span class='ocrx_word' id='word_1_495' title='bbox 796 4761 898 4829; x_wconf 78' lang='lat' dir='ltr'>Speravi</span> <span class='ocrx_word' id='word_1_496' title='bbox 915 4763 941 4813; x_wconf 90' lang='lat' dir='ltr'>id</span> <span class='ocrx_word' id='word_1_497' title='bbox 958 4764 1025 4813; x_wconf 78' lang='lat' dir='ltr'>brevi</span> <span class='ocrx_word' id='word_1_498' title='bbox 1042 4764 1180 4814; x_wconf 81' lang='lat' dir='ltr'>absolutum</span> <span class='ocrx_word' id='word_1_499' title='bbox 1198 4767 1241 4823; x_wconf 84' lang='lat' dir='ltr'>tri,</span> <span class='ocrx_word' id='word_1_500' title='bbox 1259 4767 1315 4817; x_wconf 84' lang='lat' dir='ltr'>idco</span> <span class='ocrx_word' id='word_1_501' title='bbox 1333 4780 1420 4831; x_wconf 75' lang='lat' dir='ltr'>pausus</span> <span class='ocrx_word' id='word_1_502' title='bbox 1438 4785 1505 4826; x_wconf 79' lang='lat' dir='ltr'>uum,</span> <span class='ocrx_word' id='word_1_503' title='bbox 1522 4778 1552 4821; x_wconf 91' lang='lat' dir='ltr'>ut</span> <span class='ocrx_word' id='word_1_504' title='bbox 1569 4772 1758 4821; x_wconf 71' lang='lat' dir='ltr'>tennemonn</span> <span class='ocrx_word' id='word_1_505' title='bbox 1785 4744 1812 4787; x_wconf 68' lang='lat'>¹*</span> 
     </span>
    </p>
   </div>
   <div class='ocr_carea' id='block_1_9' title="bbox 416 4836 1758 4979">
    <p class='ocr_par' dir='ltr' id='par_1_14' title="bbox 416 4836 1758 4979">
     <span class='ocr_line' id='line_1_48' title="bbox 416 4836 1758 4908; baseline -0.007 -14"><span class='ocrx_word' id='word_1_506' title='bbox 416 4845 532 4908; x_wconf 80' lang='lat' dir='ltr'>scriptum</span> <span class='ocrx_word' id='word_1_507' title='bbox 549 4838 693 4895; x_wconf 80' lang='lat' dir='ltr'>differretur,</span> <span class='ocrx_word' id='word_1_508' title='bbox 711 4837 784 4902; x_wconf 85' lang='lat' dir='ltr'>idque</span> <span class='ocrx_word' id='word_1_509' title='bbox 801 4849 856 4884; x_wconf 85' lang='lat' dir='ltr'>ruso</span> <span class='ocrx_word' id='word_1_510' title='bbox 874 4836 969 4899; x_wconf 85' lang='lat' dir='ltr'>ingenti</span> <span class='ocrx_word' id='word_1_511' title='bbox 987 4848 1042 4884; x_wconf 83' lang='lat' dir='ltr'>cum</span> <span class='ocrx_word' id='word_1_512' title='bbox 1060 4836 1220 4885; x_wconf 84' lang='lat' dir='ltr'>incommodo.</span> <span class='ocrx_word' id='word_1_513' title='bbox 1253 4837 1319 4888; x_wconf 82' lang='lat' dir='ltr'>Nam</span> <span class='ocrx_word' id='word_1_514' title='bbox 1337 4838 1394 4888; x_wconf 86' lang='lat' dir='ltr'>iude</span> <span class='ocrx_word' id='word_1_515' title='bbox 1413 4841 1512 4901; x_wconf 81' lang='lat' dir='ltr'>accidit,</span> <span class='ocrx_word' id='word_1_516' title='bbox 1530 4848 1560 4891; x_wconf 86' lang='lat' dir='ltr'>ut</span> <span class='ocrx_word' id='word_1_517' title='bbox 1576 4856 1658 4893; x_wconf 83' lang='lat' dir='ltr'>meum</span> <span class='ocrx_word' id='word_1_518' title='bbox 1676 4842 1758 4889; x_wconf 80' lang='lat' dir='ltr'>coutn</span> 
     </span>
     <span class='ocr_line' id='line_1_49' title="bbox 416 4900 1757 4979; baseline -0.011 -11"><span class='ocrx_word' id='word_1_519' title='bbox 416 4912 585 4968; x_wconf 70' lang='lat' dir='ltr'>calendarium</span> <span class='ocrx_word' id='word_1_520' title='bbox 601 4922 690 4962; x_wconf 74' lang='lat' dir='ltr'>uorum</span> <span class='ocrx_word' id='word_1_521' title='bbox 708 4909 823 4972; x_wconf 82' lang='lat' dir='ltr'>scripturn</span> <span class='ocrx_word' id='word_1_522' title='bbox 842 4912 900 4956; x_wconf 80' lang='lat' dir='ltr'>unte</span> <span class='ocrx_word' id='word_1_523' title='bbox 918 4906 1042 4956; x_wconf 77' lang='lat' dir='ltr'>uuudiuus</span> <span class='ocrx_word' id='word_1_524' title='bbox 1054 4906 1146 4958; x_wconf 79' lang='lat' dir='ltr'>absolvi</span> <span class='ocrx_word' id='word_1_525' title='bbox 1157 4922 1207 4958; x_wconf 87' lang='lat' dir='ltr'>uou</span> <span class='ocrx_word' id='word_1_526' title='bbox 1218 4911 1333 4972; x_wconf 76' lang='grc'>00100111,</span> <span class='ocrx_word' id='word_1_527' title='bbox 1351 4912 1421 4972; x_wconf 72' lang='lat' dir='ltr'>cujus</span> <span class='ocrx_word' id='word_1_528' title='bbox 1434 4913 1517 4977; x_wconf 68' lang='lat' dir='ltr'>gratis</span> <span class='ocrx_word' id='word_1_529' title='bbox 1528 4914 1555 4963; x_wconf 76' lang='lat' dir='ltr'>tn</span> <span class='ocrx_word' id='word_1_530' title='bbox 1565 4925 1683 4979; x_wconf 62' lang='lat' dir='ltr'>magum</span> <span class='ocrx_word' id='word_1_531' title='bbox 1695 4900 1757 4971; x_wconf 70' lang='lat' dir='ltr'>apud</span> 
     </span>
    </p>
   </div>
   <div class='ocr_carea' id='block_1_10' title="bbox 0 0 1915 5808">
    <p class='ocr_par' dir='ltr' id='par_1_15' title="bbox 0 0 1915 5808">
     <span class='ocr_line' id='line_1_50' title="bbox 0 0 1915 5808; baseline 0 0"><span class='ocrx_word' id='word_1_532' title='bbox 0 0 1915 5808; x_wconf 95' lang='lat' dir='ltr'> </span> 
     </span>
    </p>
   </div>
  </div>
 </body>
</html>
