3872 5836
709 374 1013 443 &mma
1475 380 1540 448 ³57
1597 384 1603 408 ⁸

182 535 267 597 situ
288 532 445 613 intelligis,
470 531 608 614 Oedipus
629 534 702 596 mihi
725 541 807 609 esto3
831 534 897 614 ipse
919 554 978 597 uon
1003 536 1148 617 intelligo,
1173 557 1229 599 uec
1247 538 1370 619 scripsi,
1395 548 1430 602 nt
1452 542 1538 623 lege-

182 631 294 694 rentur,
317 622 371 682 sed
394 630 430 682 ut
452 640 498 682 me
523 640 694 685 exercerem
718 643 778 686 uua
798 625 878 686 vice.
923 623 1065 687 Extorsit
1086 624 1227 688 Schclius
1250 627 1438 692 mirabiliter.

252 728 374 784 Tandem,
393 727 543 777 concludens
563 728 686 792 Keplurm
703 728 750 778 has
768 729 853 779 literas
870 729 993 795 longiores
1012 728 1060 792 (to
1077 733 1228 796 paginarum
1250 733 1277 781 in
1296 730 1380 795 iulio),
1406 734 1439 783 ad
1461 749 1538 800 quse·

180 802 287 851 monem
315 800 507 849 mmmicam
534 800 661 863 respoudit
678 801 786 850 Fabricii
804 799 905 862 („Scire
930 803 1016 865 cupio,
1041 816 1077 852 au
1094 796 1281 868 hypothesisQ
1308 798 1374 867 etQ
1399 805 1433 854 ad
1454 820 1539 857 uerum

178 878 275 923 neum
292 869 357 921 Solis
379 871 462 934 poem
478 870 625 934 respondere
649 871 740 921 debeat
757 878 800 921 tuo
822 872 931 934 judicio.
957 879 987 922 nt
1010 875 1160 937 superiores,
1188 875 1226 924 rei
1252 875 1285 925 ad
1309 876 1417 924 medium
1435 883 1537 927 motum.

180 943 290 1004 Quaeso,
308 942 343 991 mi
360 943 573 1004 praestantissime
592 948 618 991 et
634 943 707 991 simul
727 943 896 992 amantissime
915 943 1038 1006 Keplere,
1066 959 1110 1008 pro
1129 943 1240 995 Uranica
1258 946 1371 996 amicitia
1388 948 1538 1010 respondeas
1583 961 1586 965 ·
1626 960 1629 967 '

179 1014 213 1087 ad
230 1014 389 1078 quaestiones
407 1012 508 1061 dirersis
526 1013 603 1062 literis
621 1015 766 1076 propositas.
804 1012 847 1064 Sic
869 1029 909 1062 me
928 1015 1058 1078 plurimum
1079 1017 1177 1077 iurabis
1197 1023 1223 1065 et
1244 1032 1284 1066 me
1308 1017 1342 1066 ad
1359 1018 1443 1067 omnia
1467 1019 1537 1069 alac·

177 1088 267 1135 riorum
291 1083 387 1134 reddes·
426 1082 464 1131 Tu
482 1083 542 1132 mihi
569 1085 603 1133 sis
621 1085 723 1147 Apollo,
750 1091 780 1133 tu
799 1084 927 1147 Cynosura
945 1094 1014 1143 esto.
1039 1092 1069 1135 tn
1086 1086 1184 1145 oculus,
1211 1088 1360 1137 bibaculus
1384 1103 1454 1138 mous
1473 1096 1535 1139 esto.

178 1155 269 1207 Nullus
287 1155 349 1204 mihi
366 1154 401 1203 sd
424 1160 508 1204 retum
523 1157 605 1220 mapa
629 1155 754 1206 amissit
781 1164 807 1205 et
833 1156 979 1207 satisiamre
996 1162 1092 1220 petest.
1117 1170 1193 1223 quam
1211 1164 1246 1207 tu.
1283 1158 1348 1211 vus
1365 1160 1452 1224 igitur,
1479 1162 1537 1225 rige

179 1233 208 1278 st
223 1227 299 1284 dore,
327 1232 355 1275 st
371 1225 500 1275 Martialis
517 1226 658 1277 ieheissime
677 1234 705 1276 et
722 1227 839 1277 utinime
857 1226 973 1283 absolue,
991 1235 1017 1277 et
1035 1229 1134 1292 saepius
1151 1227 1200 1278 huc
1217 1230 1354 1293 perscnhe,
1382 1244 1429 1280 nec
1448 1231 1534 1281 amici-

176 1300 241 1348 tiam
257 1298 383 1360 inceptam
401 1296 498 1352 desere,
516 1298 578 1346 forte
596 1306 651 1361 post
670 1311 762 1346 annum
779 1313 820 1349 me
838 1314 888 1348 non
906 1298 1010 1348 habebis
1027 1301 1200 1362 superstitemr
1230 1299 1256 1360 d
1276 1300 1378 1351 dimotis
1395 1314 1455 1365 prae
1475 1301 1533 1351 lori·

177 1369 238 1419 bus!
274 1367 344 1417 Deus
362 1366 421 1417 mihi
440 1367 518 1417 adsit!
555 1368 660 1417 Arnen.a

250 1437 275 1488 ².
295 1435 364 1500 (1².)
382 1440 441 1501 Aps.
462 1435 540 1488 teos.
561 1438 663 1489 Ostelse
681 1440 822 1489 Frisiorum.
1025 1440 1096 1490 Tuae
1114 1439 1290 1492 Praestantiae
1308 1442 1500 1493 summissim·

1144 1512 1177 1561 D.
1198 1513 1373 1563 Fabricius.

265 1607 306 1656 Ad
323 1605 388 1656 haee
405 1621 465 1672 ergo
483 1597 689 1677 Keplerue:
723 1598 836 1661 Verum
867 1598 949 1662 Solis
977 1607 1089 1661 motum
1117 1619 1174 1679 ego
1202 1620 1258 1681 per
1285 1600 1386 1663 omnia
1414 1621 1532 1682 sequor,

177 1688 270 1750 etiam
291 1687 324 1748 iu
347 1687 468 1747 Venere
491 1696 525 1747 et
546 1686 705 1761 Mercurio,
730 1707 785 1749 ceu
807 1687 960 1750 Ariadnes
984 1689 1075 1751 tilum.
1121 1689 1201 1751 Nam
1224 1708 1290 1751 cum
1309 1690 1438 1752 medium
1453 1691 1531 1752 Pto-

174 1777 309 1839 lemaeus
333 1782 517 1855 sequeretur,
542 1793 617 1855 opus
640 1776 699 1854 ipsi
723 1777 779 1838 luit
800 1784 960 1855 praeterea
982 1777 1127 1860 epicyelio
1147 1797 1201 1839 seu
1215 1786 1476 1841 ecceutreccentro
1494 1779 1533 1841 oh

176 1873 357 1946 sequentem
380 1862 463 1925 Solis
487 1863 666 1942 ignoratum.

261 1953 365 2033 Atque
379 1953 424 2013 ita
446 1953 644 2014 reitandum
658 1953 735 2014 vale.
778 1951 893 2033 Scripsi
912 1952 963 2015 li.
979 1952 1050 2016 Oct
1070 1950 1163 2017 1605.
1216 1953 1326 2016 Saluta
1339 1956 1378 2016 D.
1397 1953 1531 2018 Cancel-

178 2042 293 2105 larium.
341 2040 446 2103 Scribe
470 2042 561 2104 situm
584 2040 711 2104 Ostelae
735 2041 774 2103 ad
797 2041 940 2118 Emdam,
965 2040 1109 2105 Auricum
1131 2044 1186 2104 duc.
1215 2051 1247 2103 et
1270 2044 1355 2105 mitte
1379 2044 1532 2119 crastinae

178 2131 300 2212 eclipsis
323 2131 496 2192 observata.
1217 2131 1290 2194 Joh.
1312 2130 1441 2213 Kepler.

252 2236 397 2293 meiruae‚
425 2249 490 2300 quse
509 2234 556 2284 hus
583 2235 732 2285 summane
754 2242 812 2284 suut
837 2236 925 2286 literae
943 2235 1046 2300 Kspleri
1067 2238 1144 2288 datae
1162 2235 1533 2304 d1.Ang.1607.marims

176 2325 208 2360 su
225 2315 297 2373 parte
314 2307 405 2357 Martis
422 2308 545 2356 theoriam
563 2308 680 2363 attinent.
699 2321 775 2372 quare
792 2307 839 2356 has
857 2307 904 2361 hoc
921 2308 976 2358 locu
994 2311 1221 2371 praetermittentes
1238 2311 1372 2360 transimus
1387 2310 1420 2359 ad
1430 2310 1533 2361 ultimas

175 2395 193 2431 a
209 2379 321 2444 Ksplero
338 2379 373 2428 ad
389 2379 530 2428 Fabricium
548 2376 622 2427 datus
640 2376 663 2425 d.
686 2375 726 2426 tu.
745 2377 808 2426 Nor.
832 2375 907 2434 1008,
927 2395 941 2428 e
959 2379 1047 2442 quibus
1064 2394 1147 2443 pauca
1163 2380 1212 2431 huc
1232 2380 1365 2431 referenda
1383 2388 1449 2431 sunt.
1480 2381 1531 2430 lui-

174 2453 237 2501 tium
254 2448 418 2514 respondendi
437 2449 499 2498 lacit
517 2449 550 2499 ad
566 2449 651 2498 literas
671 2449 777 2497 Fabricii
797 2449 820 2497 d
840 2449 864 2498 d.
884 2447 908 2496 2.
928 2446 997 2511 (12.)
1018 2449 1072 2500 Oct.
1096 2448 1176 2511 tuoe,
1201 2453 1228 2502 iu
1246 2453 1334 2518 quihus
1351 2452 1420 2501 haud
1437 2466 1531 2517 paucas

175 2521 379 2586 deprehendimus
398 2521 555 2586 quaestiones
576 2520 609 2569 ad
628 2520 787 2584 astrologiam
804 2521 966 2584 pertinentes,
985 2521 1109 2571 scribens:

266 2610 355 2682 Quod
379 2618 520 2690 aspectus
544 2620 707 2689 operantur
729 2609 759 2670 iu
782 2609 857 2689 ipsis
881 2611 1009 2690 punctis,
1035 2611 1074 2682 id,
1100 2610 1154 2684 ais,
1180 2629 1248 2671 esse
1271 2610 1413 2672 iudicium
1435 2629 1530 2691 pecu-

175 2701 260 2765 liaris
285 2699 481 2762 ordinationis
504 2698 572 2760 Dei.
619 2695 687 2768 Quo
711 2698 811 2758 verius
836 2697 939 2758 dixisti
963 2697 1202 2778 theologice,
1238 2698 1294 2758 hoc
1317 2699 1413 2760 miuus
1438 2718 1530 2761 accu-

175 2799 242 2853 rate
267 2790 305 2850 ad
327 2787 507 2872 physicas
532 2787 624 2866 leges.
673 2786 748 2847 Levi
771 2786 982 2847 emendatione
1013 2786 1106 2846 coibit
1137 2794 1190 2846 tua
1213 2787 1366 2847 sententia
1385 2807 1452 2848 cum
1474 2805 1530 2849 ve-

179 2879 278 2941 ritate.
335 2874 481 2939 Iudicium
514 2886 562 2936 est
594 2876 746 2949 uimimm,
781 2893 839 2935 nou
872 2894 940 2935 esse
970 2874 1157 2934 materialem
1194 2874 1415 2948 conditionem,
1453 2894 1529 2955 quae

178 2975 334 3046 aspectum
357 2965 554 3040 determinat,
579 2963 656 3025 sicut
680 2971 728 3025 est
750 2963 917 3024 materialis
941 2962 1092 3037 conditio,
1117 2980 1192 3043 quae
1218 2962 1398 3024 determinat
1421 2982 1531 3043 opera-

177 3055 291 3119 tionem
314 3055 391 3117 radii
407 3053 499 3127 Solis,
520 3053 636 3114 scilicet
660 3062 743 3113 recta
767 3051 887 3131 objecta
901 3051 1013 3112 Terrae
1033 3050 1215 3130 superficies.
1262 3051 1343 3113 Nam
1363 3051 1531 3130 quominus

175 3155 257 3208 recte
282 3146 401 3225 objecta
425 3151 474 3204 est
497 3143 599 3224 aliqua
622 3141 805 3222 superficies,
829 3142 886 3203 huc
901 3141 999 3202 miuus
1023 3141 1132 3201 efficax
1147 3148 1194 3200 est
1209 3139 1287 3200 ictus
1312 3139 1388 3201 radii
1404 3139 1529 3202 Solaris.

174 3234 238 3297 Sed
260 3246 367 3296 contra
392 3235 422 3295 iu
448 3233 637 3312 aspectibus,
671 3230 820 3311 quianon
845 3230 1078 3311 aequiparantur
1105 3229 1150 3291 illi
1174 3227 1333 3301 continuae
1358 3228 1530 3309 quantitati,

174 3324 233 3385 sed
256 3324 357 3404 potius
386 3322 550 3397 discretae,
583 3341 640 3384 nou
670 3329 796 3401 agentes
824 3321 923 3399 magis
952 3327 984 3380 et
1011 3319 1109 3380 miuus
1136 3337 1190 3398 pro
1219 3318 1324 3396 majori
1353 3318 1401 3379 vel
1425 3316 1532 3379 minori

174 3413 369 3475 inclinatione
393 3412 516 3473 duorum
531 3412 689 3485 radiorum,
714 3409 781 3471 ideo
801 3411 947 3483 iudicant,
972 3408 1069 3470 Deum
1085 3409 1242 3469 ordinasse
1257 3406 1421 3469 facultates
1436 3425 1530 3487 qnas-

178 3502 249 3562 dam
273 3494 420 3563 animales
444 3501 473 3562 iu
496 3501 544 3561 his
565 3500 677 3573 Terris,
700 3499 812 3560 mentis
836 3499 1055 3579 quodammodo
1077 3497 1243 3579 participes
1262 3495 1299 3557 ad
1323 3495 1532 3576 percipiendas

174 3590 375 3671 geometricas
402 3588 649 3668 pulchritudines,
675 3606 728 3648 seu
753 3588 844 3647 etiam
870 3587 1055 3667 quantitates
1071 3586 1231 3658 discretas,
1257 3584 1362 3664 quibus
1378 3585 1530 3664 perceptis
1578 3610 1585 3625 ι

174 3680 259 3759 ipsae
283 3686 388 3741 essent
411 3696 557 3756 operosae
582 3675 611 3735 in
636 3674 817 3735 exsudandis
841 3674 1013 3752 vaporibus.
1060 3673 1143 3751 Haec
1173 3680 1223 3733 est
1244 3670 1336 3749 igitur
1359 3673 1413 3733 illa
1434 3691 1529 3752 pecu-

173 3767 257 3828 liaris
279 3765 338 3826 Dei
362 3764 520 3837 ordinatio,
546 3762 710 3823 facultates
733 3761 803 3822 illae
827 3772 899 3822 suut
921 3760 1068 3838 imagines
1087 3760 1154 3832 Dei,
1179 3758 1380 3838 percipientes
1402 3778 1529 3837 geome-

175 3855 284 3915 tricam
306 3851 566 3931 pulchritudinem,
587 3856 620 3910 ut
643 3849 736 3911 Deus.

262 3947 373 3998 Dandae
397 3938 767 4019 astrologicaiuterjicis:
793 3936 842 4016 qui
857 3936 981 4016 planeta
1005 3934 1043 3996 ab
1067 3933 1126 3995 alic
1140 3934 1285 4014 patiatur,
1311 3953 1349 3993 au
1369 3933 1419 4013 qui
1433 3934 1529 3997 minor

173 4035 206 4089 et
230 4026 393 4103 obscurior,
419 4048 456 4088 an
480 4047 552 4089 vero
576 4029 626 4108 qui
649 4027 790 4089 inferior?
835 4024 902 4104 Ego
927 4022 1124 4102 astrologiam
1146 4020 1226 4084 inter
1249 4022 1412 4083 facultates
1428 4028 1526 4085 terre-

172 4124 253 4178 stres
277 4135 414 4178 exerceo.
466 4117 501 4177 Iu
526 4117 609 4177 coelo
634 4117 716 4177 nulla
739 4126 787 4178 est
810 4124 912 4176 mutua
934 4112 1047 4193 passio,
1073 4112 1128 4174 sed
1150 4111 1181 4173 iu
1196 4111 1394 4190 imaginativa
1408 4112 1528 4175 occulta
1577 4178 1586 4190 ,

171 4205 369 4269 nascentium.
417 4204 478 4268 Sed
503 4205 625 4285 propius
654 4206 692 4266 ad
714 4204 863 4285 principia
886 4202 1081 4281 astrologica.
1129 4199 1349 4281 Significatoms
1378 4208 1427 4262 est
1450 4202 1525 4281 pati,

171 4295 363 4374 promissoris
387 4313 488 4375 agere.
507 4293 616 4373 ‘Ergo
641 4314 707 4355 cum
730 4294 759 4355 in
784 4292 895 4356 saniori
919 4291 1086 4370 astrologia
1108 4290 1328 4370 significatores
1358 4289 1431 4351 nulli
1454 4290 1524 4360 siut,

169 4385 227 4447 uisi
252 4384 319 4460 Sol,
353 4384 455 4459 Luna,
486 4383 616 4445 medium
639 4383 729 4453 coeii,
763 4382 944 4454 ascendens,
969 4381 1024 4441 soli
1048 4380 1139 4461 igitur
1167 4379 1197 4440 hi
1220 4379 1383 4461 patientur.
1429 4378 1524 4442 Simul

168 4482 269 4536 tarum
294 4480 325 4534 et¹
348 4472 403 4535 Sol
427 4482 459 4536 et
482 4474 569 4535 Luna
593 4479 685 4551 agent
707 4472 735 4532 in
762 4472 975 4532 ascendentem
998 4479 1030 4531 et
1052 4468 1181 4531 medium
1205 4468 1297 4539 coeli,
1322 4469 1392 4548 quia
1416 4466 1469 4532 Sol
1493 4480 1526 4531 et

167 4562 255 4625 Luna
279 4570 350 4623 sunt
373 4563 465 4625 etiam
488 4561 697 4642 promissores.

212 4669 354 4788 2qld⁰⁰iq⁰⁶
372 4669 484 4721 Fabricio
505 4665 694 4734 „prognostica“
713 4667 809 4731 petenti
827 4666 944 4722 nunciat,
963 4678 994 4716 ea
1022 4662 1175 4713 conscribere
1198 4676 1225 4712 se
1252 4662 1412 4713 intermisisse
1431 4662 1521 4730 (comp.

166 4756 190 4805 p.
237 4737 348 4880 uiduae
367 4829 516 4879 Fabricii
535 4826 622 4876 literae
641 4825 672 4876 ad
685 4825 822 4890 Keplerum
841 4823 916 4874 datae
935 4829 993 4873 sunt
1010 4822 1034 4872 d.
1056 4821 1096 4871 ta.
1118 4819 1187 4884 (22.)
1197 4821 1273 4872 Mart
1294 4818 1372 4880 1000,
1392 4838 1406 4873 e
1425 4823 1519 4887 quibus,

165 4906 194 4950 nt
204 4900 277 4966 huius
288 4900 416 4951 literarum
428 4900 568 4957 commercii
580 4899 655 4949 duem
666 4899 797 4952 iaciamus,
815 4894 879 4946 haec
890 4909 975 4960 panca
986 4895 1161 4946 dmumsimusz
1180 4909 1236 4960 ego,
1249 4895 1336 4959 inquit.
1355 4899 1425 4959 puto,
1438 4892 1521 4943 Deum
