3888 5844
725 370 848 421 euau
865 367 1026 435 6666666
1490 353 1558 429 tlt

200 531 281 599 Nan
304 530 335 593 in
358 529 465 611 impuri
489 548 620 604 numero,
644 545 712 595 cum
725 527 793 609 pari
806 534 991 609 comparato,
1016 528 1250 610 apparetetiam
1263 542 1417 589 excessus.
1452 520 1556 583 Maras

200 620 294 700 igitur
316 619 519 702 Pythagoraei
543 639 615 682 suas
639 618 752 681 liabent
773 618 943 693 mentulas,
968 618 1022 679 sed
1046 620 1184 681 femellae
1207 613 1428 698 Pythagoricae
1450 614 1558 673 careat

197 709 308 773 vulvis.

290 798 361 861 Jaru
385 798 423 859 ad
447 796 545 876 ipsum
560 796 693 858 auctoris
716 795 886 858 institutum
910 795 1008 867 venio,
1033 796 1083 877 qui
1103 803 1202 878 putat,
1227 812 1259 855 ss
1282 792 1461 855 chordarum
1484 805 1557 867 pro-

198 887 353 968 portiones
377 906 415 949 ex
438 886 576 966 sphaeris
600 884 784 970 coelestibus
799 884 968 948 deduxisse.
1009 885 1089 947 Mira
1106 883 1278 964 persuasic;
1304 898 1370 943 cum
1390 879 1441 940 ille
1456 876 1557 956 potius

200 996 239 1060 eu
276 975 406 1056 cognitis
441 975 619 1036 chordarum
655 972 897 1059 proportionibus
939 974 1106 1054 opinionem
1142 972 1315 1052 conceperit
1351 970 1389 1030 de
1429 982 1556 1047 propor-

200 1066 281 1126 tione
317 1064 513 1145 sphaerarum
545 1063 738 1137 coslsstium3
779 1063 856 1124 unde
897 1064 1058 1125 musicales
1100 1081 1188 1125 veras
1220 1057 1405 1129 extruxerit,
1444 1053 1557 1115 nescio.

202 1154 318 1226 Vides,
352 1153 476 1214 eosdem
503 1171 571 1213 esse
603 1170 742 1214 numeros
774 1170 843 1214 cum
869 1150 1073 1228 Calvisianis,
1107 1161 1139 1215 et
1168 1169 1256 1215 aures
1283 1146 1423 1228 probant.
1459 1142 1559 1204 Diffe-

201 1241 302 1307 tentia
334 1241 363 1302 in
394 1261 430 1303 eo
460 1249 527 1315 est,
563 1241 641 1320 quod
666 1238 819 1304 Calvisius
847 1240 908 1301 ab
936 1241 1043 1322 incipit
1064 1241 1189 1305 vocibus
1215 1237 1387 1300 adscribere
1409 1249 1559 1305 numeros,

200 1330 392 1395 Reiuhsrdus
420 1330 460 1391 ab
480 1350 508 1390 a.
555 1329 623 1390 Etsi
647 1337 746 1407 autem
772 1329 879 1391 literae
903 1338 972 1392 suut
995 1330 1151 1393 technicae
1174 1334 1361 1409 possuntque
1386 1337 1558 1385 accommo-

201 1420 266 1482 dari
290 1438 344 1498 pro
368 1426 524 1480 auctorum
549 1418 652 1493 lubitu,
676 1425 778 1479 tamen
803 1425 851 1480 sto
875 1438 942 1482 cum
957 1417 1107 1494 Calvisi03
1133 1438 1227 1481 causa
1249 1420 1402 1495 sequetur,
1425 1411 1452 1472 si
1475 1407 1558 1489 prius
1646 1492 1650 1497 ι

200 1508 257 1571 hoc
281 1507 434 1582 addidero,
459 1526 506 1568 me
531 1506 659 1568 libenter
681 1506 726 1569 uti
749 1506 873 1571 vocibus
895 1507 1045 1587 propriis:
1071 1516 1103 1571 st
1125 1526 1181 1588 pro
1195 1508 1335 1570 lemmate
1351 1502 1450 1564 dicere
1465 1496 1557 1560 semi-

200 1597 329 1671 tonium;
362 1596 473 1658 lemma
504 1595 583 1657 enim
616 1602 706 1656 sonat
727 1595 864 1657 relictum
887 1606 957 1675 post
982 1597 1200 1661 abscissionem
1228 1585 1442 1675 proportionis.
1488 1586 1562 1648 dam

200 1704 272 1747 vero
294 1684 408 1765 gradus
440 1702 546 1745 vocum
569 1681 705 1760 ducciam
736 1702 795 1745 non
824 1692 988 1748 nascuntur
1020 1705 1057 1749 ex
1085 1683 1290 1758 abscissione,
1323 1691 1358 1744 ut
1379 1676 1562 1761 opinabatur

200 1774 299 1848 Plato,
324 1774 378 1834 sed
403 1792 441 1834 ex
463 1772 689 1853 comparatione
712 1773 951 1835 harmonicorum
977 1775 1212 1854 proportionum.
1245 1772 1365 1837 Natura
1387 1766 1560 1831 661111666-

202 1862 305 1927 stituit
327 1861 514 1925 harmoniam
543 1856 574 1944 11,
605 1870 637 1922 61
667 1855 718 1944 ³14,
747 1880 871 1942 quarum
895 1861 1065 1926 differentia
1093 1873 1142 1926 est
1169 1855 1226 1945 Ἃ,
1256 1879 1343 1941 quem
1366 1858 1561 1920 (1166166661

199 1951 365 2031 majorem:
390 1951 435 2013 sic
459 1951 566 2012 eadem
589 1958 699 2013 natura
722 1951 879 2013 coustituit
907 1947 938 2033 ²),
968 1962 1000 2014 et
1023 1946 1074 2034 Ἃ,
1100 1971 1227 2033 quarum
1241 1949 1409 2012 differentia
1424 1951 1473 2007 est
1492 1938 1561 2020 ”lm

201 2059 290 2122 quem
311 2039 380 2102 dico
403 2047 509 2101 tonum
531 2039 685 2114 minorem,
710 2049 743 2100 ut
760 2048 825 2115 est;
850 2041 977 2121 denique
992 2051 1101 2104 natura
1119 2039 1278 2103 constituit
1305 2031 1338 2119 ⁴),
1359 2044 1390 2098 61
1411 2028 1458 2116 ’1η
1484 2051 1560 2113 que·

204 2148 270 2191 rum
293 2128 463 2191 differentia
486 2137 536 2189 est
566 2121 653 2210 “lm
678 2129 758 2209 quod
782 2128 848 2191 dico
873 2131 1074 2195 usitatissima
1088 2132 1209 2194 notione
1224 2126 1425 2191 semitonium.
1463 2121 1561 2185 Reiu-

201 2217 315 2281 hardus
339 2218 489 2296 appellat:
515 2217 623 2278 lemma
646 2225 678 2279 st
701 2226 803 2279 tonum
826 2219 982 2297 maiorem.
1028 2220 1068 2281 Hi
1092 2227 1163 2282 suot
1187 2218 1299 2299 gradus
1322 2233 1427 2276 vocum
1444 2210 1560 2286 usitati,

202 2314 235 2368 et
256 2305 438 2367 naturaliter
460 2305 598 2368 omnibus
620 2307 793 2384 placentes,
818 2308 925 2386 quibus
949 2309 1028 2373 addo
1051 2306 1338 2370 discriminationem
1362 2311 1470 2365 cautus
1494 2298 1560 2361 duri

202 2404 235 2458 st
256 2392 367 2456 mollis.
413 2393 534 2456 Natura
557 2394 635 2456 enim
659 2395 817 2456 coustituit
843 2389 879 2479 ⁴),
908 2405 940 2458 et
967 2391 1019 2476 ⁶1„
1052 2415 1176 2478 quarum
1205 2393 1375 2457 differentia
1398 2398 1446 2455 611
1474 2381 1560 2471 ”lm

204 2503 294 2565 quam
318 2482 438 2563 appello
462 2483 574 2558 diesin,
608 2483 695 2563 quasi
719 2484 924 2547 remissionem
947 2487 1094 2549 chordae:
1128 2505 1167 2547 ec
1196 2502 1292 2564 oeque
1324 2491 1431 2563 mnus,
1465 2496 1562 2558 neque

203 2572 402 2645 semitonium,
426 2571 497 2651 quia
519 2590 578 2635 uon
602 2572 718 2635 canitur
742 2593 761 2633 a
804 2573 822 2635 b
846 2574 875 2635 16
899 2575 932 2646 h,
962 2576 1021 2637 nisi
1043 2577 1073 2637 16
1093 2574 1259 2637 1661611666
1284 2572 1366 2644 1661;
1391 2566 1565 2647 agnoscitur

203 2670 308 2723 166166
330 2659 369 2722 ab
393 2660 526 2723 auribus.
573 2659 721 2739 Superest
742 2680 873 2738 comma,
907 2657 996 2743 ⁸⁰l„,
1028 2664 1107 2743 quod
1131 2671 1180 2725 est
1207 2660 1376 2724 differentia
1399 2659 1477 2717 iuter
1505 2648 1558 2737 Ἃ,

159 2817 163 2827 ,
202 2759 236 2813 61
263 2741 320 2828 ⁸l,;
350 2768 406 2810 nec
429 2749 604 2829 agnoscitur
627 2749 768 2829 explicite
792 2750 831 2811 ab
854 2753 990 2826 auribus,
1025 2753 1081 2814 sed
1104 2760 1219 2814 tanturn
1245 2748 1388 2827 implicite
1412 2764 1465 2825 per
1488 2762 1560 2822 pro-

202 2857 340 2919 gressum
363 2847 394 2899 et
416 2839 640 2900 successionem
663 2857 788 2911 vocum3
813 2840 922 2919 quippe
946 2859 1041 2920 neque
1065 2849 1113 2901 est
1136 2837 1307 2900 differentia
1325 2833 1563 2897 harmonicorum

204 2927 440 3008 proportionum,
464 2927 518 2988 sed
542 2926 779 2988 differentiarum
802 2928 982 2991 differentis.

291 3016 376 3077 Haec
400 3015 490 3095 igitur
513 3015 625 3076 addere
648 3015 739 3077 volui.
785 3017 873 3079 Nunc
896 3036 1020 3079 causam
1045 3016 1152 3083 dicam,
1177 3034 1228 3076 cur
1253 3011 1291 3074 ab
1315 3011 1335 3071 h
1358 3009 1460 3070 malim
1484 3007 1562 3070 iuci-

202 3124 276 3187 6616
300 3123 438 3167 66616166
460 3103 642 3178 8616116111,
677 3122 765 3183 quam
788 3105 878 3168 6116.
925 3106 1079 3169 Usitatum
1109 3112 1158 3165 est
1186 3103 1214 3164 16
1239 3107 1344 3164 nostra
1367 3098 1496 3170 musica,
1529 3103 1564 3157 ut

202 3202 308 3257 cautus
331 3194 439 3255 molles
461 3192 559 3273 magis
583 3212 771 3256 canamusa
813 3213 829 3256 c
858 3195 888 3257 in
911 3195 945 3269 b,
971 3213 1062 3275 quam
1085 3214 1104 3253 a
1150 3192 1220 3255 cin
1245 3190 1302 3254 dis.
1349 3188 1456 3266 ltaque
1480 3187 1564 3248 locus

206 3284 300 3345 diesis
330 3274 400 3362 ²7„
431 3282 572 3346 usitatior
587 3290 636 3345 est
650 3282 729 3346 iuter
754 3283 772 3344 b
796 3292 830 3345 et
851 3285 886 3360 11;
910 3305 980 3346 nam
1005 3306 1024 3346 a
1050 3303 1066 3345 c
1089 3283 1188 3346 mollis
1203 3290 1310 3344 cantus
1325 3297 1378 3359 per
1404 3278 1432 3350 b,
1455 3276 1563 3338 611111-

202 3391 256 3435 rus
280 3390 334 3452 per
358 3372 378 3432 h
402 3372 600 3435 usitatissime
624 3372 752 3435 canitur.
799 3372 875 3438 Cum
898 3385 999 3438 autem
1023 3374 1053 3436 in
1079 3374 1132 3438 illo
1160 3379 1326 3456 systemate
1350 3373 1565 3445 bareowpus,

207 3461 286 3543 quod
309 3460 404 3523 habet
425 3460 503 3523 infra
527 3470 630 3523 tonum
652 3463 814 3543 majorem,
849 3466 947 3527 medio
972 3464 1037 3527 loco
1062 3464 1225 3536 minorem,
1251 3478 1341 3539 supra
1370 3455 1564 3519 semitonium

205 3551 251 3625 (iu
275 3551 425 3612 numeris:
463 3546 534 3624 180,
564 3546 635 3626 160,
663 3546 735 3621 144,
763 3549 855 3624 135),
886 3561 994 3616 cantus
1019 3552 1117 3614 mollis
1148 3560 1267 3613 statuat
1293 3545 1561 3623 1661666666-

204 3658 278 3715 1616,
301 3639 399 3701 medio
424 3639 490 3701 loco
513 3639 713 3714 semitonium,
739 3658 855 3701 summo
878 3642 1022 3703 minorem
1038 3650 1140 3702 tonum
1164 3635 1369 3712 (166116161161
1399 3632 1470 3707 180,
1490 3628 1563 3705 1611,

207 3727 279 3802 150,
307 3723 395 3801 135),
420 3727 591 3789 differentia
613 3727 705 3804 igitur
728 3726 806 3787 inter
829 3747 920 3790 voces
945 3729 1054 3791 tertias
1080 3725 1142 3791 144
1166 3734 1199 3787 61
1224 3723 1286 3788 150
1310 3727 1362 3787 661
1384 3717 1467 3805 ''lw
1504 3718 1566 3780 Eli

204 3817 296 3896 igitur
319 3816 349 3876 in
374 3817 447 3877 duro
471 3814 564 3875 tertia
587 3833 647 3875 vox
670 3816 709 3875 ab
732 3813 812 3876 inira
835 3816 872 3891 h,
907 3819 937 3878 in
962 3818 1044 3878 molli
1069 3817 1097 3878 b.
1146 3815 1180 3876 Si
1203 3815 1279 3884 hoc,
1315 3830 1386 3884 erro
1410 3811 1472 3873 ima
1494 3825 1561 3868 vox.

205 3923 259 3983 per
287 3901 348 3966 180
371 3901 512 3981 signata,
544 3910 594 3963 est
616 3922 646 3982 g.
691 3902 734 3963 Et
757 3903 827 3981 quia
854 3901 916 3969 144
947 3913 994 3966 661
1018 3906 1056 3977 h,
1089 3904 1181 3983 igitur
1214 3902 1306 3962 etiam
1330 3896 1498 3962 Reiuhardi
1521 3891 1566 3957 48

153 4030 158 4037 ·
208 3987 770 4070 (611]66661144111611161)611111.
816 3993 989 4056 Differimus
1011 3994 1107 4074 igitur,
1127 3993 1156 4053 in
1181 4010 1234 4067 eo,
1268 3991 1347 4071 quod
1371 3987 1421 4049 ille
1445 3985 1566 4062 iuterg

205 4087 237 4142 et
258 4079 277 4142 h
300 4079 411 4141 statuit
442 4073 510 4161 ml„
535 4098 591 4160 ego
619 4072 921 4163 Β1,;66611611166
964 4083 1082 4145 1116611
1109 4074 1143 4161 ’1,
1173 4071 1325 4161 egoilm.
1377 4075 1567 4157 ltaque'sola

206 4188 266 4232 vox
290 4189 309 4230 a
333 4187 390 4229 uuo
413 4176 562 4230 6661111616
586 4171 666 4248 apud
690 4190 737 4232 me
762 4179 811 4233 est
833 4171 934 4240 altior,
958 4192 1048 4252 quam
1072 4173 1151 4252 apud
1175 4169 1270 4232 ilium.
1308 4169 1351 4230 Et
1364 4166 1435 4248 quia
1450 4162 1565 4238 nescio,

205 4259 283 4322 unde
298 4258 349 4321 1116
368 4257 415 4320 sui
429 4257 622 4320 monochordi
641 4258 820 4322 divisionem
840 4262 1017 4334 extruxerit,
1033 4260 1166 4339 aperiam
1186 4277 1243 4337 ego
1260 4277 1368 4320 causas
1383 4274 1470 4318 meae
1485 4252 1566 4314 divi-

205 4349 309 4411 sionis.
356 4347 436 4410 111161
459 4346 486 4409 61
509 4355 623 4409 1661616
647 4366 703 4427 ego
727 4348 807 4411 viam
830 4349 949 4424 insisto,
973 4357 1103 4430 oportet,
1128 4359 1162 4409 ut
1185 4348 1251 4427 ipse
1266 4344 1428 4408 erraverit:
1453 4342 1565 4420 dequo

206 4436 251 4500 sic
269 4435 432 4518 judicabis.
478 4435 605 4499 Aurium
625 4436 770 4516 judicium
790 4438 817 4499 in
842 4438 1006 4501 harmoniis
1029 4436 1198 4518 judicandis
1221 4434 1357 4499 admittit
1380 4433 1511 4513 aliquam
1535 4429 1565 4491 in

206 4528 331 4589 vocibus
355 4525 563 4600 latitudinem,
597 4524 679 4587 iutra
701 4545 789 4606 quam
813 4527 945 4591 incertus
968 4530 1064 4589 fertur
1087 4526 1223 4597 auditus,
1255 4525 1405 4604 quoduam
1428 4519 1470 4583 eit
1493 4519 1565 4581 illud

207 4617 366 4696 genuinum
390 4622 583 4688 momentum,
607 4613 637 4675 iu
661 4634 718 4694 quo
742 4615 819 4678 duae
842 4635 932 4680 rocas
956 4615 1069 4696 optime
1093 4614 1350 4685 concordaverint,
1377 4610 1474 4673 altera
1497 4628 1566 4669 ma·

207 4714 298 4768 nentc
322 4725 406 4780 voce,
430 4705 530 4766 altera
552 4703 710 4782 paullatim
730 4703 862 4767 intensa.
903 4704 970 4767 Hoc
996 4705 1241 4767 animadvertens
1259 4702 1454 4767 Ptolemaeus
1477 4696 1568 4777 petiit

208 4796 326 4863 auditui
348 4793 513 4860 subsidium
537 4813 555 4855 6
579 4793 707 4857 1611666.
754 4794 871 4857 Verum
892 4794 988 4877 ipsius
1011 4793 1109 4871 ratio,
1143 4793 1203 4855 etsi
1232 4789 1446 4872 utplurimum
1469 4785 1565 4847 satis-
