3838 5824
416 399 478 466 116
929 395 1040 458 nysam
1060 393 1260 460 0000000000

412 561 504 635 80110,
529 556 659 620 Veneris
674 562 706 619 et
719 553 860 617 Mercurii
880 554 1013 617 babeant
1025 553 1175 634 ¹aequales
1195 550 1409 614 revolutiones.
1452 549 1666 631 Respondetur
1685 553 1778 625 eninr,

412 650 489 730 qued
514 665 571 709 non
595 665 667 708 vere
689 644 885 707 revolvantur
907 644 975 723 ipsi,
1001 643 1056 704 sed
1077 661 1132 722 pro
1155 641 1230 721 ipsis
1254 640 1343 731 unica
1363 639 1466 703 Terra.
1503 638 1534 703 1.
1559 638 1662 712 Quare
1685 641 1778 723 quiu-

412 757 468 819 que
491 736 634 815 planetae
657 735 732 796 11001
753 733 933 811 retrogradi,
958 731 1116 795 luminaria
1139 732 1227 802 (11.0.
1248 728 1301 792 801
1326 736 1358 791 01
1376 729 1478 804 Luna)
1502 747 1561 791 nou
1584 730 1666 794 item.
1708 729 1777 791 Re-

412 827 577 906 spondetut
598 823 694 903 primo
718 823 756 883 de
780 820 867 894 8010,
896 821 967 902 quia
989 821 1015 882 is
1040 819 1182 901 quiescit,
1212 819 1290 880 uude
1312 818 1360 893 lit,
1393 826 1427 879 ut
1450 827 1549 880 motus
1573 819 1699 894 Terrae,
1724 818 1776 900 qui

411 932 531 995 semper
554 913 686 974 directus
709 918 767 985 est,
791 910 850 990 ipsi
875 908 940 971 Soli
964 928 1045 971 mere
1069 917 1101 971 et
1122 907 1340 986 imperturbate
1362 907 1462 968 inesse
1483 907 1630 981 videatur,
1656 915 1776 970 tantum

410 1023 465 1084 per
490 1010 608 1082 partem
642 1000 813 1080 oppositam
842 999 928 1061 coeli.
975 998 1022 1059 De
1053 998 1141 1060 Luna
1167 1014 1257 1069 vero,
1292 995 1361 1075 quia
1392 1003 1491 1058 motus
1515 995 1627 1058 Terrae
1657 1015 1776 1058 000000

410 1093 505 1171 100100
528 1091 613 1152 00010
636 1107 707 1151 vere
730 1087 895 1149 communis
918 1095 967 1149 est
984 1106 1052 1148 cnm
1066 1087 1172 1148 Terra.
1205 1084 1272 1146 Due
1292 1091 1392 1146 autem
1413 1102 1490 1164 quae
1510 1083 1624 1147 babent
1646 1085 1773 1147 eundem

411 1188 523 1242 motum
546 1197 601 1258 per
629 1177 747 1253 omnis,
780 1177 920 1238 videntur
952 1176 1031 1238 inter
1058 1195 1092 1237 sc
1121 1173 1285 1255 quiescere.
1303 1170 1325 1243 Ι)
1370 1173 1458 1234 11000
1481 1180 1582 1235 motus
1606 1173 1719 1236 Terrae
1742 1174 1773 1235 in

410 1270 498 1332 Luna
521 1287 577 1329 uon
602 1266 745 1339 sentitur,
774 1274 809 1327 ut
835 1266 865 1327 iu
890 1265 999 1326 ceteris
1023 1263 1164 1344 planetis.
1211 1262 1258 1323 De
1282 1261 1486 1341 superioribus
1509 1260 1659 1336 Saturno,
1682 1260 1772 1337 Jove,

411 1365 443 1418 et
465 1358 566 1418 Marte
590 1355 808 1434 respondetur:
839 1353 909 1434 quia
936 1354 995 1432 ipsi
1024 1361 1094 1414 suut
1117 1349 1266 1414 tardiores
1290 1350 1403 1412 Terra:
1437 1357 1470 1412 et
1497 1350 1567 1430 quia
1589 1350 1717 1414 circulus
1741 1359 1775 1412 at

411 1453 511 1507 motus
534 1445 595 1506 iste
613 1444 725 1504 Terrae
747 1451 872 1521 putatur
895 1442 969 1521 ipsis
992 1443 1103 1504 inesse.
1137 1438 1239 1511 Quare
1263 1439 1343 1500 sicut
1364 1439 1436 1510 illis,
1459 1439 1509 1519 qui
1533 1457 1570 1499 ex
1585 1439 1621 1512 L,
1647 1438 1773 1501 Saturni
1853 1439 1855 1443 ’

411 1533 512 1613 globo,
535 1532 752 1612 prospicerent,
777 1532 872 1592 Terra
894 1531 1043 1593 interdum
1061 1528 1201 1609 progredi
1219 1527 1381 1600 videretur,
1405 1528 1474 1589 dum
1499 1527 1557 1589 iret
1578 1545 1634 1607 per
1655 1528 1773 1590 medie·

412 1631 508 1685 tatem
532 1621 613 1684 PBN
639 1638 729 1699 supra
752 1618 864 1694 Solem,
888 1620 1036 1681 interdum
1060 1616 1195 1698 regredi,
1219 1618 1288 1679 dum
1312 1616 1371 1679 iret
1392 1635 1448 1695 per
1469 1616 1570 1690 NAP,
1594 1625 1677 1679 stare
1699 1635 1772 1680 vero

409 1713 440 1772 in
459 1711 488 1774 N
507 1718 539 1772 et
552 1710 593 1772 P:
618 1709 663 1770 sic
688 1727 812 1769 necesse
836 1716 893 1782 001,
918 1715 952 1770 01
974 1708 1060 1769 nobis
1084 1727 1122 1768 ex
1135 1707 1228 1768 Terra
1250 1705 1502 1786 prospicientibus
1517 1703 1667 1767 Saturnus
1689 1706 1772 1767 volvi

408 1800 546 1862 videatur
568 1798 599 1859 10
622 1806 728 1877 000100
752 1797 917 1876 oppositas.
965 1797 1009 1858 Ut
1032 1797 1100 1858 dum
1124 1804 1173 1856 est
1196 1796 1290 1856 Terra
1313 1795 1343 1856 iu
1366 1794 1454 1855 BNA
1476 1795 1539 1873 (lig.
1569 1792 1633 1870 10),
1658 1793 1770 1857 Satur·

408 1907 464 1949 nus
488 1888 608 1947 videtur
631 1887 661 1947 10
690 1885 760 1946 bna
784 1886 848 1963 (fig.
876 1883 942 1955 11).
989 1885 1150 1946 1010010000
1174 1883 1280 1944 Venus
1307 1890 1339 1943 et
1362 1883 1529 1944 Mercurius
1556 1884 1624 1944 ideo
1651 1883 1771 1963 regredi

405 1976 562 2047 ridentur,
592 1974 661 2053 quia
685 1983 755 2034 suut
782 1972 949 2034 velociores
972 1972 1086 2046 Terra;
1115 1971 1192 2032 uude
1215 1972 1340 2050 perinde
1363 1991 1399 2032 ac
1422 1972 1449 2032 si
1472 1971 1567 2034 Terra
1589 1980 1687 2034 staret
1709 1973 1769 2034 im-

406 2072 505 2132 mota,
531 2062 653 2136 Venus,
677 2079 800 2123 currens
823 2062 852 2122 in
876 2070 963 2140 parte
988 2060 1091 2122 circuli
1115 2059 1282 2136 remotiori,
1306 2061 1489 2123 contrariam
1512 2061 1602 2141 plane
1626 2060 1772 2124 describit

405 2152 486 2213 uiam
509 2151 569 2225 illi,
594 2169 682 2231 quam
707 2150 828 2211 conticit
849 2150 878 2210 iu
902 2156 990 2228 parte
1014 2148 1116 2211 circuli
1139 2149 1184 2210 sui
1209 2147 1309 2210 vicina
1331 2148 1452 2212 Terrae.

495 2236 525 2301 3.
551 2239 600 2299 110
624 2237 727 2318 quaeri
751 2238 851 2318 putuit
873 2238 944 2310 (sed
962 2236 1033 2299 nihil
1048 2237 1250 2318 respondente
1264 2237 1457 2312 Ptolemaeo)
1480 2257 1572 2320 quare
1596 2239 1625 2301 iu
1649 2238 1769 2318 magnis

405 2327 528 2391 orbibus
553 2327 701 2388 sint¹tam
726 2327 825 2404 exigui
850 2326 992 2407 epicycli,
1018 2334 1050 2386 et
1073 2345 1164 2407 quare
1187 2327 1217 2388 iu
1240 2327 1344 2405 parvis
1367 2328 1489 2390 orbibus
1513 2336 1576 2390 1000
1599 2327 1767 2390 immanes:

404 2417 461 2479 hoc
484 2425 542 2490 est,
568 2434 659 2495 quare
678 2420 942 2495 upocdcpmpcurc
961 2414 1072 2476 Martis
1091 2417 1132 2478 sit
1155 2417 1252 2495 major
1270 2415 1371 2491 Jovia,
1397 2423 1429 2478 et
1451 2415 1538 2496 hujus
1561 2418 1656 2497 major
1679 2434 1768 2499 quam

405 2503 538 2567 Saturni.
586 2504 629 2567 Et
656 2522 789 2565 000000
813 2503 981 2566 Μο0000100
1004 2503 1097 2565 stiam
1121 2505 1275 2584 majorem,
1301 2522 1391 2585 quam
1414 2505 1531 2579 Venus,
1554 2505 1676 2579 habeat,
1701 2523 1768 2567 cunr

404 2592 591 2657 011101001οο
614 2592 753 2667 Venere;
785 2592 932 2673 siquidem
965 2600 1094 2672 quatuor
1121 2593 1301 2674 reliquomm
1328 2611 1447 2674 semper
1472 2592 1597 2658 inferior
1623 2594 1766 2673 majorem

404 2681 507 2744 habet.
553 2681 612 2743 Hic
640 2681 738 2743 facilis
771 2689 820 2744 est
851 2682 1018 2761 responsio.
1065 2681 1206 2745 Mercurii
1234 2681 1314 2744 euim
1343 2690 1377 2745 et
1399 2681 1528 2744 Veneris
1561 2700 1650 2745 veros
1677 2681 1768 2744 orbes

405 2778 524 2833 veteres
547 2769 699 2854 epicycles
723 2789 792 2833 esse
816 2778 967 2851 putamut.
1016 2770 1159 2833 Mercurii
1183 2778 1301 2846 autem,
1336 2780 1368 2833 ut
1396 2771 1597 2847 velocissimi,
1627 2770 1766 2834 minimus

405 2860 497 2924 etiam
522 2860 603 2923 orbis
627 2867 685 2921 est.
732 2858 924 2940 Superiorem
954 2878 1027 2921 vero
1054 2867 1088 2922 ut
1111 2859 1215 2940 cuique
1239 2860 1369 2923 Telluris
1391 2860 1473 2922 orbis
1495 2860 1618 2940 propior
1639 2868 1698 2934 est,
1722 2858 1766 2921 sic

404 2950 550 3030 majorem
572 2949 612 3011 ad
637 2968 704 3012 eum
726 2950 948 3029 proportionem
971 2948 1075 3024 habet,
1099 2958 1131 3010 et
1153 2949 1251 3030 major
1269 2956 1407 3029 apparet.
1439 2949 1524 3012 Mars
1547 2949 1639 3029 igitur
1660 2947 1766 3029 proxi·

328 3066 335 3073 ·
402 3059 468 3103 mus
490 3037 585 3101 habet
607 3038 768 3100 maximam
797 3039 1022 3120 aequationem,
1054 3036 1205 3100 80100000
1233 3038 1399 3100 altissimus
1425 3037 1588 3101 minimam.
1635 3038 1716 3104 Nam
1739 3037 1765 3099 si

402 3128 505 3192 oculus
527 3126 556 3188 in
577 3124 606 3188 G
626 3128 690 3206 (fig.
711 3124 766 3200 10)
790 3127 1032 3201 constitueretur,
1057 3127 1085 3188 ci
1108 3126 1190 3189 orbis
1208 3126 1264 3188 ΡΝ
1284 3127 1438 3190 videretur
1460 3127 1516 3190 sub
1534 3129 1644 3209 angulo
1659 3123 1764 3200 TGV3

404 3225 438 3279 01
461 3215 540 3277 siin
564 3215 591 3276 L
614 3224 711 3284 esset,
735 3215 816 3276 idem
840 3215 921 3277 orbis
944 3215 1098 3276 videretur
1120 3214 1176 3275 sub
1199 3215 1309 3294 angulo
1332 3214 1424 3278 RLS.

491 3299 523 3364 4.
557 3302 676 3364 Pariter
698 3322 757 3363 000
780 3303 890 3380 injuria
913 3302 1014 3363 mirati
1037 3309 1108 3364 suut
1129 3310 1261 3376 veteres,
1291 3322 1343 3366 cur
1364 3312 1429 3367 tres
1453 3306 1622 3386 superiores
1645 3318 1764 3383 semper

402 3392 432 3454 in
448 3389 635 3471 oppositione
656 3408 721 3451 cum
737 3389 809 3450 Sole
828 3390 890 3450 siut
908 3388 1062 3451 humillimi
1085 3390 1115 3451 10
1138 3408 1192 3450 000
1216 3390 1360 3472 00100010,
1385 3392 1415 3454 10
1439 3392 1650 3474 conjunctione
1672 3392 1764 3454 altis-

403 3479 490 3540 simi:
515 3484 549 3539 ut
571 3478 598 3539 si
621 3478 716 3539 Terra
739 3479 806 3556 (lig.
824 3476 891 3549 11),
916 3475 970 3538 801
994 3484 1026 3538 01
1048 3496 1068 3556 g
1092 3477 1206 3540 sintin
1230 3478 1336 3541 eadem
1360 3480 1453 3558 linea,
1478 3501 1570 3563 quare
1593 3481 1764 3544 Manatum

403 3585 459 3628 uon
484 3566 583 3646 possit
605 3566 634 3626 10
659 3565 720 3626 0110
745 3566 810 3626 1000
835 3564 962 3646 epicycli
985 3583 1063 3641 esse,
1089 3585 1177 3648 quam
1200 3561 1277 3648 10).
1314 3570 1350 3631 10
1366 3568 1534 3650 Copemico
1558 3590 1652 3633 00000
1674 3569 1764 3631 100110
1832 3626 1835 3631 ,

403 3656 545 3718 00001100.
592 3654 661 3717 Nou
686 3653 765 3715 euim
788 3654 873 3715 Mars
897 3655 927 3715 10
951 3654 1099 3739 epicycle,
1131 3656 1185 3718 sed
1209 3657 1304 3719 Terra
1330 3658 1361 3721 in
1385 3660 1457 3722 orbe
1481 3677 1536 3721 sue
1559 3661 1638 3722 banc
1661 3657 1763 3720 varie·

402 3753 499 3807 tatem
522 3749 684 3818 0000010ος
708 3743 777 3805 hinc
800 3742 827 3804 si
841 3743 936 3805 Terra
958 3761 996 3805 00
1014 3746 1046 3807 A
1065 3743 1134 3807 1οΒ
1159 3746 1337 3810 discesserit
1350 3748 1416 3829 (fig.
1435 3746 1501 3825 10),
1526 3746 1582 3811 801
1604 3746 1663 3810 0011
1685 3747 1765 3810 10100

403 3831 432 3893 G
456 3833 588 3894 Martem
612 3840 644 3894 et
665 3832 691 3893 B
716 3834 854 3908 Terram,
886 3841 1004 3895 ettam
1026 3832 1112 3896 Mars
1136 3833 1287 3897 videbitur
1308 3836 1338 3898 10
1362 3837 1497 3920 00100010
1521 3837 1586 3919 (fig.
1606 3834 1662 3911 11)
1685 3854 1724 3897 ex
1747 3839 1770 3897 d⁴

403 3923 432 3983 in
455 3944 470 4000 y
493 3921 678 3983 ascendisse.
711 3925 757 3984 At
771 3923 866 3983 Terra
888 3921 918 3983 in
942 3923 972 3984 A
995 3923 1155 3997 existente,
1182 3924 1260 4004 quod
1284 3932 1332 3985 est
1354 3936 1498 4004 punctum
1519 3927 1580 4007 ipsi
1604 3923 1634 3987 G
1656 3923 1762 4004 proxi·

402 4029 490 4084 tuum,
516 4008 545 4071 G
569 4010 652 4071 Mars
676 4020 708 4071 et
731 4009 785 4072 801
809 4010 989 4073 videbuntur
1012 4030 1049 4072 ex
1073 4012 1102 4074 A
1126 4012 1254 4074 invicem
1278 4013 1418 4093 oppositi.
1455 4015 1559 4096 Atque
1583 4015 1658 4077 haec
1681 4019 1761 4087 suut,

402 4118 478 4177 0000
503 4118 540 4160 ex
563 4098 669 4161 tabula
692 4100 731 4160 00
755 4100 872 4162 oculum
895 4100 1094 4163 demonstrari
1117 4108 1254 4180 pessunt.

489 4188 560 4249 Jam
583 4187 725 4266 deinceps
749 4188 972 4251 consideremus
996 4189 1088 4251 etiam
1112 4190 1371 4252 ecceutricitatem
1394 4190 1481 4270 hujus
1505 4191 1596 4253 orbis.
1644 4187 1762 4270 Coper·

402 4276 486 4339 oious
511 4276 585 4337 lacit
607 4294 773 4356 apogaeum
798 4277 879 4339 Solis
904 4279 967 4351 (vel
991 4279 1117 4350 Terrae)
1141 4286 1176 4339 ut
1203 4288 1236 4341 et
1262 4288 1429 4342 ceteromm
1456 4280 1589 4354 moveri,
1622 4298 1681 4341 000
1704 4288 1763 4359 000

401 4366 582 4438 deferentes,
608 4365 661 4425 sed
679 4384 739 4444 per
762 4366 939 4446 epicyclium
964 4366 1052 4445 paulo
1076 4365 1191 4428 tardius
1216 4367 1287 4429 orbe
1307 4386 1362 4430 suo
1385 4367 1425 4429 ad
1447 4367 1565 4431 initium
1587 4367 1717 4431 rediens.
1725 4372 1760 4440 ¹)

400 4454 457 4514 llic
480 4460 579 4515 metus
603 4453 729 4532 apogaei
758 4455 850 4515 etiam
879 4454 992 4533 aliquid
1025 4454 1116 4514 infert
1148 4455 1178 4515 iu
1206 4457 1336 4519 motibus
1365 4464 1532 4520 cetercmm
1560 4458 1760 4537 01000ιο0000.

399 4542 479 4603 Nam
493 4542 685 4603 Ptolemaeus
699 4550 865 4604 ceteromm
885 4541 1128 4604 ecceutricitates
1152 4553 1308 4624 computat
1327 4565 1346 4607 0
1364 4552 1467 4608 000100
1482 4547 1593 4609 Terrae
1606 4567 1614 4608 :
1629 4549 1659 4621 ΙΙ)
1682 4546 1762 4627 quod

400 4630 426 4690 01
457 4639 593 4692 centrum
625 4630 784 4692 ecceutrici
817 4631 946 4692 Telluris
979 4638 1011 4692 et
1042 4648 1209 4711 apogaeum
1240 4651 1294 4713 per
1325 4635 1575 4715 consequentiam
1607 4635 1761 4716 signorum

400 4718 597 4781 discesserint
619 4719 648 4780 iu
673 4720 764 4781 aliam
787 4727 906 4800 partem
928 4719 1062 4795 zodiaci,
1085 4720 1200 4783 relictis
1222 4731 1294 4801 post
1317 4743 1351 4797 se
1374 4722 1501 4786 aliorum
1524 4725 1669 4807 apogaeis
1693 4733 1761 4787 tar-
1847 4734 1858 4743 “

399 4807 550 4882 dieribus,
585 4806 705 4869 accidet
736 4809 837 4888 aliqua
866 4808 993 4870 mutatio
1021 4809 1278 4873 ecceutricitatum
1309 4813 1340 4874 iu
1369 4812 1502 4892 planetis
1525 4814 1645 4889 ceteris.
1689 4814 1759 4878 Hoc

397 4896 488 4960 valde
510 4915 627 4960 0000000
648 4897 805 4961 mirabitur
826 4897 994 4961 Ptolemaei
1018 4898 1217 4977 astronomia,
1249 4908 1341 4982 atque
1364 4900 1404 4964 nd
1427 4901 1641 4984 contingendus
1659 4920 1759 4967 novos
