3788 5828
743 408 937 476 oquxm

1 525 2 528 Ἴ
56 578 60 579 ’
152 572 306 635 eiciatur
328 571 484 647 a‘Terra,
512 590 590 653 qaae
614 571 780 635 mamae
812 574 913 636 seculo
941 579 974 634 et
1000 590 1078 653 qnae
1106 577 1209 633 nestro
1239 573 1376 647 fuerunt,
1407 576 1514 643 eodem

152 661 300 724 deducam
324 668 417 742 atque
439 676 478 723 ex
499 661 634 742 utrisque
658 662 785 724 eoadem
798 685 819 724 a
833 661 906 724 Sole
921 662 1177 725 eccenmicitatem
1193 662 1383 725 concludere.
1415 664 1512 744 Atqui

152 750 300 812 calcnlm
323 750 465 823 consule,
494 750 611 812 videbis
635 751 691 811 hoc
714 769 792 826 non,
822 760 855 815 nt
877 771 934 832 par
956 760 1039 825 erat,
1070 749 1144 812 heri.
1191 750 1408 831 Discrepautes
1432 755 1512 817 eninr

151 838 279 901 invicem
312 838 491 919 provenient
522 840 616 902 etiarn
648 837 766 918 ἀφηλιοι
798 841 1052 903 eccentricltates.
1100 839 1184 902 Idem
1212 840 1248 901 de
1277 840 1351 902 locis
1381 838 1513 921 dechor

152 928 264 990 dictum
288 937 370 997 esto,
395 928 466 1009 quia
488 928 563 990 haec
586 936 689 992 mutuo
714 937 953 993 conuexerant.
1000 930 1103 1009 Atque
1127 928 1182 990 hoe
1206 946 1294 991 naum
1318 938 1375 993 est.

239 1017 356 1079 Deinde
380 1015 470 1079 facile
494 1018 645 1097 colligitur
669 1037 706 1080 ex
729 1027 854 1099 aspectu
877 1020 1009 1091 tabulae,
1035 1036 1101 1079 cnm
1124 1018 1323 1097 inaequaliter
1345 1019 1512 1099 procedant

150 1114 184 1168 et
205 1104 317 1183 dupin
339 1115 371 1168 et
393 1104 525 1185 ἀπσγεια,
550 1126 691 1187 magnam
714 1108 783 1170 inde
806 1124 949 1171 successu
972 1109 1141 1170 seculomm
1164 1106 1343 1169 exstituram
1366 1106 1511 1187 inaurea

151 1214 244 1273 epum
274 1194 494 1258 diversitatem.
544 1196 643 1258 Hodie
674 1195 799 1261 Saturni
830 1206 862 1260 et
890 1195 1020 1260 Telluris
1052 1196 1173 1259 absides
1205 1214 1299 1277 prope
1332 1199 1510 1278 conjunctae
1573 1258 1578 1267 ,
1639 1152 1644 1159 ¹

151 1288 230 1358 suat,
255 1302 347 1365 qnare
370 1284 492 1363 integra
514 1285 644 1348 Telluris
667 1285 894 1349 eccentrlcitste
918 1286 1015 1348 minor
1037 1294 1087 1348 est
1110 1284 1235 1348 Saturni
1258 1305 1277 1347 a
1301 1297 1404 1349 centro
1428 1286 1520 1349 orbis

150 1373 325 1447 Terrestris,
351 1392 439 1454 qnam
463 1394 482 1435 a
505 1372 588 1447 Sole,
613 1376 770 1438 distantia.
816 1375 876 1439 Ubi
900 1376 1067 1456 quadrante
1090 1375 1267 1449 distiteriut,
1292 1375 1427 1455 aequalis
1452 1375 1511 1438 erit

150 1471 275 1542 atraque
299 1470 332 1524 et
358 1484 377 1524 a
399 1461 471 1525 Sole
500 1470 532 1525 et
558 1483 578 1524 a
602 1465 709 1538 Terra,
743 1474 860 1527 crescet
887 1483 994 1546 nempe
1019 1463 1184 1545 Oopemico
1213 1482 1270 1525 sna
1297 1464 1508 1527 ecceutricitaa

150 1550 295 1613 Saturnia
318 1570 412 1631 usqne
435 1553 505 1612 dum
528 1563 719 1631 opponentur
741 1553 872 1617 invice·
889 1553 1012 1616 Saturni
1035 1562 1073 1626 et¹
1086 1552 1215 1617 Telluris
1239 1553 1372 1615 absides.
1411 1550 1509 1623 Quem

150 1641 188 1702 ad
210 1647 352 1702 eventum
375 1640 435 1702 etsi
458 1641 584 1703 mundos
609 1661 665 1704 non
689 1642 829 1705 durabit:
860 1652 960 1705 tamea
990 1643 1016 1704 si
1042 1643 1180 1722 perlecta
1204 1650 1287 1703 esset
1310 1642 1506 1717 astronomia,

149 1730 225 1791 tales
250 1728 381 1791 debebat
408 1729 591 1810 hypotheses
619 1750 780 1809 usurpare,
815 1751 892 1812 qnae
921 1731 1007 1813 qnasi
1035 1739 1158 1793 aeterno
1186 1730 1295 1792 mundo
1324 1731 1506 1793 sufficerent

148 1817 242 1897 Atqui
264 1817 339 1879 nihil
363 1818 466 1880 horum
490 1827 593 1880 monet
614 1840 710 1900 aeque
734 1818 917 1900 Cupernicus
941 1840 1037 1901 neque
1060 1819 1280 1882 Rheiuholdns.
1323 1819 1392 1880 Non
1414 1819 1507 1898 igitur

147 1906 360 1988 perfectissimi
383 1915 454 1969 sunt
477 1926 578 1969 eornm
601 1909 729 1983 numeri,
760 1929 855 1991 neque
879 1910 1014 1990 integras
1037 1909 1226 1989 planetamm
1250 1907 1396 1986 sphaeras
1419 1903 1506 1970 nobis

146 1996 314 2076 explicant,
338 1996 447 2077 quibus
469 1995 538 2059 illos
561 2014 646 2059 seros
670 2006 769 2060 motus
792 1999 930 2061 accidere
952 2017 1043 2077 posse
1066 1997 1282 2078 intelligamus.

234 2084 320 2147 Haec
342 2092 375 2147 et
396 2085 566 2166 hujusmodi
593 2086 703 2149 similia
729 2105 797 2151 cnm
824 2107 871 2149 me
899 2088 1031 2150 nonnihil
1063 2087 1297 2156 conturbarent,
1329 2091 1421 2165 atque
1450 2103 1506 2164 ego

147 2175 300 2237 merem
327 2174 414 2254 inops
442 2175 572 2249 consilii,
607 2175 693 2256 qnasi
725 2177 776 2256 qui
809 2176 954 2256 disjectas
984 2177 1147 2239 autumatis
1178 2175 1293 2238 rotulas
1317 2174 1347 2235 in
1371 2173 1505 2235 ordinem

145 2263 284 2341 redigere
306 2264 418 2337 nescit,
449 2263 632 2326 Maestlioue
655 2285 703 2327 ure
725 2267 914 2341 consolatus,
943 2265 1002 2327 imo
1025 2266 1203 2329 dehortetur
1226 2271 1275 2325 est
1297 2262 1335 2324 ab
1359 2262 1405 2325 his
1430 2261 1504 2323 snb-

144 2352 329 2415 tilitatihus:
358 2353 426 2414 Non
445 2371 536 2432 posse
555 2368 620 2427 nos,
644 2353 757 2434 ajebat,
783 2374 886 2419 omnes
909 2364 1036 2417 naturae
1060 2356 1219 2417 thesauros
1243 2352 1421 2415 exhaurire:
1446 2369 1505 2412 non

144 2441 322 2504 merendum
347 2461 414 2503 esse
438 2442 549 2504 malum
572 2442 649 2503 hene
676 2444 850 2507 conditum:
875 2451 907 2506 et
929 2445 1117 2507 tolerandam
1141 2443 1241 2523 potius
1266 2448 1355 2520 atque
1379 2448 1509 2502 susten·¹

142 2530 267 2592 tundam
290 2529 488 2595 leramiuibns
512 2528 690 2612 qudrusdam
713 2532 791 2594 hanc
814 2533 907 2595 veluti
931 2541 1084 2613 mptnram
1103 2530 1223 2593 humani
1243 2529 1388 2608 corporis,
1414 2547 1504 2609 quum

142 2627 176 2681 ut
199 2627 263 2681 tam
286 2619 438 2700 exquisita
461 2628 602 2681 anatome
629 2619 807 2700 conjiciatur
833 2641 926 2702 aeger
954 2623 983 2684 iu
1011 2621 1291 2702 praesentissimum
1314 2619 1396 2680 vitae
1419 2618 1503 2697 peri-

142 2709 251 2771 culum.
288 2704 470 2771 Proierebat
491 2708 562 2771 mihi
585 2711 754 2789 exemplum
777 2711 908 2783 Rhetici‚
932 2730 1092 2790 curemque
1110 2709 1180 2788 ujus
1204 2709 1244 2770 ad
1266 2725 1394 2786 unguem
1417 2724 1503 2767 meae

142 2796 283 2860 similiter
311 2797 461 2860 curiosam
489 2806 520 2859 et
548 2797 755 2878 increpantem
784 2819 838 2879 pro
867 2819 900 2861 se
925 2797 1133 2879 (loperniennr.
1180 2797 1322 2876 Epistola
1345 2802 1395 2856 est
1415 2794 1503 2856 Rhe-

141 2886 195 2949 tici
217 2885 412 2965 Epherneridi
440 2887 511 2948 anni
538 2883 617 2950 1551
651 2888 799 2966 praefixa,
830 2908 906 2969 quae
935 2889 1091 2968 quianon
1118 2887 1233 2968 passim
1262 2893 1312 2945 est
1339 2881 1442 2956 obvia,
1471 2891 1505 2944 et

143 2984 242 3037 toturn
264 2976 320 3038 hoe
343 2984 435 3055 ceput
457 2976 561 3037 multis
585 2976 658 3039 locis
687 2975 808 3038 miritice
832 2978 940 3056 juvat,
972 2977 1136 3056 praecipua
1162 2975 1231 3036 inde
1259 2992 1314 3053 pro
1338 2971 1502 3051 colophone

143 3064 211 3127 hnic
234 3064 326 3143 capiti
351 3064 541 3143 subjungam.
580 3064 632 3127 Sic
650 3065 743 3144 igitar
756 3064 905 3128 Rheticns
924 3065 963 3128 ad
986 3066 1132 3129 lectorem
1150 3066 1229 3126 inter
1247 3071 1370 3123 cetera:
1401 3057 1503 3133 „Saus

142 3162 246 3215 autern
269 3152 485 3233 (Gopernicns)
508 3154 724 3232 exquisitiones
746 3156 924 3225 mediocres,
948 3174 1007 3217 oon
1030 3154 1137 3217 nimias
1162 3171 1230 3215 esse
1251 3151 1356 3213 voluit.
1394 3150 1501 3228 Itaque

142 3241 298 3315 consulto,
326 3260 384 3305 non
417 3243 527 3305 inertia
561 3250 614 3305 aut
640 3243 742 3306 taedio
770 3243 999 3324 defatigationis
1028 3263 1080 3309 eas
1108 3240 1357 3306 comminationes
1381 3236 1501 3311 vitavit,

141 3349 217 3413 quas
240 3331 371 3413 nonnulli
396 3332 486 3393 etiarn
511 3332 710 3407 affectarunt,
741 3343 771 3395 et
798 3343 868 3395 sunt
892 3336 941 3414 qni
970 3334 1113 3413 exigant,
1142 3331 1240 3413 qualis
1264 3337 1313 3391 est
1337 3325 1500 3389 Pnrbachii

141 3421 169 3483 in
190 3420 347 3500 eclipsinm
369 3420 482 3483 tabulis
502 3420 666 3486 subtilitas.
702 3422 818 3485 Videas
838 3431 940 3486 autem
964 3422 1109 3504 quosdam
1133 3421 1162 3483 in
1186 3420 1234 3481 his
1257 3436 1375 3478 omnem
1399 3434 1501 3477 curam

134 3528 260 3590 ponere,
286 3517 320 3571 nt
342 3512 430 3589 plene
454 3512 629 3592 scrupulose
652 3512 720 3574 loca
742 3512 874 3575 siderant
893 3521 1074 3587 scrutentur,
1099 3511 1149 3592 qui
1173 3510 1243 3571 dum
1265 3505 1445 3569 secundanis
1471 3513 1502 3565 et

140 3598 291 3672 tertianis,
316 3599 483 3678 qntrtanis,
508 3600 661 3679 quintanis
684 3601 816 3665 minutiis
840 3603 968 3676 inhiant,
991 3601 1126 3682 integras
1140 3597 1262 3661 interim
1281 3604 1385 3675 partes
1408 3612 1500 3673 prae·

19 3684 27 3693 '
141 3696 262 3749 terennt
291 3707 386 3768 neque
412 3688 593 3767 respiciunt;
627 3690 711 3751 etin
735 3691 894 3752 momentis
917 3713 977 3753 aar
999 3710 1183 3767 carroperae
1205 3705 1297 3767 saepe
1320 3684 1417 3757 horis,
1441 3702 1500 3743 non

140 3777 233 3837 etiam
256 3794 406 3857 nunqnam
429 3777 533 3839 diebus
561 3779 636 3839 totis
665 3779 817 3840 aberrant.
864 3780 930 3840 Hoc
958 3779 1096 3841 nimirum
1124 3786 1190 3846 est,
1224 3775 1302 3856 quod
1331 3774 1361 3835 in
1390 3770 1501 3834 fabulis

139 3862 300 3946 Aesopicis
324 3866 357 3928 lit
380 3866 417 3927 ah
442 3885 487 3940 eo,
513 3867 562 3946 qul
585 3870 685 3949 jussus
708 3867 815 3929 hovem
839 3868 982 3929 amissum
1005 3868 1162 3939 reducere,
1189 3866 1258 3926 dnm
1282 3863 1407 3924 aviculis
1431 3860 1500 3940 qui-

139 3952 266 4017 busdam
290 3954 449 4035 captandis
473 3956 593 4031 studet,
628 3975 723 4037 neque
751 3956 798 4019 his
828 3956 944 4036 potitur
976 3964 1008 4018 et
1040 3956 1116 4017 hove
1148 3956 1240 4016 etiam
1263 3954 1329 4032 ipso
1353 3951 1499 4030 privatur,

139 4042 295 4107 Recordor
318 4063 385 4106 cnm
409 4045 529 4126 etipse
548 4045 675 4123 juvenili
700 4046 877 4108 curiositate
901 4044 1088 4125 impellebar,
1113 4053 1144 4106 et
1168 4041 1255 4123 qnasi
1278 4042 1308 4103 in
1332 4036 1502 4120 penetralia

139 4132 271 4196 sidemm
297 4133 454 4214 pervenire
483 4134 651 4214 cupiebam.
697 4135 804 4216 Itaque
837 4134 873 4197 de
905 4134 963 4197 hac
996 4133 1194 4213 exquisitione
1225 4130 1375 4192 interdurn
1408 4127 1501 4190 etism

97 4280 103 4285 .
138 4220 262 4285 rinhar
285 4242 354 4285 curu
376 4224 488 4304 optimo
511 4231 545 4285 et
567 4224 776 4287 maximovim
793 4222 970 4304 Copemica.
1007 4222 1069 4286 Sed
1093 4223 1155 4293 ille,
1178 4240 1245 4283 curn
1269 4219 1386 4300 quidem
1411 4215 1502 4277 animi

141 4312 200 4374 mei
223 4312 351 4375 honesta
374 4312 540 4393 cupiditate
564 4313 783 4385 delectaretur,
814 4314 898 4376 urolli
925 4312 1048 4375 brachio
1072 4312 1232 4392 objurgare
1256 4327 1303 4369 rue
1332 4314 1364 4368 et
1385 4305 1500 4368 hortari

140 4400 273 4477 solebat,
305 4411 338 4464 nt
361 4420 483 4463 manum
506 4402 598 4463 etiam
622 4402 659 4464 de
682 4404 789 4465 tabula
816 4403 924 4464 tollere
949 4402 1113 4463 discerem:
1151 4399 1237 4480 Ego,
1266 4396 1383 4477 inquit,
1412 4395 1439 4456 si
1463 4395 1501 4456 ad

140 4497 308 4559 sextantes,
332 4506 410 4571 quae
434 4500 505 4553 suut
527 4491 668 4569 scrupula
691 4492 805 4565 decem,
829 4493 991 4553 ueritatem
1010 4491 1158 4552 adducere
1180 4495 1297 4570 potero,
1322 4504 1379 4547 non
1404 4481 1501 4546 miuus

141 4579 283 4641 exultabo
308 4580 425 4655 animis,
450 4599 538 4661 qnam
562 4580 679 4642 ratione
703 4600 826 4642 normae
850 4590 972 4661 reperta
989 4580 1195 4660 Pythagoram
1220 4575 1400 4655 accepimns.
1439 4571 1501 4633 Mi-

140 4677 227 4732 rante
260 4688 308 4731 me
337 4676 369 4729 et
397 4669 591 4731 annitendum
621 4688 689 4730 esse
718 4669 755 4730 ad
780 4669 912 4732 certiora
935 4670 1073 4743 dicente,
1106 4666 1164 4728 hac
1187 4663 1306 4745 quidem
1330 4681 1396 4724 cnm
1420 4661 1501 4723 difli-

140 4758 254 4819 cultate
278 4760 370 4820 etiam
395 4766 572 4837 perventum
596 4759 631 4820 iri
656 4758 894 4831 demonstrabat,
919 4777 985 4821 cum
1010 4756 1087 4832 aliis,
1113 4763 1176 4817 turn
1192 4754 1287 4817 tribus
1311 4750 1517 4832 potissimum

141 4847 313 4909 decausis.
344 4846 467 4909 Harum
490 4847 619 4928 primam
643 4867 711 4908 esse
736 4846 848 4926 ajebat,
874 4849 952 4928 quod
972 4846 1234 4917 animadverteret,
1260 4840 1419 4922 plerasque
1444 4838 1500 4900 ob-

141 4935 331 4998 seruationes
346 4943 483 4999 veterum
502 4936 638 5001 sinceras
658 4954 716 4997 non
732 4955 810 5010 esse,
836 4938 889 4999 sed
912 4936 1157 4999 accommodatas
1182 4934 1219 4995 ad
1246 4948 1313 4993 earn
1336 4927 1501 4989 doctrinam
