3838 5824
579 602 702 656 Plonusn
818 574 1149 693 IdaeaiLuteroiAopui.
1184 601 1280 655 Orbem
1294 605 1464 672 inscriptum.

384 702 465 713 -c—
716 700 1306 714 -un-—n—-u--u--u-u

195 722 287 776 Cubns
430 776 452 801 ὃ
500 726 724 796 quadrangulum
860 725 878 778 6
960 726 994 780 12
1038 722 1041 795 i
1093 726 1111 781 8
1182 726 1352 781 mediocrem.
1420 758 1424 763 ·
1459 706 1478 715 ⁸

196 803 353 857 Octaddron
426 806 452 872 ,Β
501 805 671 876 triangulum
861 806 878 858 8
961 806 994 860 12
1024 798 1041 891 ‘¹
1093 804 1111 859 6
1166 807 1478 895 -cuboaequalemss-

418 878 471 892 -
481 880 719 891 ια’-...ω’
728 880 799 891 ι--η
849 884 863 889 ψ.

194 902 393 955 Dodecutdron
426 898 454 995 ἐ
501 903 739 973 quinquangulum
814 882 877 958 *12
907 881 994 958 ‘s‘3‘o
1037 880 1149 1001 sff-
1182 905 1337 959 maximum.

196 981 359 1035 Icosaddron
409 974 470 1090 i-
502 982 672 1052 triangulum
840 984 877 1038 20
957 984 995 1038 30
1038 1014 1040 1025 =
1078 982 1111 1036 12
1183 987 1275 1038 dedeo.
1291 986 1445 1056 aequalem.

815 1057 1026 1071 -ι--ι--ι-
1045 1058 1327 1071 ...u—mo...-
1348 1061 1479 1070 -o--a

195 1081 366 1133 Tetrae'dron
409 1098 415 1143 l
502 1079 674 1165 triangulum
860 1081 878 1134 4
976 1084 993 1136 6
1036 1084 1111 1166 [4
1175 1082 1331 1167 utillimum.

225 1208 421 1274 (suonam
438 1225 453 1261 e
471 1217 498 1262 e
514 1211 532 1260 a
550 1210 790 1275 erumnam
810 1212 952 1261 aessens
965 1211 1028 1261 eru
1040 1208 1174 1261 ummo
1193 1211 1341 1276 aureusque
1360 1214 1446 1262 mre·
1463 1213 1513 1262 ru.

154 1282 314 1349 Quibus
332 1276 425 1347 [ουρ
441 1297 467 1345 p.
481 1276 527 1346 22]
546 1282 778 1333 insuescerent
797 1279 885 1341 1696,
910 1283 1084 1347 subjunxitque
1106 1284 1132 1331 in
1157 1283 1198 1332 ed.
1222 1285 1371 1346 posteriore:
1401 1282 1457 1335 Hoc
1480 1292 1520 1334 ost

121 1428 126 1439 ι
155 1353 285 1407 dmum
300 1354 358 1405 libri
374 1357 423 1407 urei
441 1352 467 1405 11
485 1353 573 1404 Ham
593 1354 624 1404 de
642 1356 805 1419 congruentia
822 1354 952 1418 planorum
969 1355 996 1403 in
1012 1350 1113 1414 solido.)

234 1476 266 1549 c)
280 1481 343 1536 Non
357 1480 421 1534 illos
435 1481 548 1544 solidos,
567 1482 641 1535 male
655 1481 700 1535 hic
714 1498 775 1535 sum
788 1481 947 1535 intellectus
963 1496 981 1534 a
995 1480 1125 1552 hebone
1139 1480 1251 1534 Bruheo
1266 1475 1334 1547 (rid.
1350 1498 1394 1550 ep.
1409 1481 1516 1552 Tycbo·
1587 1502 1607 1518 .
1627 1464 1641 1505 7

155 1562 198 1616 uis
211 1562 241 1615 iu
254 1561 393 1631 prooemio
407 1579 435 1631 p.
451 1558 516 1627 44),
531 1563 579 1615 sod
594 1561 696 1631 spatia,
711 1577 836 1631 prorsum
850 1561 959 1632 quidem
972 1559 1126 1623 circularia.
1146 1568 1180 1615 ut
1197 1560 1384 1614 revolutiones
1399 1561 1518 1615 siderum

155 1643 184 1696 iu
206 1660 237 1696 se
251 1641 327 1712 ipsas
340 1641 431 1696 redire
454 1647 485 1695 et
504 1648 658 1712 perpetuae
672 1658 734 1695 esse
757 1651 885 1711 possent3
909 1656 1005 1695 versus
1027 1638 1106 1710 polos
1130 1640 1224 1694 itidem
1246 1640 1402 1704 circularia.
1426 1640 1453 1695 id
1472 1648 1518 1695 est

155 1722 313 1793 superficies
337 1721 497 1793 sphaericus
521 1730 636 1792 propter
657 1728 747 1775 motus
761 1721 952 1783 latitudinum
977 1738 1031 1774 non
1046 1723 1117 1791 quod
1140 1720 1212 1791 pulis
1232 1736 1301 1789 opus
1316 1719 1474 1784 habuerint,
1498 1737 1518 1775 a

156 1804 264 1874 quibus,
289 1811 320 1857 ut
342 1803 464 1872 sphaera
484 1801 647 1864 materialis,
673 1801 864 1873 affigerentur.

236 1878 261 1951 f)
284 1882 408 1954 Corpora
431 1882 558 1952 intellige
572 1881 744 1953 geometrica
763 1881 910 1953 regularia
923 1881 1013 1935 solida
1026 1880 1158 1950 quinque;
1182 1881 1253 1935 haec
1273 1885 1306 1933 ut
1323 1880 1515 1950 archetypum,

155 1964 236 2017 orbes
259 1980 326 2016 uero
351 1969 382 2016 ut
404 1979 474 2032 opus
496 1963 703 2016 exstruendum.
1441 1970 1448 1975 ·

234 2040 267 2115 g)
290 2042 361 2096 Vide
385 2042 433 2096 lib.
449 2042 470 2096 1.
495 2041 626 2096 Hermon.
649 2041 676 2093 in
697 2056 819 2110 prooem.
842 2046 872 2092 et
894 2037 942 2090 lib.
959 2038 994 2096 11.
1017 2055 1096 2108 prop.
1117 2038 1167 2113 25.
1191 2045 1220 2092 et
1241 2038 1288 2093 lib.
1305 2039 1339 2094 V.
1354 2055 1417 2109 cap.
1438 2041 1461 2093 l.
1486 2049 1516 2094 et

155 2121 475 2195 mmmmm

235 2198 269 2271 b)
291 2203 365 2255 Vere
380 2202 487 2272 quidem
503 2206 553 2254 aut
567 2198 740 2269 sphaericum
754 2197 837 2252 etiam
853 2196 926 2251 inter
939 2196 1028 2251 solide
1041 2199 1214 2262 censendum,
1235 2200 1306 2268 quod
1320 2198 1434 2271 globum
1449 2198 1514 2252 dici·

155 2299 227 2346 mus;
251 2290 302 2337 aut
322 2282 393 2336 haec
413 2297 530 2351 corpora
553 2278 642 2332 solida
663 2279 714 2332 dici
738 2296 794 2332 non
807 2281 962 2339 merentum
991 2295 1042 2331 nec
1064 2286 1145 2331 erant
1165 2277 1347 2342 aeoliditate‚
1371 2278 1424 2332 hoc
1438 2285 1515 2333 esta

155 2363 325 2436 perfectione
347 2362 428 2416 trium
450 2359 646 2427 dimensionum
667 2365 834 2430 argumenta
853 2358 984 2419 texenda,
1008 2374 1059 2427 pro
1074 2357 1181 2411 orbium
1203 2358 1386 2412 exornatione
1405 2375 1457 2429 per
1470 2374 1513 2413 ea

155 2445 226 2499 Nam
249 2451 280 2497 et
305 2442 357 2514 ipsi
378 2443 459 2495 orbes
485 2439 547 2507 (seu
569 2435 678 2508 spatia)
702 2438 764 2492 cari
778 2443 851 2500 sunt,
875 2443 905 2491 et
927 2436 1035 2508 dgurae
1058 2437 1112 2491 hae
1133 2438 1169 2492 ob
1182 2437 1210 2492 id
1228 2438 1336 2492 nobiles
1350 2445 1424 2502 sunt,
1450 2438 1516 2508 quia

156 2523 294 2595 sphaerici
312 2522 510 2593 perfectionem
532 2518 685 2572 omnimoda
698 2516 873 2571 conclusione
887 2516 979 2588 spatii,
1004 2517 1075 2587 quod
1094 2518 1243 2588 amplexae
1258 2524 1332 2581 sunt,
1356 2533 1438 2589 quum
1451 2533 1515 2586 pro·

156 2604 230 2659 xime
244 2602 429 2657 aemulantur.
471 2597 601 2654 soliditas
615 2613 681 2652 vero
696 2597 796 2653 tamin
810 2596 904 2667 globo,
927 2612 1008 2667 qnam
1030 2596 1058 2650 in
1071 2595 1117 2651 his
1133 2596 1241 2669 ligurit,
1263 2604 1308 2652 est
1321 2596 1446 2668 genuina
1459 2613 1516 2652 ma·

155 2684 244 2740 teriae
266 2682 330 2737 idea
352 2688 385 2736 ut
404 2679 564 2751 superficies
586 2677 701 2734 formae.

742 2854 927 2865 ----..-

731 3002 850 3101 Caput
863 2934 944 3080 'HL

289 3166 386 3246 Quod
407 3166 486 3230 boec
508 3165 644 3248 psinqroe
667 3180 803 3244 corporo
824 3162 860 3224 in
882 3159 963 3223 duos
985 3159 1114 3223 ordines
1135 3159 1393 3243 diedrgrmuum

552 3260 583 3316 et
604 3252 688 3334 quod
711 3251 817 3313 Tmo
837 3256 922 3313 recte
943 3247 1049 3314 locuto
1069 3249 1119 3314 rit.

243 3397 339 3460 Porro
363 3404 464 3459 autem
493 3396 649 3459 lbrtnitum
677 3393 733 3455 hoc
765 3391 861 3454 videri
891 3401 998 3473 posset
1029 3399 1119 3472 atque
1147 3391 1272 3454 annila
1293 3391 1390 3452 fluens
1413 3407 1516 3465 causa,

156 3487 236 3570 quod
258 3506 314 3549 sex
336 3485 426 3548 orbes
445 3482 605 3567 Copemici
628 3482 776 3562 recipiant
798 3482 881 3543 intra
903 3501 975 3544 suas
998 3480 1083 3543 unius
1108 3479 1147 3543 ab
1170 3480 1230 3543 alio
1255 3477 1418 3541 distantias
1440 3477 1517 3540 haec

157 3577 285 3658 quinque
308 3592 455 3656 corpora,
482 3573 542 3636 nisi
563 3574 590 3636 is
613 3573 678 3652 ipse
703 3571 776 3633 ordo
800 3578 883 3633 esset
905 3570 985 3635 inter
1006 3570 1079 3645 illa,
1109 3589 1167 3651 qno
1191 3569 1294 3633 ordine
1318 3585 1374 3647 ego
1397 3566 1518 3646 singula

156 3664 346 3729 interlocaui.
391 3664 473 3729 Nam
495 3663 523 3725 si
546 3661 696 3726 Saturnus
718 3657 789 3721 Jovi
810 3666 875 3723 tam
897 3658 1082 3739 propinquus
1109 3666 1201 3733 esset,
1226 3677 1317 3739 quam
1340 3664 1390 3718 est
1412 3656 1517 3718 Venus

157 3753 285 3827 Teucri,
312 3752 444 3815 vicissim
467 3751 495 3814 si
518 3752 575 3813 hae
599 3752 676 3813 dnae
700 3748 738 3810 ab
762 3747 890 3809 invicem
914 3755 1000 3809 tanto
1021 3747 1184 3809 interuallo
1208 3746 1464 3826 distinguerentur
1485 3744 1517 3807 in

156 3842 335 3923 (deperdito,
358 3850 471 3921 quanto
489 3840 713 3920 distinguuntur
724 3836 846 3915 Jupiter
860 3842 894 3897 et
905 3836 1006 3898 Mars:
1032 3836 1091 3899 alio
1115 3836 1219 3897 ordine
1242 3836 1385 3897 utendum
1409 3833 1517 3894 fuisset

155 3933 186 3995 in
208 3931 377 3993 inserendis
401 3930 585 4009 corporibus.
631 3929 725 3990 Forat
747 3924 825 3986 enim
848 3924 928 3985 inter
956 3923 1032 3986 duos
1063 3924 1177 4003 primos
1206 3923 1295 3986 orbes
1323 3921 1420 4002 primo
1449 3921 1516 3983 loco

156 4019 365 4084 dodeoaedron
395 4018 444 4080 vel
472 4018 666 4091 ieosaedron‚
698 4021 805 4096 quarto
836 4031 907 4074 vero
936 4012 1002 4073 loon
1028 4012 1214 4074 tetraedron.
1259 4009 1320 4082 Qui
1347 4010 1420 4072 ordo
1451 4029 1518 4073 eum

155 4127 214 4172 non
237 4108 338 4189 possit
361 4106 479 4169 admitti
502 4105 670 4169 rationibus
693 4100 930 4176 mathematicis,
963 4100 1052 4162 facile
1077 4101 1155 4162 iuret
1178 4100 1356 4163 futilitatem
1379 4097 1519 4178 concepti

154 4197 352 4261 theoremtis
374 4196 560 4277 patefacere.
593 4195 681 4257 Nune
705 4199 806 4253 autem
819 4191 975 4253 uideamus
996 4208 1060 4263 nos,
1086 4189 1229 4269 eequibus
1252 4187 1421 4251 rationibus
1443 4206 1516 4267 pro-

155 4287 257 4361 betur,
289 4285 429 4349 debuisse
452 4284 509 4347 hoo
531 4284 599 4369 ipso
623 4281 726 4345 ordine
750 4278 868 4359 disponi
892 4298 1019 4358 corpora
1041 4279 1121 4341 inter
1143 4277 1242 4341 orbes.
1289 4275 1379 4340 Initio
1403 4277 1516 4339 distin·

154 4383 287 4456 guuutur
308 4375 386 4439 haec
409 4391 536 4455 corporo
559 4373 588 4435 in
613 4372 673 4433 tria
694 4368 847 4449 primaria,
872 4367 988 4440 cubum,
1011 4367 1207 4440 tenatorum,
1231 4364 1461 4440 dodeceedmm
1485 4375 1517 4427 et

155 4465 214 4529 duo
244 4462 444 4536 secundaria,
476 4460 651 4527 octaedrun
682 4468 714 4521 et
746 4457 945 4519 boemorum.
996 4455 1144 4536 Quodque
1174 4454 1364 4517 verissimum
1390 4453 1447 4516 boc
1475 4454 1517 4516 sit

155 4553 331 4626 hammon.
355 4558 429 4615 nota
451 4550 606 4630 utriusque
629 4546 750 4627 generis
772 4544 984 4626 proprietates.
1034 4543 1069 4618 i)
1097 4543 1245 4606 Primaria
1266 4543 1358 4623 plano
1381 4542 1461 4604 inter
1483 4561 1517 4604 se

156 4642 316 4710 differunt,
347 4638 541 4705 secundaria·
554 4644 678 4700 utuntur
693 4634 810 4717 ,eodem
833 4634 1013 4714 triangulari
1020 4652 1029 4708 ;
1064 4629 1101 4707 2)
1130 4631 1338 4713 primariorum
1362 4631 1518 4712 quodlibet

155 4730 305 4811 pmprinm
329 4727 423 4790 habet
443 4726 587 4807 plenum:
612 4725 705 4788 cubus
724 4723 913 4805 quadratum.
936 4719 1069 4804 pyramis
1091 4719 1284 4799 triangulum,
1307 4718 1517 4782 dodeccedron

156 4816 430 4901 quinquangulum:
455 4815 634 4877 secundaria
646 4813 768 4893 planum
782 4811 964 4890 triangulum
979 4832 999 4874 a
1011 4808 1165 4892 pyramide
1180 4815 1363 4873 mutuantur.
1393 4804 1430 4881 3)
1444 4805 1516 4868 Pri·

154 4908 251 4975 naris
273 4904 380 4973 omnia
400 4902 529 4988 simplici
549 4910 675 4968 utuntur
693 4899 814 4983 angulo,
836 4914 944 4982 nempe
967 4899 1063 4965 uibus
1085 4898 1185 4982 planis
1209 4896 1438 4979 comprehenso:
1463 4914 1516 4960 se-
