3814 5818
742 338 946 397 mum

163 496 234 576 qaia
256 495 286 556 in
310 513 398 557 suam
420 514 495 574 epus
518 515 571 559 eoa
595 498 783 561 umeferret
829 499 937 577 Itaque
965 499 1003 558 de
1020 516 1122 563 eurora
1147 498 1426 567 matrissuae
1449 523 1526 568 cen·

163 596 242 646 num
270 583 344 647 fecit
371 584 490 646 orbium
519 585 649 649 Veneris
676 596 707 646 et
734 585 889 651 Mercurii.
942 584 1007 649 Sed
1034 587 1145 661 Ursus,
1178 588 1229 667 qui
1257 588 1351 656 Mart.
1378 589 1524 672 Capellae

162 672 315 751 dogmatis
337 672 479 735 notitiam
503 674 552 735 noi
576 672 742 754 Copernicc
766 682 925 753 acceptam
948 675 1021 749 fert,
1056 683 1226 739 ceterorum
1249 678 1432 742 mentionem
1454 684 1524 745 nul-

163 762 223 823 lam
246 761 331 829 facit,
354 760 539 824 Mattianum
553 762 681 841 primum
699 771 854 827 auctorem
869 763 1062 827 existimans:
1085 782 1197 843 magno
1211 764 1398 829 incommodo
1413 788 1524 835 causae

162 870 246 912 anae.
293 847 447 920 Quantum
474 850 554 915 enim
583 850 708 913 fecisset
730 852 769 913 ad
793 852 941 932 speciem,
965 870 1054 931 quam
1077 851 1106 912 in
1131 854 1303 917 auctoribus
1335 864 1367 917 et
1389 858 1523 938 antiqui-

164 948 227 1001 tate
249 938 352 1001 studio
375 939 538 1018 quaesivit,
559 938 586 1001 si
608 940 761 1005 Martiano
784 939 982 1012 Macrobium,
1004 940 1031 1002 si
1046 940 1203 1003 Macrobio
1218 938 1357 1018 Plinium,
1380 946 1406 1007 ei
1425 946 1522 1010 Plinio

161 1027 333 1090 Vitruvium
362 1029 597 1109 anteposuisset
642 1029 722 1092 Nam
749 1038 782 1091 et
808 1030 857 1095 bic
889 1028 919 1089 in
949 1029 1159 1091 astronomicis
1185 1030 1287 1093 Plinio
1316 1032 1348 1094 iu
1376 1038 1523 1113 praedam

110 1148 116 1157 ‚
161 1117 265 1191 oessit,
288 1124 323 1179 ut
336 1115 451 1179 Plinius
466 1117 630 1183 Martiano.
677 1117 758 1189 Quin
771 1118 832 1183 imo
847 1137 884 1179 oe
901 1117 1058 1180 Vitruvius
1079 1118 1197 1198 quidem
1221 1128 1328 1182 auctor
1350 1131 1400 1184 eet
1417 1135 1521 1187 astro-

161 1205 341 1267 nomicarum
366 1204 557 1283 dogmatum,
587 1224 664 1286 quae
687 1213 826 1271 recenset
853 1206 996 1287 inopere
1024 1226 1088 1271 suo.
1136 1204 1216 1277 Quid
1245 1208 1325 1273 euim
1354 1212 1521 1277 architecto

160 1313 226 1357 eum
249 1294 454 1357 abancune?
498 1295 567 1357 Nou
591 1295 657 1374 agit
680 1303 884 1359 astronomum
906 1313 945 1356 ex
962 1295 1099 1375 professo
1114 1294 1284 1371 Vitruvius,
1307 1299 1362 1361 sed
1377 1300 1418 1363 ad
1431 1320 1516 1364 com-

160 1381 382 1445 mendationem
409 1392 441 1444 et
465 1382 686 1462 jucunditatem
713 1384 813 1462 operis
841 1383 1000 1445 occaeicm
1023 1391 1149 1463 captata
1176 1402 1243 1446 aum
1273 1385 1336 1448 alia
1358 1406 1429 1450 rara
1456 1400 1521 1452 tum

160 1470 363 1533 astronomica
385 1471 505 1533 aliunde
528 1471 626 1549 petita
649 1472 855 1552 interspergit.
900 1472 1073 1535 Macrobius
1090 1490 1161 1535 vero
1185 1480 1217 1535 et
1239 1481 1328 1537 vetus
1349 1477 1389 1537 ad
1402 1477 1521 1543 Bedam

160 1559 390 1623 commentarius
414 1559 491 1621 hanc
514 1560 683 1639 opinionem
705 1560 765 1640 ipsi
781 1560 902 1625 Platoni
925 1561 1041 1636 tribuit,
1067 1571 1218 1640 utcunque
1235 1580 1304 1625 eam
1326 1583 1519 1630 successores

159 1649 223 1728 eJ'us
244 1647 396 1709 Platonici
419 1649 668 1727 quemadmodum
699 1649 763 1711 alia
785 1650 885 1711 multa
912 1649 1110 1729 corruperint.
1155 1649 1221 1712 lm0
1244 1651 1324 1713 idem
1346 1652 1522 1719 Macrobius

160 1737 285 1798 eandem
307 1736 502 1798 traditionem
525 1737 565 1798 ad
587 1736 670 1816 ipsos
693 1737 865 1818 Aegyptios
889 1738 993 1810 refert,
1017 1746 1050 1798 ut
1071 1737 1116 1800 ita
1138 1756 1215 1817 pene
1238 1758 1305 1803 cum
1327 1740 1395 1819 ipsa
1417 1751 1520 1806 astro-

158 1825 258 1887 nomia
287 1832 362 1886 nata
389 1824 490 1886 fuerit.
537 1826 624 1886 Hane
652 1825 756 1906 itaque
783 1826 929 1906 praedam
951 1826 1087 1890 Umuee
1116 1826 1193 1889 ricto
1221 1827 1338 1904 amisit,
1371 1831 1441 1897 dum
1468 1833 1521 1895 vix

157 1920 319 1993 conspecto
341 1914 433 1976 Mart
459 1911 604 1992 Capellae
635 1914 753 1976 nomine
780 1916 810 1976 in
835 1912 1012 1995 Copemico,
1045 1914 1075 1976 in
1098 1914 1155 1981 hoc
1178 1934 1269 1977 unum
1301 1916 1436 1982 intentus
1459 1930 1519 1996 est,

157 2022 193 2066 ne
216 2002 335 2082 quidem
350 1999 511 2081 Cupernici
532 2002 747 2065 indicationem
770 2004 954 2082 expendens.
1001 2001 1184 2073 Quaesisset
1201 2004 1281 2067 enim
1303 2006 1422 2083 saltem,
1447 2010 1517 2088 qui-

156 2110 226 2153 nam
249 2099 353 2152 essent
374 2090 420 2153 illi
443 2090 496 2153 alii
517 2091 705 2165 Latinorum,
726 2110 800 2172 quos
825 2092 905 2154 idem
929 2111 996 2153 cum
1009 2090 1163 2153 Martiano
1189 2094 1426 2176 ,percalluiess“
1453 2092 1516 2159 Co-

155 2180 293 2259 pernicus
317 2179 463 2252 affirmat;
487 2180 658 2258 quaesisset
673 2180 829 2258 cujusnam
855 2199 871 2241 e
887 2180 1007 2242 Latinis
1027 2180 1199 2242 auctoribus
1215 2190 1320 2243 essent
1336 2184 1390 2246 illa
1406 2185 1517 2248 verba:

158 2286 341 2341 „conversas
365 2267 509 2329 absidas“
535 2287 612 2348 quae
636 2266 821 2347 Copemicus
846 2288 863 2329 e
889 2268 986 2330 Plinio
1010 2269 1231 2348 transscripsit.

245 2355 353 2418 Placet
373 2374 444 2417 vero
468 2355 505 2417 de
530 2357 587 2418 bac
609 2357 690 2419 circa
705 2358 855 2419 Venerem
879 2365 912 2418 et
925 2358 1105 2419 Mercurimn
1119 2357 1281 2438 hypothesi
1303 2356 1397 2420 verba
1411 2368 1516 2423 mans·

155 2443 297 2518 scribere,
321 2453 356 2505 ut
378 2464 454 2524 quae
473 2445 540 2524 jam
563 2446 625 2507 dixi
650 2446 815 2507 luculenter
837 2454 1016 2526 appareant.
1064 2444 1211 2525 Capellae
1227 2438 1327 2509 verba'
1343 2447 1427 2509 clara
1445 2458 1517 2512 suot

156 2550 196 2595 ex
216 2533 269 2595 lib.
293 2533 397 2596 Vlll.:
429 2534 522 2608 „Tria
544 2535 616 2596 item
639 2553 677 2596 err
700 2534 746 2595 bis
769 2554 836 2597 cnm
860 2533 931 2597 Sole
955 2535 1101 2614 Lunaque
1124 2535 1226 2596 orbern
1250 2536 1361 2598 Terrae
1385 2535 1515 2599 cucum-

155 2629 236 2697 eant,
262 2622 286 2695 9
310 2640 382 2683 vero
400 2629 433 2683 et
456 2626 477 2699 q
500 2641 557 2683 oon
581 2623 716 2685 ambiunt
739 2624 893 2685 Terram.“
940 2622 982 2684 Et
995 2622 1100 2701 paucis
1123 2622 1310 2702 interjectis:
1337 2642 1426 2699 „uam
1443 2624 1517 2689 licet

155 2719 239 2773 unias
262 2728 445 2790 oremusque
468 2711 659 2789 quotidianos
682 2712 859 2785 ostendant,
883 2719 985 2772 umen
1009 2729 1112 2772 eorum
1134 2709 1237 2772 circuli
1261 2712 1371 2774 Terras
1394 2713 1514 2776 omnino

154 2819 212 2861 non
235 2799 384 2874 ambiunt,
416 2799 472 2861 sed
493 2801 576 2862 circa
597 2800 703 2862 Solem
731 2800 845 2861 laxiore
870 2798 986 2861 ambitu
1015 2799 1207 2861 circulantur.
1253 2799 1391 2880 Denique
1414 2800 1514 2864 circu

155 2889 250 2951 loram
277 2906 399 2951 ssorum
426 2897 550 2951 centron
578 2888 608 2951 io
631 2886 703 2949 Sole
732 2888 935 2961 constituunt,
968 2887 1014 2949 ita
1045 2893 1195 2966 utsupra
1217 2887 1314 2967 ipsum
1342 2888 1516 2968 aliquando,

154 2977 233 3039 infra
254 2977 427 3057 plerumque
454 2977 683 3057 propinquiores
707 2976 807 3038 Terris
836 2976 1001 3038 ferantur.“
1050 2975 1135 3036 Infra
1156 2993 1242 3049 vero,
1275 2994 1342 3039 eum
1368 2976 1453 3055 prius
1476 2977 1514 3039 de

155 3066 242 3129 Luna
263 3074 296 3128 et
317 3063 390 3129 Sele
413 3066 582 3145 mutuisque
609 3065 640 3126 in
664 3083 732 3127 sese
755 3076 788 3127 et
811 3065 840 3127 in
864 3065 960 3127 Terra
981 3063 1140 3126 affectibus
1170 3063 1299 3143 egisset,
1324 3060 1436 3127 ordinis
1460 3085 1513 3127 ra,

153 3154 236 3218 tiene
258 3154 299 3216 ad
322 3172 375 3216 eos
397 3154 549 3233 pervenit,
583 3155 654 3234 ,qui
676 3154 758 3217 circa
780 3151 883 3217 Solem
913 3151 1124 3233 peragratione
1148 3153 1300 3215 mundana
1321 3150 1512 3231 volvuntur,“

156 3242 238 3318 Cet
251 3247 288 3321 ζξ,
314 3262 437 3324 quorum
462 3243 609 3317 ,circulos
624 3243 775 3324 epinyclos
790 3261 869 3319 esse,
893 3241 1107 3323 superioribus,
1132 3241 1185 3312 ait,
1208 3243 1423 3317 memorasse,“
1449 3243 1468 3303 i.
1485 3262 1513 3307 e.

157 3351 235 3407 „uon
260 3334 339 3395 intra
363 3331 508 3413 ambitum
530 3333 681 3411 proprium
704 3331 918 3397 rotunditatem
938 3331 1068 3393 Telluris
1091 3330 1254 3404 includere,
1278 3332 1330 3395 sed
1355 3331 1393 3393 de
1416 3330 1514 3394 latere

155 3422 267 3484 Terrae
299 3421 516 3501 quedammodo
550 3420 763 3483 circumduci.“
814 3422 849 3482 ln
886 3439 944 3502 quo
977 3419 1111 3502 epicyelo
1144 3420 1293 3501 pomona
1324 3429 1511 3497 moveantur,

155 3509 234 3573 infra
264 3510 294 3571 in
318 3510 438 3573 Venere
467 3509 604 3571 declarat
626 3509 672 3570 bis
696 3509 812 3571 verbis:
846 3509 898 3585 „in
922 3528 977 3571 suo
1004 3509 1107 3590 posita
1129 3508 1241 3571 circulo
1264 3528 1332 3572 eum
1354 3509 1440 3571 varia
1462 3510 1513 3572 di·

154 3599 301 3663 versitate
324 3598 503 3673 circumdat,
536 3597 607 3678 quia
628 3597 791 3677 aliquando
818 3616 884 3659 eum
907 3595 1101 3672 transcurrit,
1135 3599 1297 3678 aliquando
1320 3599 1514 3679 subsequitur

154 3706 210 3749 nec
233 3686 468 3767 comprehendit,
493 3686 654 3766 aliquando
678 3686 874 3766 superfertur,
898 3702 1107 3766 nonuunquam
1123 3687 1296 3767 subjacet.“
1319 3688 1405 3749 Haec
1418 3689 1514 3750 verba

154 3786 186 3838 et
208 3775 379 3838 sententiae
404 3776 551 3855 quomodo
575 3777 737 3855 desumpta
759 3774 821 3835 siut
843 3792 882 3834 ex
904 3774 973 3836 aliis
992 3775 1059 3853 jam
1081 3774 1211 3853 patebit.

241 3864 335 3927 Plinii
356 3884 441 3926 mens
463 3864 494 3926 iu
518 3864 658 3944 ambiguo
681 3872 730 3926 est
753 3881 820 3925 cum
841 3860 999 3925 verborum
1018 3862 1203 3924 obscuritate
1227 3870 1292 3924 tam
1317 3862 1514 3942 interpretum

153 3954 182 4016 io
206 3954 264 4017 hoc
287 3953 407 4033 negotio
426 3952 619 4016 auctoritate.
667 3953 778 4015 Valido
793 3950 939 4033 probatur
961 3957 1137 4032 argumente
1162 3969 1200 4011 ex
1213 3968 1281 4030 cap.
1298 3950 1385 4014 VIII.
1403 3952 1453 4014 lib.
1468 3952 1512 4015 ll.

153 4041 300 4124 Capellae
329 4051 461 4104 mentem
483 4041 581 4103 Plinio
609 4060 668 4104 ιιοιι
700 4042 794 4103 fuisse
819 4050 1020 4121 perspectam.
1067 4039 1113 4101 Ee
1141 4058 1246 4120 nempe
1279 4040 1346 4101 loco
1378 4058 1446 4103 cum
1472 4059 1513 4111 ‚ex

151 4132 291 4213 professo
313 4132 460 4211 sphaeras
484 4130 652 4205 ordinaret,
678 4129 781 4206 „infra
803 4129 914 4204 Solem,
939 4128 1045 4209 inquit,
1069 4127 1164 4190 ambit
1177 4128 1283 4209 ingens
1299 4126 1383 4191 sidus
1403 4129 1511 4210 appel-

154 4225 249 4283 latum
264 4219 428 4281 Veneris.“
472 4218 516 4281 Et
546 4219 636 4298 paulo
658 4228 731 4299 post
753 4217 940 4300 „proximum
964 4217 1078 4279 Veneri
1101 4216 1184 4280 sidus
1207 4217 1348 4280 Mercurii
1369 4219 1511 4280 inferiore

152 4309 263 4372 circulo
287 4308 414 4371 fertur.“

241 4397 446 4461 Retinuernnt
467 4395 543 4457 haec
566 4391 659 4455 verba
683 4394 894 4469 Collimitium,
923 4393 1107 4474 Zieglerum,
1132 4392 1302 4475 Mycillum,
1330 4392 1512 4473 interpretes
1634 4426 1642 4441 ·

151 4487 243 4550 Plinii
265 4506 326 4549 non
348 4485 507 4560 immerito,
532 4502 590 4564 quo
614 4483 712 4546 minus
735 4484 871 4560 inferius,
896 4501 963 4546 cum
986 4483 1016 4544 in
1031 4482 1134 4562 specie
1151 4481 1268 4544 Plinius
1284 4483 1321 4544 de
1336 4481 1457 4544 Venere
1481 4488 1514 4545 et

152 4576 302 4639 Mercurio
331 4575 425 4637 verba
452 4574 540 4650 facit,
572 4573 603 4635 io
625 4572 724 4635 Plinio
754 4571 912 4653 Capellam
941 4589 1106 4652 agnoscere
1133 4570 1256 4633 vellent.
1304 4569 1382 4634 Sunt
1409 4579 1511 4633 autem

153 4665 229 4728 baec
251 4684 290 4729 ex
307 4681 375 4743 oap.
398 4663 523 4727 XVll.:
559 4660 714 4737 „Primum
736 4660 828 4741 igitur
850 4661 985 4730 dicator,
1008 4678 1061 4722 cur
1083 4658 1115 4720 hi
1137 4659 1196 4720 (luo
1219 4677 1368 4740 uunquam
1392 4659 1510 4739 lougius

155 4774 174 4816 a
196 4753 269 4817 Sole
293 4753 471 4826 abscedant,
495 4770 587 4831 saepe
609 4751 650 4813 ad
668 4749 771 4813 Solem
792 4749 997 4830 reciprocent?
1044 4746 1216 4810 Conversas
1229 4746 1345 4811 babent
1366 4755 1511 4828 utraeque

153 4843 278 4909 absidae
301 4850 335 4906 ut
355 4841 439 4905 infra
460 4840 565 4907 &lem
587 4838 677 4916 sitae,
701 4845 877 4920 tantumque
899 4837 1020 4901 circulis
1043 4854 1148 4900 aarum
1168 4837 1273 4900 subter
1296 4843 1345 4900 est
1367 4843 1510 4918 quantum
