3814 5818
391 322 460 394 m
823 330 925 380 Literna
943 328 1047 395 Ksplerl
1064 330 1216 395 aliorumque
1232 337 1334 381 mutuae
1410 410 1414 417 1

390 485 540 549 Henrl'cus
565 488 643 549 diem
671 488 751 550 inter
777 486 830 552 23.
855 498 887 549 et
910 487 965 553 24.
989 490 1059 554 Jan.
1086 489 1132 553 St.
1159 491 1211 563 V.,
1235 492 1325 570 paulo
1348 496 1419 570 post
1441 490 1471 551 b.
1498 484 1539 550 lb
1561 496 1748 550 nocturnum.

391 573 454 637 Sed
469 576 506 637 de
522 584 583 638 tuo.
626 577 669 639 M.
687 576 723 640 C.
741 575 867 648 28⁰ss
882 579 956 640 Asc.
973 576 1088 654 27⁰&
1112 587 1224 649 dante
1244 580 1414 658 septimam,
1431 579 1508 640 forte
1524 576 1616 638 etiarn
1631 576 1659 636 in
1677 577 1748 649 VII,

390 672 425 725 ut
446 664 536 741 paulo
559 666 705 727 maturius
729 666 880 728 acciderit.
929 664 1131 729 constellatio
1156 667 1343 729 validissime
1366 675 1423 729 est.
1450 666 1567 728 <Aiunt
1599 675 1749 725 cometam

391 752 486 813 videri
505 752 572 830 jam
595 773 650 833 per
663 751 683 816 3
698 755 895 833 septimanas.
935 755 967 816 ld
993 756 1091 827 sicet,
1116 775 1173 817 non
1198 774 1306 835 nempe
1320 755 1391 824 viui,
1414 773 1473 816 non
1488 752 1602 827 dubito,
1623 752 1693 831 quin
1707 753 1748 817 eb

390 839 450 900 illis
474 837 656 919 Splanetis,
681 843 833 904 stantibus
855 842 895 918 ll,
921 852 947 913 ο·
969 842 998 904 in
1022 844 1196 924 propinquo,
1222 840 1334 918 ΔΜ
1354 845 1502 916 diuturno,
1527 834 1602 918 [tt.
1630 842 1749 918 dple-
1794 863 1799 869 ·
1843 909 1851 919 ,

390 928 450 989 tico
467 928 522 1001 (?).
570 928 643 991 Sum
659 931 736 991 enim
760 931 789 992 in
815 952 852 993 ea
871 931 1019 1010 opinione,
1044 932 1104 995 etsi
1127 941 1244 994 cometa
1267 932 1374 1011 aliquis
1389 933 1438 993 rel
1452 929 1628 1009 ipsaTerra
1651 927 1751 1007 major

390 1016 440 1089 sit,
466 1024 498 1078 et
521 1017 687 1081 altissimus
707 1018 810 1090 etiam,
835 1020 994 1083 dummodo
1011 1029 1121 1094 currat,
1146 1022 1257 1083 Terrae
1278 1021 1413 1082 sobolem
1432 1040 1510 1082 esse.
1550 1016 1631 1080 Cur?
1668 1014 1749 1086 Quia

390 1122 518 1184 semper,
543 1106 778 1186 quotiescunque
801 1117 872 1170 sant
885 1116 1031 1184 cometae,
1055 1110 1224 1189 praecessit
1244 1111 1333 1189 paulo
1353 1118 1425 1169 ante
1448 1108 1552 1169 valida
1573 1102 1604 1183 b,
1628 1105 1748 1179 l-lcon-

390 1194 537 1272 figuratio,
563 1203 617 1255 aut
640 1196 855 1276 aequipollens,
880 1205 914 1258 nt
937 1216 1005 1258 cum
1028 1205 1116 1267 <test
1130 1197 1337 1264 stationarius,
1362 1206 1425 1259 tum
1449 1196 1528 1257 enim
1552 1194 1632 1255 vires
1657 1192 1749 1254 babet

389 1289 424 1342 ut
446 1282 588 1363 superior,
615 1301 646 1344 re
670 1302 743 1345 vera
766 1285 880 1346 tardus.
929 1284 1132 1363 Cunflguratio
1157 1294 1273 1362 autem,
1298 1294 1332 1347 ut
1355 1284 1452 1359 nosti',
1479 1291 1510 1344 et
1533 1289 1676 1361 aspectus
1699 1290 1748 1341 est

390 1368 420 1431 iu
444 1368 547 1441 Terra,
572 1389 629 1431 uun
654 1372 684 1434 in
708 1373 792 1435 coelo
813 1371 917 1452 alim.
945 1374 1025 1435 Vide
1056 1383 1158 1437 autem
1185 1374 1396 1453 cognationem
1419 1372 1597 1435 thematum.
1643 1369 1747 1433 Habes

391 1464 424 1519 tn
447 1454 569 1536 όΘζξ,
596 1460 688 1523 babet
711 1469 742 1522 et
765 1462 824 1535 ille,
851 1469 975 1542 uterque
1000 1464 1022 1537 Q
1044 1464 1255 1540 posteriorem,
1281 1461 1430 1541 habestu
1453 1456 1570 1535 Ab),
1599 1457 1692 1521 babet
1716 1467 1749 1519 et

389 1545 440 1607 ille
465 1546 527 1607 fere
551 1543 660 1623 Η),
685 1548 778 1611 babes
802 1559 835 1610 tu
858 1551 921 1611 lere
942 1548 1074 1627 ΑΒΘ,
1099 1551 1192 1612 babet
1215 1559 1247 1612 et
1260 1551 1321 1612 ille.
1360 1549 1419 1611 Ubi
1433 1548 1490 1609 tibi
1511 1544 1546 1624 li,
1572 1546 1630 1625 ipsi
1651 1542 1702 1621 Θ,
1715 1548 1748 1622 b,

388 1634 437 1696 ubi
461 1635 580 1709 tibi),
606 1636 664 1714 ipsi
687 1637 736 1712 ll,
762 1639 811 1700 ubi
837 1638 891 1700 tibi
918 1638 961 1713 Q,
993 1640 1050 1718 ipsi
1074 1644 1116 1710 ὓ.
1165 1637 1244 1700 Sunt
1266 1638 1351 1699 vobis
1377 1636 1402 1709 ῼ
1426 1636 1595 1716 oppositae.
1641 1633 1748 1694 Habes

389 1730 421 1783 tu
444 1722 484 1797 ll,
508 1731 534 1793 0*
557 1724 680 1800 vicinos,
707 1735 739 1787 et
762 1726 822 1787 ille.
870 1724 929 1790 Ubi
953 1727 1009 1789 tibi
1032 1726 1075 1801 ll,
1101 1729 1164 1789 fere
1188 1727 1231 1791 illi
1255 1736 1290 1797 d.
1338 1725 1456 1789 Deinde
1479 1723 1611 1795 memini,
1635 1723 1745 1801 pleris-

388 1830 444 1892 que
469 1820 585 1872 tuorum
609 1831 678 1874 esse
701 1813 814 1892 aliquid
837 1814 868 1875 in
892 1815 1023 1893 septima
1045 1816 1126 1877 mali.
1163 1817 1229 1876 Hoc
1253 1815 1348 1877 etiam
1369 1815 1418 1875 hio
1441 1820 1508 1875 est:
1530 1813 1615 1875 Mars
1639 1828 1750 1889 nempe

386 1918 479 1978 prope
503 1899 673 1977 septimam.
719 1901 827 1963 Exeo
851 1911 897 1964 est
922 1903 1064 1976 nonnihil,
1090 1904 1167 1982 quod
1192 1903 1271 1964 illius
1290 1901 1372 1963 vitae
1386 1911 1529 1962 metuam.
1565 1900 1646 1962 Nam
1661 1899 1749 1962 Luna

387 1988 487 2066 plena,
512 1996 544 2048 et
566 1988 618 2048 via
641 1989 742 2050 lacten
765 1991 932 2051 ascendens
956 2000 988 2051 et
1010 1992 1096 2053 Mars
1119 1991 1148 2053 iu
1172 1991 1237 2070 ejus
1261 1991 1410 2070 opposito,
1435 1999 1467 2051 et
1490 1987 1544 2050 Sol
1567 1996 1631 2053 um
1654 2005 1746 2065 prae-

387 2075 450 2136 oise
474 2075 503 2135 in
529 2075 680 2155 triangulo
705 2076 843 2152 Saturni,
872 2078 1013 2139 ridentur
1035 2080 1157 2141 cerebro
1179 2088 1212 2140 et
1235 2078 1328 2141 oeulis
1351 2076 1479 2139 nocituri
1502 2086 1534 2137 et
1556 2076 1748 2155 epilepticum

388 2163 566 2242 siguificare.
613 2165 743 2227 Faciunt
766 2166 856 2226 etium
880 2167 1059 2245 praecipitio
1081 2167 1242 2229 obnoxium
1267 2175 1319 2227 ant
1342 2166 1473 2243 gibbum.
1520 2165 1584 2244 Sed
1606 2164 1746 2243 triangu-

388 2252 434 2313 ms
458 2250 540 2313 Solis
563 2252 663 2313 omnia
686 2252 817 2334 mitigat.
863 2254 932 2315 Erit
954 2274 1083 2333 parcus,
1109 2262 1219 2327 tenax,
1244 2274 1283 2315 err
1306 2256 1328 2330 d
1351 2263 1383 2315 et
1407 2251 1447 2329 Θ
1472 2253 1502 2313 in
1526 2248 1606 2329 Ab,
1632 2252 1748 2331 egregii

387 2339 497 2418 ingenii
531 2348 563 2400 et
589 2341 729 2419 profundi
761 2350 851 2423 atque
890 2343 1050 2417 laboriosi,
1083 2352 1207 2423 propter
1234 2343 1361 2403 eundem
1392 2350 1556 2420 aspectum.
1605 2338 1746 2419 Optimus

387 2427 512 2498 artilex,
549 2428 587 2489 ub
611 2437 637 2498 d
661 2430 746 2502 infl
781 2441 813 2491 et
836 2431 963 2492 eonbnio
987 2431 1111 2493 solstitii
1135 2432 1164 2493 iu
1189 2432 1260 2493 Vll.
1307 2429 1522 2493 Contentioaus
1545 2436 1578 2491 et
1600 2428 1749 2491 factiosus

387 2517 426 2577 ob
449 2516 489 2577 id.
538 2517 630 2577 Tales
661 2527 731 2579 sunt
758 2519 930 2599 plerumque
964 2517 1196 2601 bombardorum
1225 2518 1362 2580 studiosi.
1411 2516 1473 2579 Sed
1496 2517 1669 2579 victurusne
1693 2517 1746 2591 slt,

390 2604 505 2679 dubito,
529 2612 653 2684 propter
675 2605 708 2666 id
731 2605 836 2685 ipsum.
881 2606 915 2668 Si
940 2615 1040 2669 tamen
1065 2608 1159 2682 vivat,
1185 2626 1311 2686 magnus
1335 2606 1445 2669 evadet
1464 2625 1551 2681 ,vere
1587 2605 1692 2665 Habet
1714 2625 1744 2665 u.

386 2693 569 2773 titangnlnm
585 2690 729 2771 5⁰4le
753 2694 894 2774 quisunt
917 2695 1075 2758 fortissimi
1100 2703 1253 2774 aspectus.
1300 2695 1407 2774 ltaque
1430 2693 1509 2767 vide,
1533 2692 1605 2772 quid
1628 2694 1745 2755 futurus
1858 2768 1866 2774 ,

385 2780 554 2842 December
575 2782 618 2842 sit
641 2783 798 2853 allatums,
824 2802 892 2845 cum
915 2793 986 2862 post
1009 2784 1262 2846 humectationem
1286 2783 1349 2856 alt
1371 2789 1549 2845 transeunte
1572 2800 1626 2860 per
1648 2779 1679 2853 7,
1705 2777 1746 2858 Θ

384 2877 460 2939 std
483 2870 635 2931 ferventes
650 2872 824 2949 succedunt.
872 2871 906 2934 Si
921 2873 1048 2934 nebulae
1072 2882 1167 2945 erunt,
1194 2880 1225 2932 ut
1250 2871 1350 2945 credo,
1373 2870 1424 2931 vix
1447 2869 1547 2933 iulans
1573 2870 1611 2935 ab
1626 2870 1744 2948 epilep-

385 2959 432 3019 sia
464 2959 540 3019 liber
573 2958 650 3032 erit;
692 2967 763 3020 snut
790 2979 820 3020 n.
851 2960 925 3022 baec
954 2962 1094 3038 analoga.
1142 2959 1222 3020 Sane
1254 2959 1341 3021 lovis
1369 2958 1448 3019 situs
1478 2976 1537 3018 nou
1568 2957 1664 3018 bonus
1688 2976 1720 3017 es

385 3065 442 3107 nou
467 3047 586 3125 quidem
609 3052 779 3126 propterl]
802 3055 931 3126 tangens
959 3068 1045 3110 sunm
1068 3066 1188 3110 casum:
1222 3066 1290 3109 nam
1320 3046 1454 3108 illustres
1479 3064 1544 3106 cnm
1572 3044 1640 3122 ipso
1668 3044 1746 3105 linae

384 3142 468 3208 sunt,
500 3135 577 3195 unde
602 3143 726 3212 propter
747 3135 804 3196 boc
828 3144 936 3213 potens
959 3144 1025 3208 est3
1058 3136 1111 3197 scd
1136 3143 1316 3213 propterea,
1341 3135 1412 3214 quia
1434 3133 1549 3195 decidit
1571 3133 1610 3193 ab
1634 3131 1744 3210 angulo

383 3228 416 3283 et
438 3220 614 3300 opprimitur
638 3242 656 3281 a
679 3218 699 3297 lp
724 3222 787 3282 alto
814 3222 965 3300 triangulo
995 3223 1094 3294 brevi,
1128 3223 1204 3300 quod
1234 3221 1418 3301 aequipollet
1452 3221 1612 3300 quadrato.
1658 3219 1746 3281 llaec

385 3317 417 3370 et
439 3308 608 3386 hujusmodi
633 3308 713 3369 bona
735 3316 768 3369 et
781 3309 911 3370 naturali
936 3309 1052 3371 ratione
1068 3309 1215 3383 dicuntur,
1239 3309 1298 3371 etsi
1321 3327 1379 3370 uon
1403 3308 1433 3369 in
1458 3308 1559 3387 specle
1584 3306 1745 3387 quidquem

386 3396 506 3457 dicitur.
553 3394 648 3456 Aliud
670 3395 838 3473 exemplum
861 3397 918 3458 mei
943 3397 1036 3458 lilioli.
1084 3397 1142 3459 Est
1174 3397 1202 3458 in
1231 3416 1299 3461 mea
1328 3407 1361 3458 et
1382 3398 1477 3476 ipsios
1501 3395 1662 3461 nativitate
1686 3394 1744 3455 tri·

385 3483 513 3561 angulus
536 3481 624 3543 Joris
646 3491 679 3544 et
701 3482 835 3558 Saturni,
857 3483 934 3546 Jove
958 3486 1175 3563 posterioribus
1199 3486 1228 3551 iu
1244 3485 1398 3565 gradibus.
1445 3485 1505 3569 Ubi
1528 3483 1598 3546 mihi
1614 3503 1676 3547 ese.
1702 3482 1745 3547 illi

386 3571 480 3642 Mars,
506 3571 555 3633 ubi
579 3569 651 3632 mibi
674 3571 770 3641 Luna,
800 3571 844 3633 illi
866 3571 1001 3653 Jupiter,
1027 3573 1076 3635 ubi
1099 3573 1171 3655 milri
1195 3575 1295 3646 Mars,
1327 3573 1371 3634 illi
1394 3569 1430 3650 53
1468 3572 1520 3635 ubi
1543 3572 1616 3636 mibi
1638 3572 1681 3633 Μ.
1708 3569 1744 3633 C.

385 3659 443 3739 ipsi
467 3661 498 3736 ἔξ.
544 3658 611 3737 Ego
635 3659 732 3721 habeo
756 3652 860 3737 [lde
883 3663 944 3722 l'ere
968 3661 1126 3739 partilem,
1164 3663 1214 3724 ille
1247 3661 1340 3723 babet
1368 3662 1473 3738 Δόζξ
1501 3662 1563 3721 lere
1593 3660 1742 3737 partilem.

383 3747 478 3810 Plura
501 3747 610 3828 requiri
642 3756 770 3827 possunt
798 3749 976 3826 hujusmodi.
1023 3751 1130 3829 Itnque
1153 3751 1241 3812 Luna
1270 3750 1299 3810 in
1333 3750 1479 3829 quadrato
1503 3747 1640 3821 Saturni,
1674 3755 1746 3827 pust

385 3839 462 3909 0⁰6,
488 3836 594 3898 Venus
617 3836 695 3898 inter
717 3827 788 3906 Uo·
812 3844 843 3897 et
867 3833 940 3912 85,
964 3837 1132 3899 Mercurius
1156 3838 1185 3898 in
1211 3838 1291 3899 trino
1316 3845 1342 3906 (ς
1365 3836 1514 3897 hominem
1529 3835 1633 3897 durum
1645 3834 1745 3912 sigui·
1864 3914 1869 3921 ι

384 3927 495 3997 boant,
519 3942 586 3987 cnm
610 3924 671 4002 qui.
684 3926 810 3987 allectus
835 3925 981 3986 denotant
1003 3927 1144 4003 planetae
1168 3943 1273 3986 omnes
1298 3924 1412 3985 sintin
1437 3931 1564 4001 aspectu
1586 3924 1743 3987 matorum.

384 4011 489 4074 Metuo
513 4012 606 4073 etiarn
629 4012 724 4089 ipsius
748 4012 843 4074 oculis
867 4012 905 4073 ob
931 4015 971 4087 ),
1007 4020 1108 4074 metuo
1132 4033 1151 4074 n
1173 4011 1391 4091 praecipitibus
1414 4011 1535 4073 casibus
1560 4012 1598 4072 ob
1622 4018 1744 4075 stantes

383 4107 447 4160 tres
470 4099 620 4179 planetus.
668 4098 710 4160 Et
733 4100 803 4180 quia
826 4101 931 4161 Venus
956 4107 988 4161 et
1012 4104 1034 4172 )
1055 4100 1209 4175 laborant,
1243 4100 1312 4161 ideo
1342 4108 1434 4161 natus
1464 4109 1512 4163 est
1543 4108 1743 4163 monstrosus.

384 4187 553 4250 blembrum
576 4206 604 4248 n.
629 4186 723 4261 virile,
749 4209 768 4249 a
792 4188 817 4261 Q
843 4196 874 4249 et
896 4191 921 4261 )
946 4188 1161 4267 significatum,
1185 4198 1234 4250 est
1258 4187 1355 4249 instar
1376 4186 1486 4248 Judsei
1510 4195 1667 4262 retectum,
1691 4205 1743 4249 re·

385 4283 516 4351 tortum,
541 4283 573 4336 et
595 4274 675 4336 inire
698 4284 841 4355 agnatum
864 4284 985 4351 sorpto,
1009 4286 1128 4339 meatus
1151 4276 1254 4339 urinae
1279 4276 1373 4350 alius,
1399 4294 1488 4355 quam
1511 4275 1622 4337 ceteris
1644 4273 1743 4339 bomi-

384 4363 483 4425 nibus.
531 4364 640 4425 Totum
663 4363 863 4443 compositum
894 4365 988 4427 habet
1021 4366 1148 4428 formam
1181 4364 1343 4429 testudinis
1366 4370 1471 4427 coctae
1498 4363 1528 4425 in
1553 4362 1741 4435 domuncula,

384 4469 463 4531 quse
485 4460 557 4514 suut
579 4450 681 4513 uxoris
704 4470 790 4514 meae
815 4452 953 4515 deliciae.
1001 4451 1063 4515 Sed
1086 4452 1174 4531 plura
1201 4451 1258 4532 ipsi
1277 4451 1471 4517 incommoda
1497 4451 1578 4515 circa
1601 4451 1654 4515 illa
1677 4453 1746 4513 loca

382 4537 534 4601 evenient.
582 4531 755 4609 anUd
779 4540 979 4620 impetuosum
1002 4548 1034 4601 et
1055 4540 1233 4605 indomitum
1263 4537 1428 4618 siguificat,
1459 4539 1532 4613 §in
1547 4543 1618 4610 Δό
1641 4539 1744 4619 ⁸ssilli-

384 4646 476 4702 mnm,
500 4627 687 4691 celerrimum
702 4635 734 4689 et
747 4627 944 4709 ingeniosum
990 4627 1050 4690 Est
1072 4647 1102 4690 n.
1127 4631 1149 4706 d
1172 4629 1201 4689 in
1227 4627 1336 4691 illustri
1350 4627 1581 4691 constellatione
1595 4631 1698 4691 ccn‘et
1714 4627 1746 4691 in

277 4800 281 4807 ι
385 4716 475 4779 domu
503 4723 625 4796 quarm.
670 4716 759 4778 Facit
789 4724 823 4777 st
852 4714 1046 4784 temerarium
1067 4724 1102 4783 et
1123 4715 1319 4798 ,populariter
1350 4715 1458 4783 bonurn
1487 4724 1579 4794 atque
1613 4715 1744 4784 facilem.
