3878 5840
375 357 441 426 430
572 306 575 310 ‘
931 363 973 416 De
992 360 1172 411 Fundamenta

377 519 536 581 similium:
561 536 597 579 eo
622 518 815 593 farciendo,
850 532 908 598 quo
939 519 1076 580 videmus
1098 517 1128 578 in
1152 517 1319 581 visceribus
1344 517 1472 580 bominis
1495 518 1596 580 omnia
1617 515 1739 598 quidem

376 607 539 689 purgantis
561 606 776 671 commotiones
798 608 954 670 humomm
976 607 1104 682 efficere,
1131 607 1186 668 sed
1209 607 1350 686 specialit
1351 626 1384 668 er
1336 606 1624 670 trhabarbarum
1650 604 1736 667 bilis:

378 700 462 771 (nam
492 712 568 776 quae
598 697 726 759 facultas
750 696 936 776 geometriae
959 714 1056 775 capax
1070 701 1142 770 est,
1180 715 1239 757 nou
1267 696 1309 758 sit
1335 696 1390 758 illa
1418 695 1529 758 coloris
1552 694 1738 796 aliarumque

375 786 407 846 in
430 784 524 849 radiis
548 786 773 864 qualitatumt)
796 784 979 873 potissIma
977 792 1079 846 tamen
1103 780 1248 846 varietas
1262 792 1311 846 est
1333 784 1403 846 ab
1395 802 1461 864 rpsa
1485 802 1656 863 corporum,
1687 784 1737 844 iu·

376 872 481 954 prImis
506 874 637 949 Terrae,
663 875 877 976 dispositione:
912 892 1000 953 quam
1030 871 1098 934 aliis
1121 873 1258 952 partibus
1282 873 1409 953 aliisque
1435 872 1622 975 temporibus
1643 871 1739 933 habet

378 962 481 1025 aliam.
515 960 645 1032 Quando
668 965 756 1038 enim,
781 963 910 1041 exempli
934 982 1036 1037 causa,
1061 979 1151 1023 verno
1175 970 1308 1042 tempore
1332 961 1503 1025 humores
1495 982 1527 1022 m
1549 961 1736 1041 septentrio-

377 1051 439 1112 nali
462 1052 574 1112 Terras
597 1052 779 1127 medietate,
808 1060 932 1130 propter
954 1049 1037 1112 Solis
1060 1070 1234 1126 sucessum,
1269 1052 1307 1112 da
1335 1071 1392 1130 quo
1417 1069 1531 1131 snpra,
1564 1050 1736 1123 abundum,

377 1151 448 1201 tunc
479 1141 528 1200 vel
561 1139 731 1203 levissimus
761 1149 903 1220 aspectus
944 1140 1182 1220 quorumcunque
1216 1139 1406 1219 planetarum
1446 1139 1625 1201 facultatem
1653 1139 1738 1200 illam

377 1229 489 1290 Terrae
513 1229 655 1300 concitat,
680 1238 714 1291 ut
737 1248 804 1292 sese
829 1236 1026 1302 commoveat,
1052 1236 1084 1289 et
1106 1227 1224 1307 copiam
1248 1227 1379 1309 aliquam
1398 1246 1545 1308 vaporum
1564 1229 1603 1289 ad
1624 1226 1736 1288 imbres

378 1317 622 1397 progenerandos
645 1319 784 1381 exsudet.
830 1319 903 1379 Alio
927 1325 1060 1397 tempore
1091 1317 1140 1378 vel
1168 1317 1234 1379 loco
1266 1325 1409 1396 aspectus
1438 1318 1528 1396 louge
1553 1315 1737 1379 fortissimus

379 1407 503 1469 Terram
528 1406 648 1487 quidem
671 1408 818 1484 stimulat,
843 1407 898 1467 sed
920 1413 1044 1484 propter
1066 1405 1211 1467 materiae
1236 1406 1386 1468 defectum
1408 1424 1515 1487 parum
1539 1405 1631 1467 elicit.

927 1495 1058 1556 Thesis
1081 1494 1181 1556 XLV

469 1580 537 1654 Quo
561 1583 628 1646 loco
651 1581 848 1685 conprienda
871 1591 919 1644 est
952 1583 1053 1644 alia
1045 1601 1167 1662 iusuper
1203 1583 1330 1644 necdum
1363 1582 1487 1661 cognita
1513 1599 1621 1645 causa·
1650 1580 1737 1661 cujus

381 1673 531 1752 ignoratio
555 1671 779 1755 praedictiones
803 1673 1025 1750 astrologorum
1047 1672 1240 1733 vehementer
1261 1672 1373 1734 tdrmbat
1406 1670 1486 1732 Nam
1507 1680 1543 1733 ut
1565 1671 1594 1732 iu
1618 1669 1736 1731 homine

377 1769 447 1822 suut
480 1763 627 1840 quaedam
659 1761 815 1823 humorum
845 1760 978 1840 periodi,
1012 1779 1088 1840 quae
1111 1760 1260 1836 efficiunt,
1293 1768 1327 1821 ut
1356 1760 1444 1821 homo
1467 1767 1590 1862 praeter
1612 1776 1737 1820 cauam

378 1850 499 1911 evident
486 1857 548 1911 tem
571 1850 707 1911 crebro
698 1869 728 1910 ru
753 1849 884 1929 aliquem
906 1850 1047 1909 affectum
1075 1856 1230 1910 vertatur.
1264 1849 1412 1909 interdum
1444 1849 1493 1910 vel
1525 1848 1589 1909 sine
1621 1847 1738 1908 musica

379 1940 420 1999 sit
441 1937 561 2012 hilaris,
595 1956 711 1999 rursum
742 1939 825 1998 nulla
854 1937 1007 1999 suavitate
1036 1937 1215 1999 atristibus
1240 1936 1473 2015 cogitationibus
1498 1935 1595 1999 averti
1616 1936 1735 2016 possit:

380 2027 419 2087 ad
442 2026 569 2086 eundem
592 2026 682 2103 plane
701 2026 822 2088 modum
837 2024 1036 2104 deprehendo,
1057 2033 1179 2104 praeter
1198 2033 1339 2105 aspectus
1359 2044 1426 2087 asse
1453 2025 1530 2087 alias
1549 2024 1735 2087 attentiores

379 2114 536 2193 magisque
560 2114 712 2175 durabiles
736 2133 861 2188 causas,
887 2132 963 2193 quae
987 2112 1136 2188 efficiunt,
1160 2123 1194 2175 ut
1217 2114 1334 2194 integer
1357 2114 1466 2194 altqma
1489 2128 1598 2188 sums,
1622 2122 1753 2194 quante·

379 2212 514 2281 tempore
537 2203 636 2264 nullus
661 2210 803 2280 aspectus
827 2203 926 2278 durat,
950 2201 1072 2263 humore
1095 2201 1222 2282 ideoque
1246 2211 1278 2263 et
1301 2204 1410 2283 frIgore
1435 2202 1525 2264 nimio
1547 2203 1734 2265 detineatur:

379 2292 409 2353 in
433 2309 490 2369 quo
513 2289 627 2366 videas,
651 2291 700 2352 vel
724 2291 891 2355 levissImos
915 2299 1067 2371 aspectus,
1092 2291 1209 2371 quoties
1233 2292 1376 2367 incidunt,
1392 2292 1548 2373 plurimum
1567 2292 1737 2371 pluviarum

379 2381 429 2440 vel
453 2387 607 2442 ventorum
631 2379 718 2453 ciere,
744 2380 841 2459 qualis
865 2380 922 2442 luit
945 2399 1040 2441 annus
1063 2380 1122 2442 iste
1150 2376 1242 2456 1601,
1268 2380 1328 2442 alio
1351 2399 1423 2442 vero
1447 2399 1526 2442 anno
1540 2380 1736 2443 tautasiooi·

380 2476 429 2529 tas
454 2475 509 2543 est,
534 2476 568 2531 ιιι
590 2468 645 2529 sub
668 2468 734 2531 dies
757 2477 930 2549 aspectuum
955 2468 1029 2530 nihil
1051 2468 1108 2531 nisu
1100 2470 1297 2579 nubeculae,
1319 2477 1373 2539 aut
1396 2470 1461 2533 loco
1475 2487 1619 2550 vaporum
1635 2470 1737 2531 fumus

380 2565 567 2631 excarnetur,
593 2557 691 2638 qualis
715 2558 773 2620 fuit
795 2577 889 2621 annus
916 2553 1012 2621 1599.

916 2645 1054 2723 Thesis
1076 2645 1193 2708 XLVI.

468 2734 519 2796 An
543 2735 618 2797 haec
641 2742 704 2796 tam
727 2733 851 2796 evidens
874 2735 1007 2797 varietas
1026 2753 1064 2795 ex
1088 2734 1250 2813 eclipsibus
1265 2732 1346 2796 Solis
1370 2742 1402 2795 et
1424 2734 1529 2797 Lunae
1553 2736 1646 2815 (quae
1665 2742 1738 2796 suut

382 2823 485 2886 itidem
509 2823 587 2884 inter
610 2830 761 2902 aspectus,
786 2824 902 2885 scilicet
925 2824 1003 2885 inter
1026 2823 1249 2905 conjunctiones
1273 2830 1305 2883 et
1324 2823 1528 2902 oppositiones
1542 2822 1737 2897 referendae)

379 2912 546 2993 proveniat,
571 2912 820 2974 oonmderaudum
843 2913 988 2993 relinquo.
1036 2910 1238 2975 Statueudum
1260 2910 1352 2989 igitur
1378 2920 1482 2986 esset,
1513 2931 1582 2973 eam
1610 2913 1648 2975 de
1677 2929 1738 2991 qua

350 3048 356 3053 .
381 3012 444 3063 tam
467 3002 562 3064 multa
585 3001 657 3076 dixi,
682 3002 859 3071 facultatem
883 3002 1042 3063 animalem
1058 3002 1178 3074 Terrae,
1204 2998 1304 3061 subita
1327 2999 1445 3062 luminis
1460 2993 1626 3063 'amissione
1640 3000 1737 3062 vehe-

381 3098 497 3152 menter
525 3090 733 3158 consternari,
777 3098 808 3151 et
841 3090 987 3169 quendam
1016 3089 1102 3167 quasi
1136 3090 1276 3150 affectum
1307 3089 1464 3167 concipere
1496 3089 1583 3169 inque
1611 3090 1739 3157 multum

380 3187 497 3257 tempus
520 3196 696 3258 prorogare,
729 3179 807 3257 quod
830 3186 863 3239 et
885 3176 1111 3257 Theophrastus
1139 3196 1197 3239 uon
1222 3177 1330 3257 ubique
1354 3178 1509 3239 fabulosus
1532 3178 1664 3240 sensisse
1687 3178 1738 3238 vi-

381 3269 478 3329 detur.
525 3266 594 3328 Nisi
617 3266 694 3326 euim
718 3274 772 3326 aut
793 3267 871 3327 haue
895 3285 1019 3327 causum
1050 3267 1184 3344 alleges,
1219 3273 1272 3327 aut
1304 3267 1441 3328 omnihus
1469 3268 1573 3329 causis
1602 3267 1738 3347 physiois

381 3355 504 3433 rejectis
540 3354 598 3415 hoo
630 3361 757 3415 naturae
800 3371 875 3432 opus
915 3353 1095 3415 ordinarium
1133 3355 1391 3417 extraordiuariae
1429 3354 1488 3416 Dei
1528 3352 1737 3436 providentiae

381 3442 582 3514 transcribas,
606 3441 758 3524 explicare
781 3461 840 3504 non
863 3441 992 3521 poteris,
1024 3462 1084 3522 qua
1105 3442 1222 3505 ratione
1247 3444 1376 3524 eclipses
1398 3451 1463 3506 tam
1486 3443 1548 3507 sint
1571 3444 1736 3507 ominosas.

867 3570 871 3575 -
915 3531 1048 3592 Thesis
1070 3531 1203 3593 XLVII.

375 3620 383 3638 “
461 3620 515 3701 ,Au
537 3618 636 3699 magis
660 3625 894 3683 cousentaneum
916 3627 980 3693 est,
1004 3619 1083 3682 idern
1106 3620 1155 3681 hio
1178 3621 1289 3683 Terrae
1313 3621 1392 3700 quod
1424 3620 1628 3683 animantibus
1653 3637 1737 3681 mor·

382 3702 503 3771 talitate
527 3708 631 3772 demta
654 3709 793 3783 evenire,
827 3716 861 3770 ut
892 3727 930 3771 ex
961 3709 1080 3771 interna
1109 3710 1237 3791 quadam
1265 3708 1461 3788 dispositione
1489 3729 1561 3772 suos
1583 3709 1739 3771 humorum

381 3798 523 3860 circuitus
556 3805 587 3859 et
622 3798 707 3879 quasi
730 3797 849 3861 morbos
874 3798 1005 3860 haheat:
1040 3818 1116 3879 quae
1139 3798 1166 3860 si
1189 3805 1273 3872 snut,
1302 3797 1386 3877 leges
1410 3806 1443 3859 et
1465 3806 1603 3878 tempora
1625 3797 1738 3859 circui-

381 3896 464 3949 tuum
488 3906 525 3948 ex
547 3887 740 3965 plurimorum
764 3906 908 3948 annorum
931 3887 1053 3948 collatis
1076 3884 1355 3967 observationibus,
1384 3887 1462 3968 quod
1490 3888 1637 3949 hacteuus
1659 3904 1737 3947 uon-

383 3977 453 4036 dum
475 3983 525 4037 est
549 3976 678 4051 factum,
701 3976 931 4054 investigandae
959 3984 1042 4038 sunt.
1089 3974 1245 4038 Caesius
1276 3975 1325 4036 hic
1357 3976 1440 4057 cyclo
1474 3975 1739 4039 decemnovennali

381 4064 486 4125 Lunae
511 4064 624 4142 aliquid
647 4063 766 4136 tribuit3
799 4064 847 4124 oui
878 4063 996 4144 quidem
1029 4065 1103 4127 fides
1131 4064 1227 4126 omnis
1252 4063 1392 4143 derogari
1415 4084 1474 4126 uon
1497 4072 1610 4147 potest.
1657 4064 1738 4127 Nam

382 4157 412 4211 et
435 4150 527 4212 maris
551 4159 655 4212 aestus
679 4152 801 4213 maximi
825 4160 895 4230 post
922 4149 961 4215 19
986 4173 1081 4216 anuos
1105 4153 1144 4214 ad
1168 4153 1291 4214 eosdem
1314 4153 1384 4215 anui
1408 4153 1473 4214 dies
1496 4153 1608 4216 reverti
1631 4172 1739 4215 ama·

381 4236 491 4300 ritimis
515 4239 664 4301 Iemutur:
689 4247 722 4300 et
743 4239 1026 4303 Luna'humoribus
1050 4241 1222 4317 destinata,
1255 4241 1324 4303 huic
1351 4242 1489 4321 negotio,
1519 4244 1598 4324 quod
1624 4242 1656 4304 in
1679 4242 1739 4303 hu·

380 4345 495 4389 morum
518 4345 647 4390 excessu
669 4327 719 4389 vel
742 4328 861 4391 defectu
885 4330 1034 4405 consistit,
1057 4331 1167 4392 idonea
1189 4330 1286 4392 videri
1307 4338 1419 4409 potest.

909 4418 1043 4480 Thesis
1065 4419 1212 4482 XLVIII.

470 4499 534 4564 Sed
556 4509 590 4564 et
611 4504 703 4565 tertia
724 4523 819 4567 causa
840 4524 952 4587 magna
973 4506 1232 4570 verisimilitudine
1260 4525 1293 4568 se
1321 4505 1470 4570 insinuat:
1494 4507 1607 4569 multas
1630 4506 1738 4568 sublu-

382 4588 464 4651 naris
496 4598 625 4652 naturae
661 4593 896 4669 commotiones,
928 4614 1005 4675 quas
1037 4595 1115 4657 citra
1146 4603 1287 4676 aspectus
1314 4595 1464 4658 interdum
1497 4595 1634 4658 accidere
1664 4594 1736 4669 dixi,

382 4678 454 4740 cieri
477 4680 515 4740 ab
540 4679 720 4743 harmonicis
743 4680 931 4761 planetarum
954 4682 1095 4745 motibus.
1134 4685 1257 4747 Etenim
1279 4684 1306 4746 ai
1327 4683 1572 4764 proportionatae
1586 4682 1740 4746 radiorum

382 4767 509 4847 angulus
532 4769 589 4832 boc
612 4768 720 4831 efficit:
755 4769 857 4849 quidni
880 4778 912 4834 et
932 4773 1153 4852 proportionati
1176 4774 1312 4836 binarum
1335 4767 1492 4835 stellarum
1514 4781 1632 4847 motus,
1659 4788 1739 4852 quo-

380 4853 440 4919 ties
472 4858 511 4921 ad
545 4874 635 4919 unum
665 4864 841 4921 concentum
870 4862 1057 4923 tenduntur?
1088 4862 1133 4925 sie
1160 4871 1195 4924 ut
1225 4861 1350 4942 aequale
1380 4862 1510 4941 spatium
1538 4860 1628 4924 citius
1660 4860 1738 4923 alius
