3814 5818
760 321 965 374 mum.

179 490 284 544 centra
306 478 421 541 orbium
447 485 568 542 tantum
590 496 658 541 cnm
679 477 752 542 Sole
775 486 893 552 movet,
925 479 1024 541 altera
1051 478 1081 541 in
1104 477 1202 559 ipsum
1234 480 1355 560 iusuper
1377 480 1480 545 Solem
1504 503 1543 547 ea

179 570 319 632 collocat.
365 568 431 630 Nec
454 568 546 630 debet
567 585 688 629 movere
711 585 905 648 quemquam,
937 568 1016 648 quod
1045 585 1138 648 cupre
1159 569 1236 643 dixi,
1267 570 1456 650 planetarum
1479 573 1541 634 cir·

178 658 276 721 onitas
298 658 330 719 in
353 656 516 737 Apollonio
538 662 572 717 et
593 674 665 718 vero
688 663 722 717 ιι
743 645 815 719 li'oto
839 656 878 718 ad
901 654 984 718 Solis
1006 654 1226 737 pressoriptum
1249 665 1283 720 ιι
1304 677 1371 721 cum
1391 677 1427 720 eo
1451 659 1542 725 situm

133 796 148 817 ,
178 754 315 809 mutare:
340 753 375 807 ιιι
396 752 558 825 propterea
572 744 653 807 Urso
675 743 763 806 tidem
786 743 931 807 adhibeat
950 745 1110 815 merenti,
1134 746 1329 825 Apollonium
1344 765 1382 809 ex
1400 747 1541 810 Aristar·

177 835 234 897 cbo
256 835 350 915 loqui.
395 834 476 896 Nam
499 833 705 913 sinumque
729 832 855 895 turmam
877 832 1076 912 problematis
1090 834 1284 913 Apolloniaui
1308 835 1387 897 iuter
1409 854 1442 898 ιι
1466 856 1540 899 cou-

179 925 271 999 ieras,
296 922 415 985 videbis
438 922 627 985 occasionem
650 921 778 983 alterins
801 922 914 985 formes
938 921 1158 1002 excogitandae
1181 942 1239 985 uon
1258 942 1298 985 ex
1312 923 1385 986 visis
1398 924 1540 988 Aristar-

179 1012 307 1085 ubianis,
329 1011 386 1073 sed
409 1029 448 1073 ex
476 1009 586 1090 prioris
602 1013 725 1086 formae,
751 1028 828 1089 qnae
842 1009 1031 1073 Ptolemaics
1048 1020 1106 1085 est,
1132 1012 1369 1091 transpositione
1392 1014 1495 1076 tinere.

266 1098 343 1163 Cum
365 1099 444 1161 euim
463 1099 530 1179 jam
552 1107 616 1161 tum
640 1098 719 1161 inter
741 1107 931 1160 astronomos
948 1118 1002 1161 seu
1017 1107 1189 1179 geometres
1212 1101 1415 1175 convenisset,
1440 1103 1543 1165 omnia

159 1199 252 1272 ‘qnae
278 1208 334 1270 per
361 1188 546 1251 ecoentricos
569 1188 813 1250 demonstrantur
845 1205 936 1268 posse
958 1187 1066 1250 itidem
1089 1195 1121 1250 et
1152 1206 1207 1268 per
1228 1189 1452 1253 coucsntricum
1474 1210 1541 1255 enm

176 1279 326 1361 spicyolo:
358 1277 538 1357 Apollonius
567 1277 634 1357 jam
665 1276 696 1338 in
726 1275 820 1355 priori
850 1275 1050 1357 problematis
1081 1275 1129 1338 sui
1162 1277 1259 1340 forma
1291 1278 1540 1359 inaequalitatem

175 1367 195 1431 5
218 1368 410 1448 planetarum
430 1384 486 1446 per
506 1365 673 1447 epicyolmn
696 1364 726 1427 in
749 1365 940 1427 concentrico
963 1363 1086 1427 eontisri
1110 1365 1149 1427 ab
1173 1366 1356 1430 uunuomis
1379 1378 1542 1449 acceperut

177 1464 209 1518 et
228 1462 425 1518 assumserat.
473 1451 621 1516 Ststnunt
643 1453 722 1515 enim
745 1451 922 1515 Ptolemaiei
946 1453 975 1515 in
1000 1452 1122 1516 orbibus
1146 1450 1368 1535 superiorum
1391 1463 1540 1520 trescase

174 1545 338 1626 epicyclos‚
374 1544 425 1624 qni
447 1542 594 1623 superiori
617 1551 705 1624 parts
727 1541 758 1603 in
781 1542 908 1604 eandem
930 1543 1053 1623 plagam
1078 1552 1257 1606 moveantur
1280 1562 1346 1605 cum
1370 1545 1540 1609 eccentrioo

174 1653 212 1695 ea
234 1634 312 1712 lege,
336 1641 380 1706 ut,
404 1650 471 1719 cum
495 1640 636 1694 centrum
661 1629 789 1714 epieyeli
812 1637 862 1692 est
884 1650 952 1693 curn
976 1629 1058 1703 Sole,
1080 1630 1206 1710 planeta
1228 1631 1271 1694 sit
1284 1651 1403 1712 semper
1416 1633 1446 1695 in
1462 1652 1539 1713 apo·

173 1740 250 1802 gaen
274 1720 412 1804 epicyoli.
459 1719 547 1782 Hane
569 1737 642 1800 ergo
667 1722 793 1783 formam
816 1719 1005 1799 transposuit
1028 1718 1207 1800 Apollonius
1230 1721 1261 1783 in
1284 1721 1428 1798 alteram,
1462 1740 1540 1803 quae

173 1811 204 1872 in
228 1810 397 1873 eocentrico
421 1808 578 1871 consistit:
601 1817 693 1889 utque
716 1807 747 1872 id
770 1814 852 1868 recte
876 1808 975 1881 lieret,
1007 1806 1143 1887 oportuit
1165 1809 1283 1871 omnino
1307 1817 1421 1873 ιιιιιιιιιι
1444 1811 1542 1875 centri

172 1898 335 1962 scosntrici
358 1897 423 1981 (qui
447 1905 496 1960 eet
516 1914 571 1977 pro
594 1905 677 1960 motu
701 1895 842 1978 epinycli)
865 1897 905 1957 ad
929 1895 1034 1959 Solem
1057 1896 1194 1976 alligare,
1218 1897 1290 1978 quis
1311 1897 1394 1978 prius
1417 1908 1450 1962 st
1472 1900 1539 1981 epi·

172 1987 252 2070 cycli
284 1986 367 2049 eirca
397 2004 484 2048 sunm
511 1994 647 2048 centrum
681 1982 838 2047 conversio
870 1985 910 2046 ad
933 1982 1038 2048 Solem
1069 1984 1264 2065 alligabatur.
1310 1986 1396 2051 Haec
1409 1989 1540 2051 “oemio

173 2076 262 2158 bajus
285 2074 499 2158 hypotheseos,
526 2093 582 2136 non
606 2083 689 2136 certe
713 2073 784 2136 alia.

258 2163 536 2227 Demonstrationis
559 2182 654 2225 causa
677 2160 834 2225 describa-

168 2264 218 2316 tnr
248 2260 352 2315 centro
381 2252 415 2314 M
447 2260 480 2313 ιι
511 2251 736 2314 secentuicitste
774 2248 840 2311 AM

168 2340 354 2405 oecsntricus
372 2339 465 2404 EFH.
510 2338 587 2403 Cum
609 2358 681 2420 ergo
705 2346 839 2401 centrum

167 2432 201 2493 M
224 2431 291 2492 loco
313 2448 371 2492 non
386 2437 522 2492 movetur
548 2448 603 2509 per
624 2428 838 2511 circumissen-

167 2520 243 2581 tiam
269 2518 347 2592 MN,
381 2518 510 2580 circulus
535 2518 688 2598 perfectus
720 2513 837 2581 descri-

167 2608 256 2670 betur
293 2624 350 2687 per
384 2606 477 2669 EFH.
533 2606 694 2668 videbitur
736 2612 836 2666 motus
926 2617 929 2650 ··

167 2696 278 2758 stellae
291 2713 330 2756 ex
345 2697 376 2757 A
397 2695 504 2758 tardus
522 2694 603 2757 circa
616 2694 644 2755 Ε
658 2709 834 2774 apogaeum,
898 2669 940 2765 ‘t

167 2785 258 2847 velox
288 2785 370 2847 ιίιιιι
390 2784 417 2845 Ρ
442 2783 626 2865 perigeeum.
671 2782 757 2845 Idem
781 2798 836 2841 so·
882 2726 986 2876 'ab

166 2874 264 2945 uidet,
295 2873 323 2936 si
353 2873 543 2936 describetur
573 2879 677 2935 centro
703 2870 735 2933 A
762 2887 837 2931 con-
883 2847 915 2990 Ἰ

167 2961 318 3025 cenninus
344 2957 445 3037 BOD,
480 2968 512 3023 et
542 2961 572 3024 in
604 2979 641 3022 so
672 2959 836 3041 epicyclne,

167 3051 253 3131 cujus
284 3044 389 3114 rudius
420 3050 487 3126 BE,
532 3049 585 3113 CF
619 3051 669 3114 rel
700 3048 760 3110 ΒΗ
794 3045 838 3108 sit

167 3140 305 3221 aequalis
319 3141 385 3203 AM
400 3139 619 3202 eccenuicitati
635 3137 744 3220 priori:
768 3154 835 3198 mo-

167 3238 218 3292 tus
245 3247 317 3291 vero
348 3229 393 3291 sic
424 3237 496 3291 suut
525 3229 707 3309 compareti,
739 3234 774 3289 ut
804 3234 837 3287 et

167 3318 250 3380 orbis
271 3317 333 3380 ME
355 3317 437 3399 prior
464 3335 554 3398 snper
576 3318 611 3379 M
641 3326 675 3382 et
696 3316 753 3380 AB
775 3332 835 3396 po-

167 3407 277 3470 sterior
298 3425 389 3487 super
410 3408 441 3470 A
465 3405 632 3488 sequalitsr
654 3414 687 3469 et
708 3406 738 3469 in
760 3422 835 3488 par·

167 3505 216 3559 tes
238 3496 364 3558 easdem
386 3494 545 3572 incedant,
577 3495 675 3557 linere
698 3514 769 3558 vero
798 3511 836 3554 ux

167 3584 204 3660 E,
227 3586 264 3658 F,
285 3585 316 3646 Η
337 3585 577 3666 planetaperB,
604 3581 683 3660 O,D
702 3591 837 3645 centrum

168 3674 295 3755 epiopoli
318 3676 426 3738 ιιιιιιιι
450 3674 548 3736 lineas
572 3674 635 3736 MA
658 3670 838 3736 eecentrici-

168 3763 226 3824 tati
240 3772 385 3845 perpetuo
400 3763 605 3845 aequidistent
619 3763 688 3825 dnm
710 3761 922 3831 circumfertur
939 3769 1069 3835 innon
1087 3770 1289 3834 concentrico.
1337 3767 1408 3844 Qua
1419 3775 1540 3838 ratione
1559 3774 1562 3781 ’

168 3852 306 3929 ettcitnr,
330 3862 366 3915 ut
388 3853 539 3945 epicyclus
562 3851 593 3912 in
616 3870 685 3915 sese
713 3858 745 3912 et
768 3858 1025 3933 respectentur
1049 3859 1181 3922 universi
1203 3876 1262 3921 non
1283 3860 1382 3923 minus
1402 3863 1541 3942 quiescet

169 3959 260 4022 qnam
280 3943 315 4003 M
337 3950 479 4022 punctum
504 3939 642 4023 quiescit
691 3938 754 4002 Sed
779 3938 955 4018 geometrae
980 3947 1019 4010 ad
1042 3945 1086 4018 Ε,
1112 3945 1156 4024 G,
1180 3947 1206 4009 Ι»
1219 3966 1388 4029 apogaeum
1411 3951 1539 4034 epicycli

169 4031 368 4110 respicientes
391 4032 495 4094 dicunt
522 4029 676 4110 planetam
703 4029 735 4091 in
758 4030 894 4114 epicyclo
919 4054 979 4097 non
1004 4035 1172 4116 quiescere,
1208 4037 1262 4099 sed
1291 4037 1404 4101 moveri
1427 4039 1457 4101 ln
1481 4057 1538 4120 op-

168 4118 302 4200 positum
325 4119 493 4183 eccentrico
522 4136 565 4181 sc.
591 4136 630 4179 ex
653 4116 684 4180 G
706 4118 738 4180 in
760 4120 786 4181 F
808 4129 896 4183 tanto
921 4143 1007 4200 meu,
1041 4132 1171 4205 quantus
1195 4132 1245 4187 est
1266 4124 1337 4199 BC,
1368 4127 1420 4190 via
1442 4128 1538 4192 centri

171 4208 310 4290 epicyoli.
355 4208 433 4271 Esto
453 4209 522 4289 jam
546 4215 580 4268 nt
593 4206 628 4268 M
642 4215 777 4270 centrum
800 4211 961 4275 eccentrici
977 4222 1133 4277 moveatur
1155 4222 1187 4278 et
1207 4215 1298 4278 sliter
1310 4214 1430 4297 quidem
1449 4235 1538 4299 quam

151 4298 376 4377 ⁸eccentriens:
400 4304 563 4359 moveatur
585 4295 673 4358 modo
697 4295 726 4357 in
750 4297 872 4378 plagam
896 4302 1021 4364 eandem
1045 4302 1075 4364 iu
1095 4322 1185 4383 qnam
1207 4311 1239 4365 et
1263 4305 1458 4381 eccentrions,
1482 4305 1538 4367 sed

172 4386 305 4450 velocius
329 4386 398 4463 illo,
422 4394 456 4449 ιιι
480 4385 668 4448 eccsntrieue
687 4385 808 4465 quidem
831 4391 972 4470 angulum
992 4388 1095 4466 QLK,
1122 4398 1258 4455 centrum
1280 4409 1353 4456 vero
1377 4394 1537 4458 eccentrici

171 4477 313 4557 angulum
336 4477 429 4540 MAL
457 4474 627 4538 conficiant.
674 4473 746 4535 Fiet
776 4476 833 4539 hoe
860 4488 953 4558 pacto
990 4488 1023 4542 nt
1046 4478 1139 4542 stelle
1170 4480 1208 4542 ab
1231 4479 1259 4541 Ε
1281 4481 1312 4543 in
1335 4481 1366 4543 K
1392 4483 1538 4546 velociter

171 4565 311 4628 videatur
334 4566 518 4628 descendere
550 4584 606 4626 nec
635 4561 779 4625 circulum
806 4567 973 4645 perlectum
1003 4567 1165 4630 describat
1211 4568 1297 4632 ldem
1325 4571 1360 4633 tt
1386 4590 1440 4653 per
1463 4591 1536 4635 con-

172 4654 336 4717 centricum
364 4672 431 4717 cum
453 4653 604 4735 epioyclo,
638 4650 690 4714 nbi
719 4654 927 4718 concentricus
955 4655 1004 4718 hic
1033 4656 1113 4720 illius
1137 4658 1298 4722 eceentriui
1328 4667 1442 4722 motum
1466 4680 1536 4724 sus·

171 4743 255 4823 cipit,
280 4742 433 4825 epieyclus
456 4761 529 4806 veru
553 4741 671 4805 sivein
694 4757 731 4801 eo
755 4742 846 4804 stella
868 4743 899 4805 K
921 4752 1037 4807 motum
1060 4744 1123 4809 illic
1145 4747 1241 4809 centri
1270 4747 1444 4823 ecceutrici,
1478 4768 1536 4811 uu-

170 4833 347 4896 merandnm
371 4853 390 4894 ιι
412 4834 494 4897 lines
516 4826 575 4896 pfl
599 4829 824 4913 aequidistante
846 4832 927 4908 AM,
955 4841 991 4897 ut
1012 4833 1103 4927 ΗΒΚ
1125 4842 1158 4898 st
1179 4836 1273 4899 ΜΔΕ
1295 4833 1359 4899 sint
1381 4836 1535 4920 aequales.
