3838 5824
384 410 446 479 140
648 419 652 427 ·
892 406 1006 472 Mysteni
1025 404 1225 472 Oormographicl

379 572 459 636 iuter
483 590 516 634 se
541 576 573 634 et
595 589 661 632 cum
684 569 803 648 integra
826 573 1001 629 consonent.
1017 563 1046 641 ¹¹)
1091 565 1185 627 Porro
1210 568 1353 643 quotcam
1379 559 1541 622 illiusmodi
1570 576 1662 620 voces
1685 575 1741 618 oc-

380 669 510 734 currant,
537 678 625 722 aures
648 657 793 720 iudicant.
840 655 907 735 Ego
931 655 1086 717 schemate
1110 661 1143 715 et
1164 649 1294 717 numeris
1318 649 1425 710 dicam.

389 937 637 1032 -Ξ-ΘἹ
678 893 816 1006 :²²¹
855 985 884 1005 Ξ
927 932 955 952 “
988 960 1153 1026 ¹5·-
1192 890 1368 1001 ·”,-.ι

473 1058 554 1118 Vide
577 1075 655 1117 nuuc
680 1064 713 1116 et
734 1046 817 1134 ipsas
840 1053 1023 1125 harmonias,
1047 1063 1079 1114 et
1101 1052 1202 1113 fidium
1223 1048 1432 1130 proportiones
1456 1047 1485 1108 in
1509 1045 1658 1108 numeris:
1690 1045 1741 1107 ubi

381 1153 455 1209 uota
477 1145 540 1207 ima
563 1144 716 1224 siguificat
741 1162 847 1205 vocem
874 1142 1011 1221 integrae
1038 1140 1123 1215 fidis,
1157 1157 1297 1219 suprema
1326 1155 1430 1198 vocem
1458 1134 1552 1214 partis
1583 1132 1739 1207 brevioris,

379 1235 480 1295 media
500 1251 606 1295 vocem
630 1232 729 1312 partis
758 1231 920 1310 longioris3
953 1248 1093 1291 numerus
1127 1228 1205 1290 imus
1233 1226 1348 1289 iudicat
1374 1226 1405 1286 in
1434 1230 1507 1303 quot
1534 1229 1637 1301 partes
1666 1221 1741 1302 fides

379 1322 541 1384 dividenda
564 1321 625 1395 sit;
649 1320 768 1400 reliqui,
794 1318 997 1397 longitudines
1019 1317 1161 1398 partium.

618 1434 630 1483 1
665 1434 679 1505 :g

466 1895 568 1975 Atque
594 1894 650 1955 lrae
673 1895 758 1956 solae
782 1913 872 1956 voces
896 1893 968 1956 mihi
992 1893 1147 1956 naturales
1167 1891 1318 1963 videntur,
1343 1899 1503 1971 propterea
1525 1890 1604 1970 quod
1628 1888 1742 1950 habeut

376 1984 580 2045 indubitatum
603 2002 766 2045 numerum.
783 1982 815 2057 Ι).
853 1980 981 2044 Ceterae
1010 2001 1101 2043 voces
1131 2000 1189 2042 non
1218 1987 1347 2059 possunt
1376 1987 1461 2041 certa
1483 1978 1678 2058 proportione
1702 1976 1740 2037 ad

373 2073 437 2150 jam
451 2071 568 2150 positas
584 2071 721 2150 exprimi.
734 2066 779 2145 ⁴⁰)
817 2072 897 2132 Nam
911 2071 1056 2132 vocemF
1075 2071 1106 2130 fa
1125 2077 1166 2142 ιιι,
1192 2068 1284 2129 aliam
1307 2066 1385 2131 exC
1409 2069 1454 2130 sol
1479 2069 1512 2129 fa
1534 2075 1577 2141 ut,
1601 2066 1739 2146 desuper,

377 2159 469 2222 aliam
493 2179 531 2221 ex
552 2159 578 2220 B
603 2159 643 2220 mi
666 2160 749 2222 molli
772 2158 896 2221 inferius
921 2153 1081 2233 elicies,¹¹)
1115 2164 1264 2237 utcunque
1293 2158 1350 2243 hae
1379 2157 1455 2218 duae
1474 2157 1628 2235 perfectae
1651 2154 1741 2234 quin-

378 2257 427 2310 tae
453 2267 520 2310 esse
544 2242 767 2321 videantur.¹¹)
805 2246 868 2308 Sed
891 2247 931 2308 ad
954 2266 1026 2309 rem.
1072 2246 1176 2308 Prima
1199 2254 1231 2306 et
1254 2245 1387 2307 secunda
1410 2245 1570 2308 concordia
1593 2243 1740 2323 quodam-

376 2337 464 2399 modo
489 2336 589 2399 sociae
613 2344 701 2409 sunt;
725 2337 769 2399 sic
793 2337 887 2398 etiam
911 2335 1016 2417 quinta
1030 2342 1062 2398 et
1076 2344 1174 2396 sexta.
1214 2331 1290 2396 Cum
1314 2334 1392 2396 euim
1417 2333 1612 2413 imperfectae
1637 2348 1741 2393 omues

377 2425 439 2487 sint
453 2423 494 2499 ¹):
520 2424 608 2487 binae
632 2443 766 2504 semper,
791 2445 851 2487 una
874 2425 963 2498 dura,
987 2424 1085 2486 altera
1108 2423 1224 2496 mollis,
1248 2422 1437 2502 conspirant,
1461 2429 1496 2483 ut
1518 2419 1646 2499 singulis
1669 2438 1741 2500 per-

378 2513 467 2576 fectis
482 2513 700 2593 quodammodo
717 2513 958 2594 aequiparentur.
993 2512 1059 2575 Nec
1083 2512 1244 2574 admodum
1268 2511 1405 2573 diversas
1429 2509 1593 2571 divisiones
1616 2508 1738 2570 habeut

376 2602 456 2665 Nam
487 2594 517 2680 Ἰ,
538 2608 579 2683 ¹et
610 2595 640 2683 Ἰ,
669 2621 737 2663 sese
761 2602 876 2664 habent
899 2601 937 2662 ad
961 2600 1106 2676 invicem,
1136 2607 1170 2663 ut
1198 2595 1249 2684 Ἃ,
1278 2608 1310 2661 et
1337 2592 1408 2679 ⁶!„‚
1440 2617 1517 2679 quae
1540 2605 1657 2659 tantum
1682 2615 1742 2658 una

377 2690 534 2769 trigesima
559 2689 709 2752 differunt.
757 2689 809 2752 Sic
840 2684 873 2771 Ἰ,
901 2700 933 2751 et
962 2682 994 2772 Ἰ,
1024 2708 1057 2751 se
1080 2689 1194 2755 habent
1216 2688 1255 2749 ad
1279 2688 1416 2762 invicem,
1442 2695 1476 2748 ut
1505 2681 1571 2765 ¹⁶1„
1600 2694 1632 2747 et
1657 2678 1739 2768 “Ι,,,

373 2778 519 2841 differunt
555 2778 649 2857 igitur
679 2786 798 2840 tantum
831 2798 891 2840 oua
924 2778 1155 2858 quadragesima
1191 2776 1350 2857 particula.
1407 2778 1509 2854 Atque
1542 2775 1587 2836 ita
1619 2772 1738 2854 proprie

377 2866 534 2945 loquendo,
560 2873 678 2927 tautum
703 2866 833 2950 quinque
852 2868 882 2928 in
897 2867 1012 2929 musica
1032 2866 1178 2928 habemus
1202 2864 1387 2940 concordias,
1413 2865 1628 2925 adnumerum
1652 2861 1739 2942 quin-

377 2974 433 3036 que
458 2972 625 3034 corporum.
674 2954 812 3027 Quodsi
838 2964 955 3036 septem
979 2956 1158 3018 divisionum
1182 2954 1210 3015 iu
1236 2948 1271 3027 6,
1296 2951 1327 3026 5,
1352 2948 1387 3027 4,
1412 2949 1446 3027 3,
1472 2949 1507 3026 8,
1532 2950 1567 3025 5,
1593 2949 1629 3026 2,
1655 2969 1739 3011 com-

375 3063 492 3105 munem
516 3039 669 3105 minimum
694 3044 846 3107 dividuum
870 3064 1009 3123 quaeras,
1033 3063 1151 3105 rursum
1172 3043 1308 3105 invenies
1335 3039 1406 3117 120,
1431 3047 1587 3119 utsupra,
1612 3058 1679 3102 cum
1703 3039 1740 3099 ds

375 3132 521 3194 divisione
544 3132 661 3194 zodiaci
686 3151 853 3211 ageremus,
862 3137 897 3205 ¹³²)
920 3134 1122 3212 perfectarum
1146 3151 1217 3193 vero
1241 3132 1468 3193 concordiamm
1483 3128 1635 3190 minimum
1659 3127 1739 3188 diri-

375 3221 465 3281 duum
488 3238 606 3282 rursum
633 3218 689 3282 12:
714 3222 803 3300 plane
829 3221 915 3301 quasi
938 3221 1092 3300 perfectae
1117 3219 1297 3282 concordiae
1321 3240 1340 3279 a
1363 3219 1510 3298 quadrato
1530 3226 1566 3299 'et
1590 3216 1740 3296 triangulo

375 3308 451 3381 cubi,
478 3308 625 3370 tetraddri
648 3315 680 3369 et
703 3309 849 3379 octaedri,
873 3309 1068 3388 imperfectae
1093 3326 1164 3369 vero
1189 3328 1208 3368 a
1231 3306 1398 3385 decaogolo
1423 3305 1603 3386 reliquorum
1617 3307 1741 3368 duorum

376 3413 533 3474 corporum
556 3395 757 3474 provenirent.
774 3400 803 3471 ¹¹)
850 3396 951 3474 Atque
975 3395 1051 3456 haec
1080 3396 1214 3457 secunda
1243 3402 1292 3455 est
1320 3412 1476 3473 corporum
1504 3394 1644 3473 cognatio
1674 3412 1740 3455 cum

375 3483 543 3544 concordiis
568 3483 699 3544 musicis.
747 3483 809 3545 Sed
833 3482 904 3563 quia
927 3502 1037 3543 causas
1065 3482 1153 3561 hujus
1182 3482 1373 3561 cognationis
1401 3482 1588 3560 ignoramus,
1619 3482 1739 3545 difficile

376 3578 424 3632 est
447 3571 674 3637 accommodare
698 3570 833 3651 singulas
858 3570 1029 3632 harmonias
1054 3571 1179 3651 siugulis
1204 3571 1389 3650 corporibus.
1405 3571 1432 3644 ⁰)

465 3658 614 3721 Videmus
639 3657 757 3739 quidem
782 3661 856 3721 duos
887 3660 1109 3722 harmoniarum
1141 3660 1279 3736 ordines,
1314 3666 1377 3721 tres
1407 3658 1560 3738 simplices
1588 3659 1740 3738 perfectas

374 3755 407 3808 et
430 3746 504 3808 duas
529 3747 663 3827 duplices
687 3747 904 3828 imperfectas:
934 3748 1012 3810 sicut
1035 3749 1095 3811 tria
1117 3748 1261 3827 primaria
1286 3767 1429 3828 corpora,
1460 3749 1517 3809 duo
1541 3748 1738 3810 secundaria:

375 3855 477 3898 verum
502 3855 568 3897 cum
591 3835 707 3915 reliqua
731 3857 788 3899 non
820 3837 1014 3908 conveniant,
1046 3837 1214 3899 deserenda
1243 3846 1290 3899 est
1319 3839 1393 3899 haec
1425 3835 1597 3898 conciliatio
1623 3844 1653 3899 et
1677 3837 1739 3899 alia

374 3925 531 3987 tentanda.
546 3928 575 3997 p)
621 3924 739 4006 Nempe
763 3925 842 3988 sicut
866 3925 1075 3989 dodecatdron
1104 3935 1136 3989 et
1164 3925 1342 3988 icosaedrou
1372 3944 1425 3988 suo
1455 3925 1623 4004 decaogulo
1648 3944 1739 4004 supra

375 4020 523 4075 auxerunt
546 4014 761 4076 duodenarium
784 4034 877 4097 usque
901 4015 941 4076 ad
969 4013 1123 4090 l20,.ita
1149 4014 1198 4078 hic
1226 4015 1423 4095 imperfectae
1455 4014 1628 4075 harmoniae
1658 4014 1738 4075 idem

377 4101 502 4163 faciunt.
1045 4128 1049 4137 ’

463 4190 562 4252 Erunt
590 4189 683 4269 igitur
709 4190 748 4253 ad
776 4192 902 4266 cubum,
936 4192 1094 4273 pyramide
1122 4199 1155 4252 et
1183 4193 1346 4255 octa'e'dron
1372 4189 1643 4253 accommodandae
1666 4208 1738 4268 per-

376 4280 475 4341 fectae
499 4279 687 4353 harmoniae,
718 4280 757 4342 ad
785 4280 994 4343 dodecatdron
1019 4291 1051 4341 et
1074 4279 1253 4342 icosai'rdron
1278 4281 1482 4360 imperfectae.
1529 4276 1597 4348 Quo
1621 4278 1740 4340 accedit

375 4376 407 4429 et
430 4367 502 4431 illud
526 4378 615 4447 atque
640 4369 739 4430 hercle
763 4367 892 4431 iudicem
917 4369 1043 4449 digitum
1068 4369 1105 4430 ad
1125 4388 1250 4431 causam
1269 4371 1490 4431 harum'rerum
1505 4366 1740 4428 occultissimam

376 4456 517 4531 intendit,
534 4460 563 4530 ι1)
594 4457 672 4537 quod
702 4457 836 4538 proximo
867 4457 966 4537 capite
994 4457 1187 4519 habebimus:
1219 4458 1297 4519 vduos
1326 4476 1431 4536 nempe
1463 4476 1530 4517 esse
1554 4456 1738 4534 geometriae

375 4545 544 4621 thesauros,
566 4565 674 4607 unum:
699 4547 861 4608 subtensae
875 4547 905 4607 in
921 4545 1098 4626 rectaugulo
1113 4546 1260 4609 rationem
1275 4546 1315 4607 ad
1329 4546 1436 4618 latera,
1461 4546 1604 4605 alterum:
1630 4544 1740 4606 lineam

376 4640 512 4695 extrema
535 4641 567 4695 et
581 4634 679 4695 media
699 4635 816 4697 ratione
831 4643 956 4708 sectam,
972 4638 997 4707 ¹)
1022 4654 1144 4713 qoomm
1168 4655 1205 4697 ex
1230 4635 1281 4697 illo
1305 4635 1382 4701 cubi,
1406 4632 1571 4715 pyramidis
1595 4641 1627 4693 et
1650 4642 1738 4694 octa-

292 4782 296 4788 .
377 4722 441 4784 edri
474 4723 657 4785 constructio
691 4724 775 4798 fluit,
815 4742 852 4785 ex
884 4725 941 4784 hoc
974 4741 1045 4783 vero
1083 4723 1267 4786 constructio
1301 4723 1482 4785 dodecaddri
1516 4732 1548 4782 et
1581 4720 1738 4783 icosaddri.

377 4811 464 4875 Unde
488 4819 552 4873 tam
576 4810 732 4879 faciliset
755 4812 902 4890 regularis
927 4819 975 4872 est
998 4811 1155 4891 inscriptio
1178 4811 1342 4894 pyramidis
1361 4809 1524 4884 insulsum,
1550 4811 1684 4871 octae‘dri
1711 4810 1739 4871 in

379 4909 556 4983 utrumque,
589 4899 669 4965 sicut
695 4900 877 4963 dodecatdri
904 4899 933 4961 in
963 4900 1151 4964 icosatdron.
1199 4901 1242 4964 Ut
1269 4907 1372 4963 autem
1399 4899 1536 4983 singulae
1568 4899 1739 4962 harmoniae
