3872 5836
594 364 626 416 a
644 364 791 417 conano
815 369 842 418 a
860 367 1111 421 munuum
1473 367 1540 436 413

182 517 256 592 AG,
279 528 312 582 et
334 537 405 582 csse
426 521 458 583 iu
480 521 520 598 K,
542 522 573 584 N
595 525 716 603 punctis
739 526 785 588 sui
808 525 947 601 orbis.*)
975 527 1038 607 ,At
1051 526 1114 589 dixi
1132 532 1230 588 antea
1252 527 1392 607 vernales
1410 529 1540 609 eclipses

183 610 267 671 circa
290 607 321 671 G
343 609 472 685 tardius,
496 613 686 675 autumnales
702 615 829 677 otmar
852 614 941 678 citius
964 634 1111 697 apparere
1135 633 1224 696 qnam
1246 615 1276 677 iu
1293 616 1419 679 calculo.
1462 617 1538 680 Cal-

183 697 268 760 culus
291 696 384 778 igitur
406 697 509 760 Solem
532 700 612 763 infra
634 702 682 763 vel
705 712 776 783 post
798 703 828 764 K
848 705 880 766 in
901 704 928 766 L
951 705 1080 784 reponit,
1104 712 1135 766 et
1158 712 1228 766 ante
1251 704 1280 767 N
1304 704 1334 766 in
1359 703 1397 781 Ο,
1426 715 1459 768 ut
1482 727 1539 787 ap-

179 793 291 867 pareat
321 784 353 848 in
374 785 417 863 E,
449 787 490 855 Η.
537 787 605 860 Quo
637 803 727 870 pacto
751 793 816 867 fiet,
850 802 884 854 ut
902 792 985 856 LBO
1018 794 1061 855 sit
1093 793 1240 856 diameter
1270 794 1431 857 ecoeutrioi
1454 793 1559 873 Solis,

183 883 217 937 et
238 875 266 937 B
289 883 427 939 centrum
449 877 513 956 ejus
535 879 660 959 propius
675 881 788 943 Terrae
811 881 843 942 in
865 883 992 957 calculo,
1018 901 1106 964 quarn
1125 882 1155 944 iu
1175 882 1397 945 observatione.
1434 880 1538 953 Quare

180 963 208 1027 si
237 983 330 1026 musa
361 965 471 1028 erroris
503 966 659 1048 eclipsium
681 972 869 1034 conferretur
899 972 1073 1034 incursum
1102 970 1198 1045 Solis,
1233 972 1427 1034 statuendum
1455 980 1539 1035 esset

181 1054 329 1134 majorem
361 1073 431 1117 esse
454 1053 536 1118 Solis
566 1058 821 1122 eccentrioitatem
845 1060 935 1139 duplo
960 1062 1037 1135 fere,
1072 1080 1161 1141 quam
1184 1080 1203 1120 a
1224 1060 1340 1123 calculo
1364 1061 1536 1124 assumitur.

181 1143 228 1205 At
249 1142 319 1205 vide
338 1161 415 1222 quae
439 1144 571 1217 absurda
594 1159 798 1227 sequerentur.
844 1150 924 1211 Nam
947 1149 974 1211 si
998 1149 1095 1228 major
1116 1148 1197 1211 Solis
1220 1148 1441 1223 eccentricitas,
1466 1170 1537 1230 ergo

180 1241 214 1293 ot
237 1231 353 1311 longior
376 1234 512 1296 aestivus
534 1235 751 1312 semicirculus,
775 1246 808 1298 et
830 1238 1127 1313 brevior'bibernus,
1160 1256 1248 1318 quam
1271 1245 1400 1319 quantos
1423 1239 1538 1302 faciunt

180 1320 356 1382 astronomi.
400 1322 447 1384 At
468 1324 633 1386 astronomi
660 1344 719 1387 non
741 1333 870 1406 possunt
892 1345 992 1389 enare
1015 1326 1079 1402 bic,
1104 1328 1174 1406 quia
1196 1327 1291 1397 facile
1314 1336 1364 1389 est
1391 1329 1537 1390 terminos
1563 1354 1570 1365 ·

180 1408 237 1470 boa
268 1427 307 1471 ex
334 1411 546 1473 observatione
578 1414 836 1494 aequinoctiorum
862 1415 941 1478 sams
972 1422 1094 1496 promta
1125 1416 1319 1478 constituere.
1365 1417 1449 1496 Ergo
1483 1426 1537 1479 aut

180 1496 237 1561 Sol
260 1516 319 1559 non
342 1510 392 1560 est
413 1519 507 1562 causa
529 1502 616 1582 hujus
640 1504 750 1566 erroris
773 1505 855 1567 circe
876 1505 1021 1584 eclipses,
1050 1511 1104 1566 aut
1127 1505 1349 1566 concedendum
1372 1506 1431 1567 erit
1453 1507 1535 1568 alte-

182 1605 250 1649 rum
273 1587 451 1650 absurdum:
475 1607 582 1671 nempe
596 1590 699 1655 Solem
721 1593 753 1655 in
775 1611 830 1657 suo
854 1592 926 1656 orbe
949 1593 1118 1657 eccentrico
1142 1591 1262 1655 circaC
1286 1612 1345 1655 non
1369 1595 1537 1675 aequaliter

179 1675 408 1748 incedere-sed
432 1678 544 1740 habere
567 1688 703 1745 centrum
725 1682 962 1763 aequalitatisB
984 1682 1109 1763 propius
1124 1681 1249 1743 Terram
1264 1685 1337 1763 (quo
1352 1684 1441 1745 modo
1464 1703 1533 1745 ma-

180 1773 289 1827 nerent
310 1765 355 1827 illi
382 1769 496 1829 numeri
519 1769 705 1833 aestivorum
731 1778 765 1833 et
786 1771 964 1835 brumalium
988 1772 1120 1845 dierum)
1142 1779 1250 1832 contra
1272 1790 1362 1854 qnam
1389 1772 1421 1834 in
1444 1791 1537 1853 supe-

181 1853 319 1927 rioribus,
343 1854 394 1917 ubi
417 1867 554 1919 centrum
577 1859 774 1940 aequalitatis
798 1882 818 1929 a
840 1862 935 1924 Terra
957 1860 1075 1940 lougius
1099 1860 1197 1922 abest.
1245 1857 1334 1930 Quod
1357 1859 1384 1921 si
1398 1861 1465 1942 quis
1478 1863 1536 1923 hoc

181 1942 258 2004 nolit
279 1961 334 2022 pro
357 1944 488 2006 absurdo
511 1947 637 2023 babere,
668 1950 762 2011 fretus
786 1951 923 2031 exemplo
947 1948 1099 2017 Mercurii.
1123 1948 1192 2011 huic
1216 1949 1308 2010 aliam
1330 1968 1454 2011 causam
1477 1968 1533 2030 ap-

179 2048 275 2111 pono,
308 2051 368 2113 qna
390 2033 577 2111 demonstro,
613 2037 715 2099 Solem
745 2057 804 2100 non
835 2058 904 2101 esse
931 2037 962 2100 in
991 2057 1085 2101 causa
1112 2037 1200 2117 hujus
1229 2038 1338 2099 erroris
1368 2039 1534 2118 eclipsium.

182 2119 265 2182 Nam
288 2121 337 2182 die
359 2121 520 2184 Pascbatis
543 2135 614 2204 post
636 2126 761 2207 eclipsin
785 2136 876 2189 noctu
898 2128 974 2190 hora
997 2126 1175 2189 duodecima
1197 2127 1284 2188 Luna
1307 2127 1399 2205 plena
1420 2129 1536 2189 coelum

181 2208 327 2271 mediavit
348 2228 416 2273 cum
439 2210 583 2276 Saturno.
629 2215 677 2276 En
701 2236 760 2297 qua
783 2216 994 2279 observatione
1022 2215 1174 2278 mediante
1197 2215 1396 2278 calculatione
1420 2217 1535 2278 evinci-

182 2304 246 2370 tur,
268 2298 373 2361 Lunae
397 2301 494 2363 locum
517 2303 697 2365 etiamtum
721 2305 814 2367 fuisse
838 2306 944 2378 alium,
974 2323 1062 2385 quarn
1085 2305 1115 2366 in
1138 2304 1269 2378 calculo;
1303 2303 1435 2366 debebat
1458 2306 1536 2367 enim

181 2386 222 2448 ad
244 2405 379 2450 normam
401 2390 509 2452 calculi
533 2390 695 2454 Saturnum
714 2395 778 2473 jam
803 2412 972 2474 superasse.
1019 2393 1080 2455 Ubi
1106 2391 1155 2454 bic
1178 2391 1254 2455 Sol?
1283 2394 1333 2472 qui
1356 2404 1439 2455 certe
1461 2395 1536 2456 nibil

182 2475 257 2537 iecit
279 2477 318 2537 ad
341 2477 544 2558 indagandum
567 2481 665 2543 locum
688 2482 803 2545 Lunae.
850 2484 931 2563 Ergo
951 2483 1041 2562 plane
1056 2481 1109 2544 sol
1125 2480 1293 2543 absolvitur
1311 2484 1350 2543 ab
1365 2482 1421 2543 bac
1436 2483 1533 2563 culpa.

182 2563 225 2627 Ut
246 2583 305 2626 uon
332 2565 430 2628 dicam
453 2568 482 2629 in
506 2588 615 2649 magno
638 2571 771 2649 periculo
802 2573 917 2634 versari
941 2572 1108 2633 doctrinam
1132 2570 1401 2650 aequinoctiorum,
1428 2572 1455 2632 si
1478 2573 1535 2633 boc

180 2653 212 2715 in
234 2652 316 2716 Solis
339 2656 441 2718 orbem
470 2658 644 2720 audeamus.
691 2661 794 2739 Atque
817 2661 874 2722 hoc
897 2668 946 2721 est
974 2660 1050 2739 quod
1074 2659 1106 2720 iu
1128 2659 1322 2738 prognostico
1346 2677 1412 2720 meo
1441 2662 1533 2739 legis:
1565 2712 1569 2721 .

182 2743 238 2819 „iu
261 2751 344 2805 motu
367 2743 448 2807 Solis
471 2747 537 2808 sine
561 2767 672 2827 magna
693 2747 921 2827 perturbatione
944 2749 1055 2809 mutari
1079 2746 1152 2809 nihil
1175 2764 1280 2826 posse,
1314 2749 1391 2826 quod
1416 2749 1534 2827 quidem

182 2831 223 2893 ad
246 2831 323 2895 banc
345 2835 525 2898 anomaliam
548 2837 725 2899 salvandam
748 2836 872 2899 faciat.“

270 2919 413 3003 Sequitur
439 2925 540 2987 Luna
571 2925 666 3006 ipsa,
695 2944 784 3005 quam
815 2927 902 3005 bujus
931 2924 1036 3003 cnlpae
1064 2940 1147 2984 ream
1175 2924 1335 2986 manifeste
1358 2932 1445 2986 tenet
1476 2925 1534 2987 ob-

180 3009 314 3073 servatio
336 3012 505 3076 Pascbalis.
550 3015 684 3076 Assumo
708 3015 809 3095 itaque
823 3031 957 3076 mensem
976 3012 1141 3087 hibernum,
1166 3011 1238 3075 Sole
1257 3013 1339 3075 circa
1355 3012 1534 3093 principium

181 3098 359 3181 Capricorni
381 3110 532 3174 versante,
557 3102 683 3177 (ceteris
704 3103 843 3183 paribus)
867 3102 987 3177 circiter
1009 3108 1137 3181 quatuor
1163 3101 1254 3163 horas
1276 3102 1441 3182 longiorem
1464 3122 1533 3165 esse

185 3207 275 3270 qnam
297 3190 456 3269 aestivum,
480 3191 552 3255 Sole
577 3193 658 3255 circa
680 3192 845 3256 solstitium
868 3201 1019 3265 versante,
1044 3200 1211 3253 ceterorum
1233 3191 1388 3267 mensium,
1412 3200 1447 3253 nt
1465 3193 1533 3272 qui·

180 3277 256 3340 libet
287 3280 477 3360 aequinoctio
505 3283 549 3345 sic
576 3283 719 3345 mediocri
742 3284 902 3365 (quantum
930 3281 1064 3344 calculus
1091 3280 1208 3360 prodit)
1239 3282 1418 3361 propiorem.
1466 3282 1533 3344 Hoc

178 3376 269 3447 pacto
297 3378 412 3431 certum
438 3380 488 3434 est
519 3373 639 3453 negotio
667 3373 859 3436 satisfactum
888 3371 935 3434 iri.
980 3371 1061 3434 Nam
1089 3388 1155 3432 cum
1183 3390 1203 3431 a
1224 3390 1333 3433 cancro
1361 3372 1401 3433 ad
1424 3370 1533 3443 libram

178 3468 242 3519 tres
265 3457 373 3520 breves
395 3478 513 3523 menses
537 3470 709 3543 sequantur,
734 3472 804 3525 suut
826 3461 979 3524 breviores
1002 3459 1119 3523 duabus
1142 3459 1233 3535 boris,
1260 3480 1348 3540 quarn
1367 3471 1430 3523 tres
1445 3480 1532 3522 men-

178 3565 229 3609 ses
261 3547 438 3610 mediocres.
487 3549 585 3613 Citius
617 3550 710 3631 igitur
733 3552 821 3612 Luna
849 3549 988 3631 pervenit
1015 3550 1054 3611 ad
1077 3547 1197 3623 Solem,
1231 3567 1320 3628 quarn
1349 3550 1376 3610 si
1400 3552 1533 3623 (remota

180 3635 424 3699 consideratione
446 3639 511 3717 ejus
534 3639 719 3712 anomaliae)
743 3639 912 3719 aequaliter
934 3656 1053 3717 semper
1070 3643 1251 3699 moveretur.
1299 3635 1416 3698 Contra
1433 3658 1452 3698 a
1467 3635 1532 3700 Ca-

165 3725 315 3803 .prioomo
348 3724 388 3787 ad
409 3727 548 3789 Arietem
577 3735 641 3789 tres
664 3727 742 3789 tardi
774 3734 939 3807 sequuntur
962 3744 1095 3799 menses,
1128 3723 1245 3785 tardius
1273 3724 1365 3803 igitur
1394 3727 1532 3803 opinione

178 3812 265 3873 Luna
287 3814 337 3874 rel
359 3813 415 3875 s‘ub
438 3814 541 3879 Solem
564 3823 618 3877 aut
639 3817 669 3877 iu
693 3816 721 3877 ei
744 3816 914 3896 oppositam
936 3816 1072 3876 umbram
1094 3810 1227 3874 incurrit
1274 3811 1325 3874 Ab
1339 3813 1446 3875 Ariete
1459 3830 1531 3875 vero

257 4054 288 4129 *l
315 4061 403 4116 lGFD
431 4070 476 4118 est
502 4067 699 4138 consequentia
725 4064 893 4140 signorum'
916 4068 967 4122 ΕΙ)
990 4064 1253 4138 prostbaphaeresis
1280 4064 1462 4132 diminuenda,
1490 4068 1530 4124 [Η

166 4136 437 4213 ‘prosthaphaeresis
452 4149 591 4216 augenda.
632 4150 699 4204 Cum
713 4167 781 4221 ergo
791 4150 852 4218 Jam
865 4164 1000 4218 ponamus
1015 4148 1042 4202 in
1056 4149 1069 4202 l
1082 4146 1179 4203 Ariete
1193 4145 1285 4201 Solem
1297 4146 1409 4219 longius
1424 4149 1451 4202 iu
1466 4167 1529 4203 eon·

175 4222 323 4292 sequentia
345 4222 465 4290 distare,
493 4243 575 4297 quam
598 4221 626 4275 in
649 4230 756 4285 calculo
779 4228 930 4294 invenitur,
964 4228 1049 4283 distet
1071 4244 1140 4300 ergo
1161 4227 1238 4281 ultra
1260 4227 1283 4281 0
1306 4227 1334 4281 in
1357 4228 1391 4282 N.
1432 4229 1472 4283 Et
1494 4230 1531 4285 sit

174 4302 436 4373 prostbaphaeresis
450 4307 490 4361 IG
503 4307 592 4377 major
607 4324 688 4377 quam
702 4310 751 4365 IH.
793 4310 912 4364 Rursum
926 4309 998 4363 euim
1011 4325 1142 4379 ponemus
1157 4307 1185 4361 in
1196 4301 1223 4361 D
1236 4307 1323 4362 Libra
1336 4302 1428 4364 Solem
1442 4309 1529 4365 minus

174 4382 203 4436 in
217 4383 417 4455 consequentia
439 4387 552 4454 distare,
578 4404 660 4459 quam
682 4390 710 4444 in
725 4390 832 4444 calculo
847 4389 994 4453 invenitur,
1018 4395 1075 4443 stet
1093 4404 1161 4460 ergo
1181 4395 1247 4442 ante
1260 4388 1285 4442 L
1300 4382 1404 4456 (locum
1417 4387 1528 4457 calculi)

172 4462 201 4516 in
214 4462 244 4517 K
257 4470 288 4517 et
301 4464 338 4518 sit
351 4467 613 4537 prosthaphaeresis
627 4469 676 4524 ΓΙ)
690 4469 779 4540 major
796 4487 905 4525 rursum
919 4487 1000 4540 quam
1013 4470 1074 4531 RD.
1116 4469 1183 4522 Cum
1197 4485 1266 4539 ergo
1279 4469 1360 4523 Luna
1382 4471 1528 4525 secundum

101 4582 105 4603 ,
150 4614 155 4619 Ι
175 4543 312 4599 calculum
326 4545 429 4599 debeat
442 4564 529 4619 usque
543 4549 572 4603 in
584 4549 609 4603 L
622 4550 734 4615 moreni,
749 4557 781 4604 ut
794 4550 886 4605 Solem
900 4550 928 4605 in
941 4552 966 4605 Ε
981 4557 1155 4620 assequatur,
1180 4549 1362 4619 deprehendit
1374 4550 1453 4605 illum
1465 4550 1530 4608 inF

173 4629 203 4676 et
223 4641 277 4689 non
300 4642 371 4695 opus
385 4625 505 4683 baberet
526 4629 644 4684 ulterius
667 4630 720 4685 nisi
734 4630 763 4684 in
777 4631 801 4694 Q
814 4632 955 4703 progredi.
997 4629 1042 4685 sio
1055 4646 1116 4684 uum
1138 4629 1281 4683 existimet
1301 4631 1423 4684 calculus
1436 4631 1530 4694 Solem

174 4701 202 4756 in
215 4703 244 4757 Η
257 4712 398 4775 repertum
411 4707 446 4762 iri
458 4709 574 4781 ideoque
586 4711 696 4766 Lunam
709 4710 738 4765 in
751 4712 774 4765 'l'
788 4713 956 4767 solummodo
975 4711 1135 4779 mustituat,
1159 4715 1257 4764 contra
1269 4710 1317 4765 Sol
1331 4712 1407 4765 ultro
1419 4713 1447 4765 H
1460 4711 1489 4765 in
1503 4719 1529 4773 G
1621 4710 1627 4725 “

172 4788 217 4838 est
229 4791 260 4841 ct
271 4785 369 4842 Lunae
380 4786 483 4849 diutim
496 4792 616 4848 eundum
629 4788 834 4849 doneclrltra'r
847 4792 910 4847 inR
922 4791 1027 4848 veniat.
1045 4792 1124 4848 Haec
1136 4797 1205 4862 puto
1222 4791 1308 4862 paulo
1322 4790 1451 4847 clariora.
1491 4796 1527 4849 K.
