<?xml version="1.0" encoding="UTF-8"?>
<!DOCTYPE html PUBLIC "-//W3C//DTD XHTML 1.0 Transitional//EN"
    "http://www.w3.org/TR/xhtml1/DTD/xhtml1-transitional.dtd">
<html xmlns="http://www.w3.org/1999/xhtml" xml:lang="en" lang="en">
 <head>
  <title>
</title>
<meta http-equiv="Content-Type" content="text/html;charset=utf-8" />
  <meta name='ocr-system' content='tesseract 3.04.00' />
  <meta name='ocr-capabilities' content='ocr_page ocr_carea ocr_par ocr_line ocrx_word'/>
</head>
<body>
  <div class='ocr_page' id='page_1' title='image "./joanniskepleria27frisgoog_0348.png"; bbox 0 0 3814 5818; ppageno 0'>
   <div class='ocr_carea' id='block_1_1' title="bbox 687 353 1522 425">
    <p class='ocr_par' dir='ltr' id='par_1_1' title="bbox 687 353 1522 425">
     <span class='ocr_line' id='line_1_1' title="bbox 687 353 1522 425; baseline -0.004 1"><span class='ocrx_word' id='word_1_1' title='bbox 687 357 990 425; x_wconf 62' lang='lat' dir='ltr'><strong>saa-em.</strong></span> <span class='ocrx_word' id='word_1_2' title='bbox 1455 353 1522 423; x_wconf 82' lang='lat' dir='ltr'><strong>aaa</strong></span> 
     </span>
    </p>
   </div>
   <div class='ocr_carea' id='block_1_2' title="bbox 149 515 1523 1659">
    <p class='ocr_par' dir='ltr' id='par_1_2' title="bbox 149 515 1523 1659">
     <span class='ocr_line' id='line_1_2' title="bbox 149 515 1523 595; baseline -0.002 -13"><span class='ocrx_word' id='word_1_3' title='bbox 149 521 236 582; x_wconf 76' lang='lat' dir='ltr'><strong>ieter</strong></span> <span class='ocrx_word' id='word_1_4' title='bbox 261 537 320 580; x_wconf 83' lang='lat' dir='ltr'><strong>uae</strong></span> <span class='ocrx_word' id='word_1_5' title='bbox 345 519 464 580; x_wconf 73' lang='lat' dir='ltr'><strong>arietat</strong></span> <span class='ocrx_word' id='word_1_6' title='bbox 485 516 535 576; x_wconf 79' lang='lat' dir='ltr'><strong>rel</strong></span> <span class='ocrx_word' id='word_1_7' title='bbox 563 516 720 577; x_wconf 76' lang='lat' dir='ltr'><strong>leeieeima</strong></span> <span class='ocrx_word' id='word_1_8' title='bbox 741 515 886 587; x_wconf 62' lang='lat' dir='ltr'><strong>ostada,</strong></span> <span class='ocrx_word' id='word_1_9' title='bbox 910 534 950 576; x_wconf 82' lang='lat' dir='ltr'><strong>ee</strong></span> <span class='ocrx_word' id='word_1_10' title='bbox 977 515 1096 595; x_wconf 85' lang='lat' dir='ltr'><strong>quidem</strong></span> <span class='ocrx_word' id='word_1_11' title='bbox 1120 535 1227 577; x_wconf 76' lang='lat' dir='ltr'><strong>mum</strong></span> <span class='ocrx_word' id='word_1_12' title='bbox 1249 515 1394 578; x_wconf 72' lang='lat' dir='ltr'><strong>uariauit.</strong></span> <span class='ocrx_word' id='word_1_13' title='bbox 1438 515 1523 579; x_wconf 82' lang='lat' dir='ltr'><strong>Nata</strong></span> 
     </span>
     <span class='ocr_line' id='line_1_3' title="bbox 152 601 1520 683; baseline -0.002 -14"><span class='ocrx_word' id='word_1_14' title='bbox 152 608 229 670; x_wconf 87' lang='lat' dir='ltr'><strong>mihi</strong></span> <span class='ocrx_word' id='word_1_15' title='bbox 253 615 303 668; x_wconf 88' lang='lat' dir='ltr'><strong>est</strong></span> <span class='ocrx_word' id='word_1_16' title='bbox 322 607 387 668; x_wconf 81' lang='lat' dir='ltr'><strong>fllia</strong></span> <span class='ocrx_word' id='word_1_17' title='bbox 411 605 581 668; x_wconf 85' lang='lat' dir='ltr'><strong>Susanna</strong></span> <span class='ocrx_word' id='word_1_18' title='bbox 608 604 724 665; x_wconf 90' lang='lat' dir='ltr'><strong>decimo</strong></span> <span class='ocrx_word' id='word_1_19' title='bbox 755 605 803 664; x_wconf 87' lang='lat' dir='ltr'><strong>die</strong></span> <span class='ocrx_word' id='word_1_20' title='bbox 832 604 1007 683; x_wconf 87' lang='lat' dir='ltr'><strong>priusquam</strong></span> <span class='ocrx_word' id='word_1_21' title='bbox 1036 604 1092 666; x_wconf 90' lang='lat' dir='ltr'><strong>tibi</strong></span> <span class='ocrx_word' id='word_1_22' title='bbox 1117 603 1241 677; x_wconf 88' lang='lat' dir='ltr'><strong>Sabine,</strong></span> <span class='ocrx_word' id='word_1_23' title='bbox 1265 604 1381 665; x_wconf 86' lang='lat' dir='ltr'><strong>oriente</strong></span> <span class='ocrx_word' id='word_1_24' title='bbox 1403 601 1520 681; x_wconf 53' lang='lat'><strong>20⁰5,</strong></span> 
     </span>
     <span class='ocr_line' id='line_1_4' title="bbox 152 690 1521 773; baseline -0.002 -15"><span class='ocrx_word' id='word_1_25' title='bbox 152 697 246 759; x_wconf 89' lang='lat' dir='ltr'><strong>Luna</strong></span> <span class='ocrx_word' id='word_1_26' title='bbox 269 695 299 757; x_wconf 90' lang='lat' dir='ltr'><strong>iu</strong></span> <span class='ocrx_word' id='word_1_27' title='bbox 324 691 439 770; x_wconf 59' lang='lat'><strong>30⁰5.</strong></span> <span class='ocrx_word' id='word_1_28' title='bbox 478 693 639 773; x_wconf 90' lang='lat' dir='ltr'><strong>Reliquum</strong></span> <span class='ocrx_word' id='word_1_29' title='bbox 664 692 767 753; x_wconf 86' lang='lat' dir='ltr'><strong>therua</strong></span> <span class='ocrx_word' id='word_1_30' title='bbox 786 691 851 771; x_wconf 88' lang='lat' dir='ltr'><strong>jam</strong></span> <span class='ocrx_word' id='word_1_31' title='bbox 875 691 964 752; x_wconf 84' lang='lat' dir='ltr'><strong>facile</strong></span> <span class='ocrx_word' id='word_1_32' title='bbox 989 700 1157 755; x_wconf 83' lang='lat' dir='ltr'><strong>construes.</strong></span> <span class='ocrx_word' id='word_1_33' title='bbox 1197 690 1284 763; x_wconf 84' lang='lat' dir='ltr'><strong>Quod</strong></span> <span class='ocrx_word' id='word_1_34' title='bbox 1305 692 1383 753; x_wconf 86' lang='lat' dir='ltr'><strong>diem</strong></span> <span class='ocrx_word' id='word_1_35' title='bbox 1399 691 1521 761; x_wconf 82' lang='lat' dir='ltr'><strong>attinet,</strong></span> 
     </span>
     <span class='ocr_line' id='line_1_5' title="bbox 154 779 1522 862; baseline -0.001 -16"><span class='ocrx_word' id='word_1_36' title='bbox 154 784 253 847; x_wconf 82' lang='lat' dir='ltr'><strong>facies</strong></span> <span class='ocrx_word' id='word_1_37' title='bbox 277 784 354 845; x_wconf 89' lang='lat' dir='ltr'><strong>coeli</strong></span> <span class='ocrx_word' id='word_1_38' title='bbox 375 782 482 862; x_wconf 69' lang='lat' dir='ltr'><strong>ailam</strong></span> <span class='ocrx_word' id='word_1_39' title='bbox 505 792 573 845; x_wconf 89' lang='lat' dir='ltr'><strong>erat</strong></span> <span class='ocrx_word' id='word_1_40' title='bbox 596 789 628 845; x_wconf 89' lang='lat' dir='ltr'><strong>et</strong></span> <span class='ocrx_word' id='word_1_41' title='bbox 650 779 836 860; x_wconf 69' lang='grc' dir='ltr'><strong><em>ἀναρμοςος,</em></strong></span> <span class='ocrx_word' id='word_1_42' title='bbox 861 799 928 843; x_wconf 90' lang='lat' dir='ltr'><strong>cum</strong></span> <span class='ocrx_word' id='word_1_43' title='bbox 950 789 1074 859; x_wconf 87' lang='lat' dir='ltr'><strong>praeter</strong></span> <span class='ocrx_word' id='word_1_44' title='bbox 1087 782 1268 845; x_wconf 79' lang='lat' dir='ltr'>Mercurium</span> <span class='ocrx_word' id='word_1_45' title='bbox 1283 782 1381 843; x_wconf 89' lang='lat' dir='ltr'><strong>nullus</strong></span> <span class='ocrx_word' id='word_1_46' title='bbox 1396 781 1522 859; x_wconf 87' lang='lat' dir='ltr'><strong>planeta</strong></span> 
     </span>
     <span class='ocr_line' id='line_1_6' title="bbox 153 868 1521 951; baseline -0.002 -17"><span class='ocrx_word' id='word_1_47' title='bbox 153 875 288 934; x_wconf 77' lang='lat' dir='ltr'><strong>alterum</strong></span> <span class='ocrx_word' id='word_1_48' title='bbox 310 871 499 951; x_wconf 68' lang='lat' dir='ltr'><strong>adspiceret:</strong></span> <span class='ocrx_word' id='word_1_49' title='bbox 524 871 603 950; x_wconf 85' lang='lat' dir='ltr'><strong>qaod</strong></span> <span class='ocrx_word' id='word_1_50' title='bbox 617 869 723 930; x_wconf 89' lang='lat' dir='ltr'><strong>horam</strong></span> <span class='ocrx_word' id='word_1_51' title='bbox 741 887 824 941; x_wconf 82' lang='lat' dir='ltr'><strong>vero,</strong></span> <span class='ocrx_word' id='word_1_52' title='bbox 848 868 923 931; x_wconf 87' lang='lat' dir='ltr'><strong>nihil</strong></span> <span class='ocrx_word' id='word_1_53' title='bbox 947 869 1046 948; x_wconf 89' lang='lat' dir='ltr'><strong>potnit</strong></span> <span class='ocrx_word' id='word_1_54' title='bbox 1065 888 1134 931; x_wconf 85' lang='lat' dir='ltr'><strong>esse</strong></span> <span class='ocrx_word' id='word_1_55' title='bbox 1159 868 1285 931; x_wconf 83' lang='lat' dir='ltr'><strong>felicius.</strong></span> <span class='ocrx_word' id='word_1_56' title='bbox 1333 868 1395 930; x_wconf 86' lang='lat' dir='ltr'><strong>Sed</strong></span> <span class='ocrx_word' id='word_1_57' title='bbox 1414 878 1521 931; x_wconf 83' lang='lat' dir='ltr'><strong>osteu-</strong></span> 
     </span>
     <span class='ocr_line' id='line_1_7' title="bbox 153 956 1520 1041; baseline -0.001 -19"><span class='ocrx_word' id='word_1_58' title='bbox 153 962 203 1022; x_wconf 88' lang='lat' dir='ltr'><strong>dit</strong></span> <span class='ocrx_word' id='word_1_59' title='bbox 225 961 304 1023; x_wconf 90' lang='lat' dir='ltr'><strong>bunc</strong></span> <span class='ocrx_word' id='word_1_60' title='bbox 334 978 449 1041; x_wconf 90' lang='lat' dir='ltr'><strong>quoque</strong></span> <span class='ocrx_word' id='word_1_61' title='bbox 482 960 599 1019; x_wconf 88' lang='lat' dir='ltr'><strong>foetum</strong></span> <span class='ocrx_word' id='word_1_62' title='bbox 622 957 706 1018; x_wconf 89' lang='lat' dir='ltr'><strong>Deus</strong></span> <span class='ocrx_word' id='word_1_63' title='bbox 737 966 770 1018; x_wconf 87' lang='lat' dir='ltr'><strong>et</strong></span> <span class='ocrx_word' id='word_1_64' title='bbox 793 956 913 1036; x_wconf 84' lang='lat' dir='ltr'><strong>eripuit.</strong></span> <span class='ocrx_word' id='word_1_65' title='bbox 961 956 1083 1019; x_wconf 83' lang='lat' dir='ltr'><strong>Mortua</strong></span> <span class='ocrx_word' id='word_1_66' title='bbox 1105 965 1155 1018; x_wconf 86' lang='lat' dir='ltr'><strong>est</strong></span> <span class='ocrx_word' id='word_1_67' title='bbox 1179 965 1369 1037; x_wconf 75' lang='lat' dir='ltr'><strong>apostemate</strong></span> <span class='ocrx_word' id='word_1_68' title='bbox 1394 957 1520 1037; x_wconf 89' lang='lat' dir='ltr'><strong>capitis:</strong></span> 
     </span>
     <span class='ocr_line' id='line_1_8' title="bbox 155 1042 1521 1129; baseline -0.003 -16"><span class='ocrx_word' id='word_1_69' title='bbox 155 1049 263 1129; x_wconf 85' lang='lat' dir='ltr'><strong>(plane</strong></span> <span class='ocrx_word' id='word_1_70' title='bbox 287 1056 320 1112; x_wconf 89' lang='lat' dir='ltr'><strong>ut</strong></span> <span class='ocrx_word' id='word_1_71' title='bbox 342 1052 438 1110; x_wconf 78' lang='lat' dir='ltr'><strong>stater</strong></span> <span class='ocrx_word' id='word_1_72' title='bbox 466 1046 530 1127; x_wconf 88' lang='lat' dir='ltr'><strong>ejus</strong></span> <span class='ocrx_word' id='word_1_73' title='bbox 554 1054 626 1107; x_wconf 89' lang='lat' dir='ltr'><strong>ante</strong></span> <span class='ocrx_word' id='word_1_74' title='bbox 650 1050 777 1120; x_wconf 89' lang='lat' dir='ltr'><strong>annum)</strong></span> <span class='ocrx_word' id='word_1_75' title='bbox 811 1064 878 1107; x_wconf 89' lang='lat' dir='ltr'><strong>cum</strong></span> <span class='ocrx_word' id='word_1_76' title='bbox 901 1044 1030 1107; x_wconf 84' lang='lat' dir='ltr'><strong>vixisset</strong></span> <span class='ocrx_word' id='word_1_77' title='bbox 1057 1047 1122 1107; x_wconf 90' lang='lat' dir='ltr'><strong>dies</strong></span> <span class='ocrx_word' id='word_1_78' title='bbox 1148 1042 1200 1108; x_wconf 84' lang='lat'><strong>35.</strong></span> <span class='ocrx_word' id='word_1_79' title='bbox 1247 1044 1358 1106; x_wconf 89' lang='lat' dir='ltr'><strong>Mortis</strong></span> <span class='ocrx_word' id='word_1_80' title='bbox 1381 1047 1412 1107; x_wconf 92' lang='lat' dir='ltr'><strong>iu</strong></span> <span class='ocrx_word' id='word_1_81' title='bbox 1436 1046 1521 1109; x_wconf 88' lang='lat' dir='ltr'><strong>coelo</strong></span> 
     </span>
     <span class='ocr_line' id='line_1_9' title="bbox 154 1133 1521 1216; baseline -0.001 -17"><span class='ocrx_word' id='word_1_82' title='bbox 154 1138 272 1199; x_wconf 89' lang='lat' dir='ltr'><strong>nullom</strong></span> <span class='ocrx_word' id='word_1_83' title='bbox 295 1146 363 1199; x_wconf 89' lang='lat' dir='ltr'><strong>erat</strong></span> <span class='ocrx_word' id='word_1_84' title='bbox 385 1134 518 1216; x_wconf 88' lang='lat' dir='ltr'><strong>signum:</strong></span> <span class='ocrx_word' id='word_1_85' title='bbox 552 1155 646 1197; x_wconf 85' lang='lat' dir='ltr'><strong>causa</strong></span> <span class='ocrx_word' id='word_1_86' title='bbox 668 1134 796 1214; x_wconf 73' lang='lat' dir='ltr'><strong>pertigit</strong></span> <span class='ocrx_word' id='word_1_87' title='bbox 818 1153 856 1195; x_wconf 79' lang='lat' dir='ltr'><strong>ex</strong></span> <span class='ocrx_word' id='word_1_88' title='bbox 879 1140 979 1207; x_wconf 87' lang='lat' dir='ltr'><strong>utero,</strong></span> <span class='ocrx_word' id='word_1_89' title='bbox 1009 1153 1064 1196; x_wconf 89' lang='lat' dir='ltr'><strong>seu</strong></span> <span class='ocrx_word' id='word_1_90' title='bbox 1086 1134 1184 1213; x_wconf 86' lang='lat' dir='ltr'><strong>magis</strong></span> <span class='ocrx_word' id='word_1_91' title='bbox 1212 1153 1251 1195; x_wconf 82' lang='lat' dir='ltr'><strong>ex</strong></span> <span class='ocrx_word' id='word_1_92' title='bbox 1273 1142 1374 1213; x_wconf 89' lang='lat' dir='ltr'><strong>partu.</strong></span> <span class='ocrx_word' id='word_1_93' title='bbox 1421 1133 1521 1205; x_wconf 84' lang='lat' dir='ltr'><strong>Quam</strong></span> 
     </span>
     <span class='ocr_line' id='line_1_10' title="bbox 154 1221 1520 1305; baseline -0.002 -19"><span class='ocrx_word' id='word_1_94' title='bbox 154 1228 185 1287; x_wconf 84' lang='lat' dir='ltr'><strong>si</strong></span> <span class='ocrx_word' id='word_1_95' title='bbox 208 1225 292 1286; x_wconf 82' lang='lat' dir='ltr'><strong>brari</strong></span> <span class='ocrx_word' id='word_1_96' title='bbox 314 1235 403 1305; x_wconf 87' lang='lat' dir='ltr'><strong>pater</strong></span> <span class='ocrx_word' id='word_1_97' title='bbox 425 1234 585 1305; x_wconf 84' lang='lat' dir='ltr'><strong>sequetur,</strong></span> <span class='ocrx_word' id='word_1_98' title='bbox 619 1223 693 1284; x_wconf 90' lang='lat' dir='ltr'><strong>nihil</strong></span> <span class='ocrx_word' id='word_1_99' title='bbox 718 1224 761 1285; x_wconf 90' lang='lat' dir='ltr'><strong>illi</strong></span> <span class='ocrx_word' id='word_1_100' title='bbox 784 1222 952 1305; x_wconf 72' lang='lat' dir='ltr'><strong>inopinanti</strong></span> <span class='ocrx_word' id='word_1_101' title='bbox 976 1222 1105 1285; x_wconf 72' lang='lat' dir='ltr'><strong>accidet.</strong></span> <span class='ocrx_word' id='word_1_102' title='bbox 1152 1221 1228 1284; x_wconf 86' lang='lat' dir='ltr'><strong>Com</strong></span> <span class='ocrx_word' id='word_1_103' title='bbox 1252 1223 1331 1284; x_wconf 92' lang='lat' dir='ltr'><strong>euim</strong></span> <span class='ocrx_word' id='word_1_104' title='bbox 1353 1222 1467 1302; x_wconf 88' lang='lat' dir='ltr'><strong>passim</strong></span> <span class='ocrx_word' id='word_1_105' title='bbox 1491 1223 1520 1283; x_wconf 85' lang='lat' dir='ltr'><strong>in</strong></span> 
     </span>
     <span class='ocr_line' id='line_1_11' title="bbox 155 1310 1520 1392; baseline -0.002 -17"><span class='ocrx_word' id='word_1_106' title='bbox 155 1313 294 1392; x_wconf 79' lang='lat' dir='ltr'><strong>[lugaria</strong></span> <span class='ocrx_word' id='word_1_107' title='bbox 321 1332 425 1374; x_wconf 88' lang='lat' dir='ltr'><strong>cruces</strong></span> <span class='ocrx_word' id='word_1_108' title='bbox 454 1312 638 1392; x_wconf 76' lang='lat' dir='ltr'><strong>sanguineae</strong></span> <span class='ocrx_word' id='word_1_109' title='bbox 671 1313 701 1372; x_wconf 92' lang='lat' dir='ltr'><strong>in</strong></span> <span class='ocrx_word' id='word_1_110' title='bbox 726 1312 877 1372; x_wconf 89' lang='lat' dir='ltr'><strong>hominum</strong></span> <span class='ocrx_word' id='word_1_111' title='bbox 907 1310 1081 1389; x_wconf 85' lang='lat' dir='ltr'><strong>corporibus</strong></span> <span class='ocrx_word' id='word_1_112' title='bbox 1112 1310 1231 1391; x_wconf 89' lang='lat' dir='ltr'><strong>aliaque</strong></span> <span class='ocrx_word' id='word_1_113' title='bbox 1255 1312 1426 1390; x_wconf 87' lang='lat' dir='ltr'><strong>hujusmodi</strong></span> <span class='ocrx_word' id='word_1_114' title='bbox 1450 1330 1520 1373; x_wconf 89' lang='lat' dir='ltr'><strong>eru·</strong></span> 
     </span>
     <span class='ocr_line' id='line_1_12' title="bbox 155 1399 1521 1481; baseline -0.001 -18"><span class='ocrx_word' id='word_1_115' title='bbox 155 1412 230 1464; x_wconf 88' lang='lat' dir='ltr'><strong>enta</strong></span> <span class='ocrx_word' id='word_1_116' title='bbox 252 1403 341 1481; x_wconf 85' lang='lat' dir='ltr'><strong>sigua</strong></span> <span class='ocrx_word' id='word_1_117' title='bbox 363 1402 393 1463; x_wconf 92' lang='lat' dir='ltr'><strong>in</strong></span> <span class='ocrx_word' id='word_1_118' title='bbox 418 1402 531 1463; x_wconf 84' lang='lat' dir='ltr'><strong>loribus</strong></span> <span class='ocrx_word' id='word_1_119' title='bbox 556 1401 709 1473; x_wconf 90' lang='lat' dir='ltr'><strong>domuum,</strong></span> <span class='ocrx_word' id='word_1_120' title='bbox 748 1401 775 1461; x_wconf 90' lang='lat' dir='ltr'><strong>in</strong></span> <span class='ocrx_word' id='word_1_121' title='bbox 801 1399 947 1471; x_wconf 87' lang='lat' dir='ltr'><strong>scamnis,</strong></span> <span class='ocrx_word' id='word_1_122' title='bbox 973 1399 1003 1459; x_wconf 91' lang='lat' dir='ltr'><strong>iu</strong></span> <span class='ocrx_word' id='word_1_123' title='bbox 1026 1399 1193 1478; x_wconf 90' lang='lat' dir='ltr'><strong>parietibus</strong></span> <span class='ocrx_word' id='word_1_124' title='bbox 1217 1409 1401 1479; x_wconf 86' lang='lat' dir='ltr'><strong>appareant,</strong></span> <span class='ocrx_word' id='word_1_125' title='bbox 1426 1401 1521 1481; x_wconf 90' lang='lat' dir='ltr'><strong>(quod</strong></span> 
     </span>
     <span class='ocr_line' id='line_1_13' title="bbox 155 1486 1520 1573; baseline -0.002 -20"><span class='ocrx_word' id='word_1_126' title='bbox 155 1491 338 1563; x_wconf 74' lang='lat' dir='ltr'><strong>aniversalis</strong></span> <span class='ocrx_word' id='word_1_127' title='bbox 361 1490 555 1573; x_wconf 74' lang='lat' dir='ltr'><strong>pestilentiae</strong></span> <span class='ocrx_word' id='word_1_128' title='bbox 581 1488 699 1567; x_wconf 85' lang='lat' dir='ltr'><strong>siguum</strong></span> <span class='ocrx_word' id='word_1_129' title='bbox 723 1496 854 1567; x_wconf 88' lang='lat' dir='ltr'><strong>arguunt</strong></span> <span class='ocrx_word' id='word_1_130' title='bbox 877 1486 1049 1561; x_wconf 82' lang='lat' dir='ltr'><strong>historiae),</strong></span> <span class='ocrx_word' id='word_1_131' title='bbox 1077 1489 1191 1567; x_wconf 90' lang='lat' dir='ltr'><strong>primus</strong></span> <span class='ocrx_word' id='word_1_132' title='bbox 1216 1508 1272 1569; x_wconf 89' lang='lat' dir='ltr'><strong>ego</strong></span> <span class='ocrx_word' id='word_1_133' title='bbox 1296 1488 1325 1549; x_wconf 90' lang='lat' dir='ltr'><strong>in</strong></span> <span class='ocrx_word' id='word_1_134' title='bbox 1350 1488 1408 1551; x_wconf 89' lang='lat' dir='ltr'><strong>hac</strong></span> <span class='ocrx_word' id='word_1_135' title='bbox 1437 1489 1520 1562; x_wconf 89' lang='lat' dir='ltr'><strong>urbe,</strong></span> 
     </span>
     <span class='ocr_line' id='line_1_14' title="bbox 156 1576 1520 1659; baseline -0.002 -18"><span class='ocrx_word' id='word_1_136' title='bbox 156 1581 238 1659; x_wconf 90' lang='lat' dir='ltr'><strong>qnod</strong></span> <span class='ocrx_word' id='word_1_137' title='bbox 260 1580 374 1655; x_wconf 88' lang='lat' dir='ltr'><strong>sciam,</strong></span> <span class='ocrx_word' id='word_1_138' title='bbox 406 1578 589 1640; x_wconf 86' lang='lat' dir='ltr'><strong>cruciculam</strong></span> <span class='ocrx_word' id='word_1_139' title='bbox 616 1577 647 1638; x_wconf 89' lang='lat' dir='ltr'><strong>iu</strong></span> <span class='ocrx_word' id='word_1_140' title='bbox 678 1576 802 1637; x_wconf 88' lang='lat' dir='ltr'><strong>sinistro</strong></span> <span class='ocrx_word' id='word_1_141' title='bbox 829 1576 908 1655; x_wconf 89' lang='lat' dir='ltr'><strong>pede</strong></span> <span class='ocrx_word' id='word_1_142' title='bbox 935 1577 1130 1656; x_wconf 73' lang='lat' dir='ltr'><strong>conspicatae</strong></span> <span class='ocrx_word' id='word_1_143' title='bbox 1155 1595 1235 1653; x_wconf 87' lang='lat' dir='ltr'><strong>sum,</strong></span> <span class='ocrx_word' id='word_1_144' title='bbox 1269 1576 1354 1655; x_wconf 84' lang='lat' dir='ltr'><strong>cujus</strong></span> <span class='ocrx_word' id='word_1_145' title='bbox 1378 1576 1460 1639; x_wconf 89' lang='lat' dir='ltr'><strong>color</strong></span> <span class='ocrx_word' id='word_1_146' title='bbox 1483 1595 1520 1638; x_wconf 80' lang='lat' dir='ltr'><strong>ex</strong></span> 
     </span>
    </p>
   </div>
   <div class='ocr_carea' id='block_1_3' title="bbox 136 1676 1521 1820">
    <p class='ocr_par' dir='ltr' id='par_1_3' title="bbox 136 1676 1521 1820">
     <span class='ocr_line' id='line_1_15' title="bbox 136 1676 1521 1820; baseline -0.002 -46"><span class='ocrx_word' id='word_1_147' title='bbox 136 1712 324 1795; x_wconf 47' lang='lat' dir='ltr'><strong>,anguinea</strong></span> <span class='ocrx_word' id='word_1_148' title='bbox 345 1712 459 1775; x_wconf 86' lang='lat' dir='ltr'><strong>dilutae</strong></span> <span class='ocrx_word' id='word_1_149' title='bbox 482 1712 513 1773; x_wconf 91' lang='lat' dir='ltr'><strong>iu</strong></span> <span class='ocrx_word' id='word_1_150' title='bbox 537 1712 663 1777; x_wconf 87' lang='lat' dir='ltr'><strong>luteum.</strong></span> <span class='ocrx_word' id='word_1_151' title='bbox 699 1680 796 1772; x_wconf 76' lang='lat' dir='ltr'><strong>forma</strong></span> <span class='ocrx_word' id='word_1_152' title='bbox 822 1717 856 1772; x_wconf 87' lang='lat' dir='ltr'><strong>ct</strong></span> <span class='ocrx_word' id='word_1_153' title='bbox 879 1709 1033 1790; x_wconf 81' lang='lat' dir='ltr'><strong>quantitas</strong></span> <span class='ocrx_word' id='word_1_154' title='bbox 1055 1710 1144 1772; x_wconf 84' lang='lat' dir='ltr'><strong>haec.</strong></span> <span class='ocrx_word' id='word_1_155' title='bbox 1196 1676 1288 1820; x_wconf 52' lang='grc' dir='ltr'>ψ</span> <span class='ocrx_word' id='word_1_156' title='bbox 1356 1709 1456 1771; x_wconf 88' lang='lat' dir='ltr'><strong>Locus</strong></span> <span class='ocrx_word' id='word_1_157' title='bbox 1489 1709 1521 1771; x_wconf 86' lang='lat' dir='ltr'><strong>in</strong></span> 
     </span>
    </p>
   </div>
   <div class='ocr_carea' id='block_1_4' title="bbox 155 1836 1521 2546">
    <p class='ocr_par' dir='ltr' id='par_1_4' title="bbox 155 1836 1521 2546">
     <span class='ocr_line' id='line_1_16' title="bbox 155 1836 1519 1927; baseline -0.007 -16"><span class='ocrx_word' id='word_1_158' title='bbox 155 1847 245 1927; x_wconf 85' lang='lat' dir='ltr'><strong>pede,</strong></span> <span class='ocrx_word' id='word_1_159' title='bbox 269 1865 329 1925; x_wconf 91' lang='lat' dir='ltr'><strong>qua</strong></span> <span class='ocrx_word' id='word_1_160' title='bbox 352 1845 472 1907; x_wconf 90' lang='lat' dir='ltr'><strong>dorsum</strong></span> <span class='ocrx_word' id='word_1_161' title='bbox 497 1843 585 1923; x_wconf 88' lang='lat' dir='ltr'><strong>pedis</strong></span> <span class='ocrx_word' id='word_1_162' title='bbox 608 1843 648 1905; x_wconf 90' lang='lat' dir='ltr'><strong>ad</strong></span> <span class='ocrx_word' id='word_1_163' title='bbox 672 1844 772 1905; x_wconf 87' lang='lat' dir='ltr'><strong>volam</strong></span> <span class='ocrx_word' id='word_1_164' title='bbox 795 1862 919 1924; x_wconf 85' lang='lat' dir='ltr'><strong>vergere</strong></span> <span class='ocrx_word' id='word_1_165' title='bbox 944 1842 1063 1924; x_wconf 89' lang='lat' dir='ltr'><strong>incipit,</strong></span> <span class='ocrx_word' id='word_1_166' title='bbox 1089 1841 1186 1903; x_wconf 90' lang='lat' dir='ltr'><strong>medio</strong></span> <span class='ocrx_word' id='word_1_167' title='bbox 1210 1836 1310 1920; x_wconf 87' lang='lat' dir='ltr'><strong>spatio</strong></span> <span class='ocrx_word' id='word_1_168' title='bbox 1333 1840 1413 1902; x_wconf 90' lang='lat' dir='ltr'><strong>iuter</strong></span> <span class='ocrx_word' id='word_1_169' title='bbox 1436 1840 1519 1902; x_wconf 88' lang='lat' dir='ltr'><strong>radi-</strong></span> 
     </span>
     <span class='ocr_line' id='line_1_17' title="bbox 156 1929 1519 2012; baseline -0.004 -16"><span class='ocrx_word' id='word_1_170' title='bbox 156 1953 209 1996; x_wconf 87' lang='lat' dir='ltr'><strong>ces</strong></span> <span class='ocrx_word' id='word_1_171' title='bbox 232 1934 326 1995; x_wconf 90' lang='lat' dir='ltr'><strong>tibiae</strong></span> <span class='ocrx_word' id='word_1_172' title='bbox 349 1942 382 1995; x_wconf 88' lang='lat' dir='ltr'><strong>et</strong></span> <span class='ocrx_word' id='word_1_173' title='bbox 404 1933 574 2012; x_wconf 80' lang='lat' dir='ltr'><strong>digitorum.</strong></span> <span class='ocrx_word' id='word_1_174' title='bbox 621 1929 822 2006; x_wconf 84' lang='lat' dir='ltr'><strong>Crediderim,</strong></span> <span class='ocrx_word' id='word_1_175' title='bbox 858 1951 915 1993; x_wconf 88' lang='lat' dir='ltr'><strong>non</strong></span> <span class='ocrx_word' id='word_1_176' title='bbox 945 1932 1005 1994; x_wconf 90' lang='lat' dir='ltr'><strong>alio</strong></span> <span class='ocrx_word' id='word_1_177' title='bbox 1034 1930 1099 1992; x_wconf 93' lang='lat' dir='ltr'><strong>loco</strong></span> <span class='ocrx_word' id='word_1_178' title='bbox 1128 1930 1218 1991; x_wconf 85' lang='lat' dir='ltr'><strong>lixum</strong></span> <span class='ocrx_word' id='word_1_179' title='bbox 1246 1948 1315 1989; x_wconf 88' lang='lat' dir='ltr'><strong>esse</strong></span> <span class='ocrx_word' id='word_1_180' title='bbox 1343 1929 1462 1990; x_wconf 88' lang='lat' dir='ltr'><strong>clavum</strong></span> <span class='ocrx_word' id='word_1_181' title='bbox 1490 1929 1519 1990; x_wconf 87' lang='lat' dir='ltr'><strong>ia</strong></span> 
     </span>
     <span class='ocr_line' id='line_1_18' title="bbox 155 2017 1521 2103; baseline -0.004 -19"><span class='ocrx_word' id='word_1_182' title='bbox 155 2024 233 2103; x_wconf 88' lang='lat' dir='ltr'><strong>pede</strong></span> <span class='ocrx_word' id='word_1_183' title='bbox 257 2021 381 2084; x_wconf 78' lang='lat' dir='ltr'><strong>Christi.</strong></span> <span class='ocrx_word' id='word_1_184' title='bbox 429 2019 560 2091; x_wconf 86' lang='lat' dir='ltr'><strong>Quidam</strong></span> <span class='ocrx_word' id='word_1_185' title='bbox 592 2028 745 2099; x_wconf 85' lang='lat' dir='ltr'><strong>guttarum</strong></span> <span class='ocrx_word' id='word_1_186' title='bbox 778 2022 1012 2100; x_wconf 88' lang='lat' dir='ltr'><strong>sanguinearum</strong></span> <span class='ocrx_word' id='word_1_187' title='bbox 1044 2019 1162 2097; x_wconf 88' lang='lat' dir='ltr'><strong>species</strong></span> <span class='ocrx_word' id='word_1_188' title='bbox 1195 2017 1361 2078; x_wconf 87' lang='lat' dir='ltr'><strong>ostendunt</strong></span> <span class='ocrx_word' id='word_1_189' title='bbox 1387 2017 1417 2079; x_wconf 90' lang='lat' dir='ltr'><strong>in</strong></span> <span class='ocrx_word' id='word_1_190' title='bbox 1450 2017 1521 2078; x_wconf 81' lang='lat' dir='ltr'><strong>vola</strong></span> 
     </span>
     <span class='ocr_line' id='line_1_19' title="bbox 155 2104 1520 2187; baseline -0.005 -14"><span class='ocrx_word' id='word_1_191' title='bbox 155 2130 277 2185; x_wconf 86' lang='lat' dir='ltr'><strong>manns,</strong></span> <span class='ocrx_word' id='word_1_192' title='bbox 311 2118 345 2172; x_wconf 91' lang='lat' dir='ltr'><strong>ut</strong></span> <span class='ocrx_word' id='word_1_193' title='bbox 373 2109 470 2172; x_wconf 89' lang='lat' dir='ltr'><strong>audio.</strong></span> <span class='ocrx_word' id='word_1_194' title='bbox 516 2109 597 2173; x_wconf 86' lang='lat' dir='ltr'><strong>Nam</strong></span> <span class='ocrx_word' id='word_1_195' title='bbox 624 2107 672 2169; x_wconf 92' lang='lat' dir='ltr'><strong>hic</strong></span> <span class='ocrx_word' id='word_1_196' title='bbox 701 2108 798 2172; x_wconf 87' lang='lat' dir='ltr'><strong>adhuc</strong></span> <span class='ocrx_word' id='word_1_197' title='bbox 822 2110 896 2170; x_wconf 89' lang='lat' dir='ltr'><strong>nihil</strong></span> <span class='ocrx_word' id='word_1_198' title='bbox 919 2109 1031 2184; x_wconf 90' lang='lat' dir='ltr'><strong>simile,</strong></span> <span class='ocrx_word' id='word_1_199' title='bbox 1063 2116 1275 2187; x_wconf 87' lang='lat' dir='ltr'><strong>praeterquam</strong></span> <span class='ocrx_word' id='word_1_200' title='bbox 1297 2106 1327 2167; x_wconf 90' lang='lat' dir='ltr'><strong>in</strong></span> <span class='ocrx_word' id='word_1_201' title='bbox 1352 2123 1410 2167; x_wconf 91' lang='lat' dir='ltr'><strong>me.</strong></span> <span class='ocrx_word' id='word_1_202' title='bbox 1458 2104 1520 2168; x_wconf 90' lang='lat' dir='ltr'><strong>Sed</strong></span> 
     </span>
     <span class='ocr_line' id='line_1_20' title="bbox 155 2192 1520 2277; baseline -0.002 -17"><span class='ocrx_word' id='word_1_203' title='bbox 155 2200 228 2262; x_wconf 81' lang='lat' dir='ltr'><strong>vola</strong></span> <span class='ocrx_word' id='word_1_204' title='bbox 251 2197 372 2262; x_wconf 86' lang='lat' dir='ltr'><strong>Christo</strong></span> <span class='ocrx_word' id='word_1_205' title='bbox 395 2208 429 2259; x_wconf 92' lang='lat' dir='ltr'><strong>et</strong></span> <span class='ocrx_word' id='word_1_206' title='bbox 451 2199 518 2276; x_wconf 89' lang='lat' dir='ltr'><strong>ipsa</strong></span> <span class='ocrx_word' id='word_1_207' title='bbox 540 2198 687 2258; x_wconf 85' lang='lat' dir='ltr'><strong>transfixa</strong></span> <span class='ocrx_word' id='word_1_208' title='bbox 717 2208 775 2259; x_wconf 87' lang='lat' dir='ltr'><strong>est.</strong></span> <span class='ocrx_word' id='word_1_209' title='bbox 822 2198 1000 2277; x_wconf 26' lang='lat' dir='ltr'><strong>Verum—ut</strong></span> <span class='ocrx_word' id='word_1_210' title='bbox 1026 2196 1148 2260; x_wconf 90' lang='lat' dir='ltr'><strong>redeam</strong></span> <span class='ocrx_word' id='word_1_211' title='bbox 1176 2216 1196 2256; x_wconf 92' lang='lat' dir='ltr'><strong>a</strong></span> <span class='ocrx_word' id='word_1_212' title='bbox 1224 2202 1321 2257; x_wconf 88' lang='lat' dir='ltr'><strong>morte</strong></span> <span class='ocrx_word' id='word_1_213' title='bbox 1352 2195 1392 2255; x_wconf 89' lang='lat' dir='ltr'><strong>ad</strong></span> <span class='ocrx_word' id='word_1_214' title='bbox 1416 2192 1520 2257; x_wconf 81' lang='lat' dir='ltr'><strong>ritum.</strong></span> 
     </span>
     <span class='ocr_line' id='line_1_21' title="bbox 157 2282 1521 2357; baseline -0.004 -7"><span class='ocrx_word' id='word_1_215' title='bbox 157 2286 213 2351; x_wconf 82' lang='lat' dir='ltr'><strong>Sol</strong></span> <span class='ocrx_word' id='word_1_216' title='bbox 236 2296 269 2349; x_wconf 89' lang='lat' dir='ltr'><strong>ot</strong></span> <span class='ocrx_word' id='word_1_217' title='bbox 291 2288 381 2349; x_wconf 85' lang='lat' dir='ltr'><strong>Luae</strong></span> <span class='ocrx_word' id='word_1_218' title='bbox 403 2285 569 2348; x_wconf 88' lang='lat' dir='ltr'><strong>Sabinulae</strong></span> <span class='ocrx_word' id='word_1_219' title='bbox 592 2292 663 2346; x_wconf 89' lang='lat' dir='ltr'><strong>tuae</strong></span> <span class='ocrx_word' id='word_1_220' title='bbox 688 2285 879 2347; x_wconf 78' lang='lat' dir='ltr'><strong>stabulantes</strong></span> <span class='ocrx_word' id='word_1_221' title='bbox 897 2287 927 2347; x_wconf 90' lang='lat' dir='ltr'><strong>iu</strong></span> <span class='ocrx_word' id='word_1_222' title='bbox 943 2283 1130 2353; x_wconf 89' lang='lat' dir='ltr'><strong>duodecima,</strong></span> <span class='ocrx_word' id='word_1_223' title='bbox 1155 2284 1241 2345; x_wconf 82' lang='lat' dir='ltr'><strong>Luna</strong></span> <span class='ocrx_word' id='word_1_224' title='bbox 1264 2282 1430 2357; x_wconf 89' lang='lat' dir='ltr'><strong>combusta,</strong></span> <span class='ocrx_word' id='word_1_225' title='bbox 1456 2283 1521 2344; x_wconf 83' lang='lat' dir='ltr'><strong>dis·</strong></span> 
     </span>
     <span class='ocr_line' id='line_1_22' title="bbox 158 2366 1519 2451; baseline -0.004 -13"><span class='ocrx_word' id='word_1_226' title='bbox 158 2377 259 2438; x_wconf 88' lang='lat' dir='ltr'><strong>soluta</strong></span> <span class='ocrx_word' id='word_1_227' title='bbox 290 2375 367 2437; x_wconf 90' lang='lat' dir='ltr'><strong>coeli</strong></span> <span class='ocrx_word' id='word_1_228' title='bbox 400 2374 509 2448; x_wconf 88' lang='lat' dir='ltr'><strong>facies,</strong></span> <span class='ocrx_word' id='word_1_229' title='bbox 545 2374 629 2434; x_wconf 90' lang='lat' dir='ltr'><strong>solus</strong></span> <span class='ocrx_word' id='word_1_230' title='bbox 652 2374 675 2449; x_wconf 61' lang='lat' dir='ltr'><strong>t}</strong></span> <span class='ocrx_word' id='word_1_231' title='bbox 697 2374 725 2435; x_wconf 92' lang='lat' dir='ltr'><strong>in</strong></span> <span class='ocrx_word' id='word_1_232' title='bbox 747 2366 830 2451; x_wconf 71' lang='lat'><strong>05,</strong></span> <span class='ocrx_word' id='word_1_233' title='bbox 864 2382 896 2435; x_wconf 90' lang='lat' dir='ltr'><strong>et</strong></span> <span class='ocrx_word' id='word_1_234' title='bbox 923 2381 1008 2435; x_wconf 89' lang='lat' dir='ltr'><strong>ortua</strong></span> <span class='ocrx_word' id='word_1_235' title='bbox 1031 2375 1061 2435; x_wconf 94' lang='lat' dir='ltr'><strong>iu</strong></span> <span class='ocrx_word' id='word_1_236' title='bbox 1083 2366 1264 2451; x_wconf 73' lang='lat' dir='ltr'><strong>Ulongob‚</strong></span> <span class='ocrx_word' id='word_1_237' title='bbox 1299 2370 1440 2432; x_wconf 90' lang='lat' dir='ltr'><strong>videntur</strong></span> <span class='ocrx_word' id='word_1_238' title='bbox 1463 2372 1519 2433; x_wconf 91' lang='lat' dir='ltr'><strong>tihi</strong></span> 
     </span>
     <span class='ocr_line' id='line_1_23' title="bbox 158 2456 1518 2546; baseline -0.004 -21"><span class='ocrx_word' id='word_1_239' title='bbox 158 2483 275 2546; x_wconf 84' lang='lat' dir='ltr'><strong>qaoque</strong></span> <span class='ocrx_word' id='word_1_240' title='bbox 298 2464 377 2525; x_wconf 86' lang='lat' dir='ltr'><strong>idem</strong></span> <span class='ocrx_word' id='word_1_241' title='bbox 401 2463 510 2536; x_wconf 88' lang='lat' dir='ltr'><strong>dicere,</strong></span> <span class='ocrx_word' id='word_1_242' title='bbox 545 2462 623 2542; x_wconf 88' lang='lat' dir='ltr'><strong>quod</strong></span> <span class='ocrx_word' id='word_1_243' title='bbox 647 2461 719 2523; x_wconf 90' lang='lat' dir='ltr'><strong>mihi</strong></span> <span class='ocrx_word' id='word_1_244' title='bbox 743 2464 862 2525; x_wconf 90' lang='lat' dir='ltr'><strong>accidit.</strong></span> <span class='ocrx_word' id='word_1_245' title='bbox 910 2461 944 2524; x_wconf 90' lang='lat' dir='ltr'><strong>Si</strong></span> <span class='ocrx_word' id='word_1_246' title='bbox 969 2471 994 2532; x_wconf 68' lang='grc' dir='ltr'>ό</span> <span class='ocrx_word' id='word_1_247' title='bbox 1016 2481 1070 2542; x_wconf 89' lang='lat' dir='ltr'><strong>per</strong></span> <span class='ocrx_word' id='word_1_248' title='bbox 1093 2457 1145 2536; x_wconf 86' lang='grc'><strong>24,</strong></span> <span class='ocrx_word' id='word_1_249' title='bbox 1158 2457 1253 2534; x_wconf 77' lang='lat'><strong>3011,</strong></span> <span class='ocrx_word' id='word_1_250' title='bbox 1278 2456 1342 2525; x_wconf 60' lang='grc' dir='ltr'><strong>ὃὸ</strong></span> <span class='ocrx_word' id='word_1_251' title='bbox 1366 2460 1518 2521; x_wconf 86' lang='lat' dir='ltr'><strong>transiens</strong></span> 
     </span>
    </p>
   </div>
   <div class='ocr_carea' id='block_1_5' title="bbox 158 2545 1614 2625">
    <p class='ocr_par' dir='ltr' id='par_1_5' title="bbox 158 2545 1614 2625">
     <span class='ocr_line' id='line_1_24' title="bbox 158 2545 1614 2625; baseline -0.003 -10"><span class='ocrx_word' id='word_1_252' title='bbox 158 2553 232 2615; x_wconf 86' lang='lat' dir='ltr'><strong>nihil</strong></span> <span class='ocrx_word' id='word_1_253' title='bbox 255 2551 390 2625; x_wconf 85' lang='lat' dir='ltr'><strong>nocebit,</strong></span> <span class='ocrx_word' id='word_1_254' title='bbox 416 2550 566 2615; x_wconf 87' lang='lat' dir='ltr'><strong>Saturnus</strong></span> <span class='ocrx_word' id='word_1_255' title='bbox 590 2559 690 2613; x_wconf 90' lang='lat' dir='ltr'><strong>tamen</strong></span> <span class='ocrx_word' id='word_1_256' title='bbox 714 2571 793 2612; x_wconf 88' lang='lat' dir='ltr'><strong>anuo</strong></span> <span class='ocrx_word' id='word_1_257' title='bbox 822 2545 915 2624; x_wconf 74' lang='lat'><strong>1604,</strong></span> <span class='ocrx_word' id='word_1_258' title='bbox 932 2547 1031 2625; x_wconf 84' lang='grc'><strong>1605,</strong></span> <span class='ocrx_word' id='word_1_259' title='bbox 1060 2569 1128 2612; x_wconf 90' lang='lat' dir='ltr'><strong>cum</strong></span> <span class='ocrx_word' id='word_1_260' title='bbox 1152 2558 1184 2610; x_wconf 91' lang='lat' dir='ltr'><strong>et</strong></span> <span class='ocrx_word' id='word_1_261' title='bbox 1206 2547 1387 2610; x_wconf 88' lang='lat' dir='ltr'><strong>directiones</strong></span> <span class='ocrx_word' id='word_1_262' title='bbox 1410 2567 1517 2611; x_wconf 87' lang='lat' dir='ltr'><strong>acces-</strong></span> <span class='ocrx_word' id='word_1_263' title='bbox 1610 2546 1614 2551; x_wconf 78' lang='grc'><strong>’</strong></span> 
     </span>
    </p>
   </div>
   <div class='ocr_carea' id='block_1_6' title="bbox 158 2640 1518 3249">
    <p class='ocr_par' dir='ltr' id='par_1_6' title="bbox 158 2640 1323 2719">
     <span class='ocr_line' id='line_1_25' title="bbox 158 2640 1323 2719; baseline -0.005 -17"><span class='ocrx_word' id='word_1_264' title='bbox 158 2642 263 2716; x_wconf 78' lang='lat' dir='ltr'><strong>serint,</strong></span> <span class='ocrx_word' id='word_1_265' title='bbox 287 2641 369 2702; x_wconf 83' lang='lat' dir='ltr'><strong>ritae</strong></span> <span class='ocrx_word' id='word_1_266' title='bbox 392 2640 557 2719; x_wconf 88' lang='lat' dir='ltr'><strong>periculum</strong></span> <span class='ocrx_word' id='word_1_267' title='bbox 580 2640 696 2700; x_wconf 80' lang='lat' dir='ltr'><strong>afferet</strong></span> <span class='ocrx_word' id='word_1_268' title='bbox 724 2650 737 2666; x_wconf 88' lang='lat'><strong><em>‘</em></strong></span> <span class='ocrx_word' id='word_1_269' title='bbox 1317 2674 1323 2681; x_wconf 90' lang='lat'><em>-</em></span> 
     </span>
    </p>

    <p class='ocr_par' dir='ltr' id='par_1_7' title="bbox 158 2723 1518 3249">
     <span class='ocr_line' id='line_1_26' title="bbox 244 2723 1516 2809; baseline -0.005 -17"><span class='ocrx_word' id='word_1_270' title='bbox 244 2729 303 2792; x_wconf 89' lang='lat' dir='ltr'><strong>Hic</strong></span> <span class='ocrx_word' id='word_1_271' title='bbox 327 2729 407 2809; x_wconf 89' lang='lat' dir='ltr'><strong>apud</strong></span> <span class='ocrx_word' id='word_1_272' title='bbox 430 2746 485 2789; x_wconf 90' lang='lat' dir='ltr'><strong>uos</strong></span> <span class='ocrx_word' id='word_1_273' title='bbox 509 2728 683 2809; x_wconf 81' lang='lat' dir='ltr'><strong>dysenteria</strong></span> <span class='ocrx_word' id='word_1_274' title='bbox 705 2725 851 2806; x_wconf 89' lang='lat' dir='ltr'><strong>plurimos</strong></span> <span class='ocrx_word' id='word_1_275' title='bbox 875 2726 1004 2787; x_wconf 90' lang='lat' dir='ltr'><strong>omnium</strong></span> <span class='ocrx_word' id='word_1_276' title='bbox 1028 2734 1172 2799; x_wconf 87' lang='lat' dir='ltr'><strong>aetatum,</strong></span> <span class='ocrx_word' id='word_1_277' title='bbox 1197 2724 1250 2784; x_wconf 91' lang='lat' dir='ltr'><strong>sed</strong></span> <span class='ocrx_word' id='word_1_278' title='bbox 1268 2724 1363 2784; x_wconf 91' lang='lat' dir='ltr'><strong>multo</strong></span> <span class='ocrx_word' id='word_1_279' title='bbox 1386 2723 1516 2786; x_wconf 87' lang='lat' dir='ltr'><strong>maxime</strong></span> 
     </span>
     <span class='ocr_line' id='line_1_27' title="bbox 159 2811 1518 2896; baseline -0.004 -17"><span class='ocrx_word' id='word_1_280' title='bbox 159 2818 290 2879; x_wconf 80' lang='lat' dir='ltr'><strong>infantes</strong></span> <span class='ocrx_word' id='word_1_281' title='bbox 318 2816 458 2879; x_wconf 87' lang='lat' dir='ltr'><strong>absumit.</strong></span> <span class='ocrx_word' id='word_1_282' title='bbox 504 2815 619 2896; x_wconf 85' lang='lat' dir='ltr'><strong>Aprilis</strong></span> <span class='ocrx_word' id='word_1_283' title='bbox 649 2814 727 2876; x_wconf 89' lang='lat' dir='ltr'><strong>enim</strong></span> <span class='ocrx_word' id='word_1_284' title='bbox 756 2814 941 2877; x_wconf 82' lang='lat' dir='ltr'><strong>siccissimae</strong></span> <span class='ocrx_word' id='word_1_285' title='bbox 965 2823 1087 2875; x_wconf 90' lang='lat' dir='ltr'><strong>etcum</strong></span> <span class='ocrx_word' id='word_1_286' title='bbox 1110 2821 1197 2875; x_wconf 88' lang='lat' dir='ltr'><strong>aestu</strong></span> <span class='ocrx_word' id='word_1_287' title='bbox 1220 2812 1416 2873; x_wconf 81' lang='lat' dir='ltr'><strong>fundamenta</strong></span> <span class='ocrx_word' id='word_1_288' title='bbox 1440 2811 1518 2891; x_wconf 88' lang='lat' dir='ltr'><strong>jecit</strong></span> 
     </span>
     <span class='ocr_line' id='line_1_28' title="bbox 159 2900 1517 2984; baseline -0.005 -15"><span class='ocrx_word' id='word_1_289' title='bbox 159 2907 271 2968; x_wconf 85' lang='lat' dir='ltr'><strong>aestati</strong></span> <span class='ocrx_word' id='word_1_290' title='bbox 293 2906 440 2977; x_wconf 88' lang='lat' dir='ltr'><strong>torridae,</strong></span> <span class='ocrx_word' id='word_1_291' title='bbox 463 2924 539 2984; x_wconf 89' lang='lat' dir='ltr'><strong>quae</strong></span> <span class='ocrx_word' id='word_1_292' title='bbox 564 2902 699 2983; x_wconf 80' lang='lat' dir='ltr'><strong>frugibus</strong></span> <span class='ocrx_word' id='word_1_293' title='bbox 723 2904 847 2964; x_wconf 85' lang='lat' dir='ltr'><strong>multum</strong></span> <span class='ocrx_word' id='word_1_294' title='bbox 872 2903 985 2964; x_wconf 90' lang='lat' dir='ltr'><strong>nocuit.</strong></span> <span class='ocrx_word' id='word_1_295' title='bbox 1035 2900 1129 2963; x_wconf 88' lang='lat' dir='ltr'><strong>Stant</strong></span> <span class='ocrx_word' id='word_1_296' title='bbox 1152 2900 1200 2962; x_wconf 86' lang='lat' dir='ltr'><strong>hic</strong></span> <span class='ocrx_word' id='word_1_297' title='bbox 1224 2900 1363 2974; x_wconf 88' lang='lat' dir='ltr'><strong>arbores,</strong></span> <span class='ocrx_word' id='word_1_298' title='bbox 1392 2901 1517 2962; x_wconf 87' lang='lat' dir='ltr'><strong>summis</strong></span> 
     </span>
     <span class='ocr_line' id='line_1_29' title="bbox 159 2987 1516 3073; baseline -0.005 -17"><span class='ocrx_word' id='word_1_299' title='bbox 159 2995 260 3056; x_wconf 89' lang='lat' dir='ltr'><strong>aridae</strong></span> <span class='ocrx_word' id='word_1_300' title='bbox 285 2994 449 3065; x_wconf 79' lang='lat' dir='ltr'><strong>frondibus,</strong></span> <span class='ocrx_word' id='word_1_301' title='bbox 472 2993 597 3073; x_wconf 85' lang='lat' dir='ltr'><strong>perinde</strong></span> <span class='ocrx_word' id='word_1_302' title='bbox 621 3011 658 3055; x_wconf 87' lang='lat' dir='ltr'><strong>ac</strong></span> <span class='ocrx_word' id='word_1_303' title='bbox 682 2999 848 3071; x_wconf 87' lang='lat' dir='ltr'><strong>presterem</strong></span> <span class='ocrx_word' id='word_1_304' title='bbox 871 3010 999 3071; x_wconf 86' lang='lat' dir='ltr'><strong>passae:</strong></span> <span class='ocrx_word' id='word_1_305' title='bbox 1030 2990 1084 3051; x_wconf 89' lang='lat' dir='ltr'><strong>sed</strong></span> <span class='ocrx_word' id='word_1_306' title='bbox 1107 3008 1165 3050; x_wconf 90' lang='lat' dir='ltr'><strong>nou</strong></span> <span class='ocrx_word' id='word_1_307' title='bbox 1189 2998 1296 3050; x_wconf 87' lang='lat' dir='ltr'><strong>aestus</strong></span> <span class='ocrx_word' id='word_1_308' title='bbox 1319 2987 1389 3049; x_wconf 90' lang='lat' dir='ltr'><strong>illas</strong></span> <span class='ocrx_word' id='word_1_309' title='bbox 1412 2988 1516 3050; x_wconf 81' lang='lat' dir='ltr'><strong>desor-</strong></span> 
     </span>
     <span class='ocr_line' id='line_1_30' title="bbox 158 3078 1516 3162; baseline -0.005 -17"><span class='ocrx_word' id='word_1_310' title='bbox 158 3084 254 3145; x_wconf 80' lang='lat' dir='ltr'><strong>manit</strong></span> <span class='ocrx_word' id='word_1_311' title='bbox 275 3082 462 3150; x_wconf 81' lang='lat' dir='ltr'><strong>immediate,</strong></span> <span class='ocrx_word' id='word_1_312' title='bbox 495 3082 549 3145; x_wconf 83' lang='lat' dir='ltr'><strong>scd</strong></span> <span class='ocrx_word' id='word_1_313' title='bbox 576 3081 664 3162; x_wconf 91' lang='lat' dir='ltr'><strong>copia</strong></span> <span class='ocrx_word' id='word_1_314' title='bbox 687 3078 841 3142; x_wconf 87' lang='lat' dir='ltr'><strong>vermium.</strong></span> <span class='ocrx_word' id='word_1_315' title='bbox 888 3079 923 3142; x_wconf 91' lang='lat' dir='ltr'><strong>Si</strong></span> <span class='ocrx_word' id='word_1_316' title='bbox 950 3079 1056 3141; x_wconf 89' lang='lat' dir='ltr'><strong>eadem</strong></span> <span class='ocrx_word' id='word_1_317' title='bbox 1089 3087 1161 3141; x_wconf 88' lang='lat' dir='ltr'><strong>snut</strong></span> <span class='ocrx_word' id='word_1_318' title='bbox 1186 3095 1377 3158; x_wconf 78' lang='lat' dir='ltr'><strong>peucenos,</strong></span> <span class='ocrx_word' id='word_1_319' title='bbox 1413 3086 1516 3138; x_wconf 88' lang='lat' dir='ltr'><strong>metuo</strong></span> 
     </span>
     <span class='ocr_line' id='line_1_31' title="bbox 159 3168 1077 3249; baseline -0.004 -16"><span class='ocrx_word' id='word_1_320' title='bbox 159 3178 229 3233; x_wconf 85' lang='lat' dir='ltr'><strong>tuae</strong></span> <span class='ocrx_word' id='word_1_321' title='bbox 253 3170 362 3233; x_wconf 84' lang='lat' dir='ltr'><strong>filiolae</strong></span> <span class='ocrx_word' id='word_1_322' title='bbox 384 3171 441 3231; x_wconf 88' lang='lat' dir='ltr'><strong>hac</strong></span> <span class='ocrx_word' id='word_1_323' title='bbox 465 3177 584 3231; x_wconf 85' lang='lat' dir='ltr'><strong>aestate</strong></span> <span class='ocrx_word' id='word_1_324' title='bbox 608 3170 714 3243; x_wconf 89' lang='lat' dir='ltr'><strong>adhuc,</strong></span> <span class='ocrx_word' id='word_1_325' title='bbox 739 3187 777 3230; x_wconf 88' lang='lat' dir='ltr'><strong>ue</strong></span> <span class='ocrx_word' id='word_1_326' title='bbox 801 3168 912 3231; x_wconf 85' lang='lat' dir='ltr'><strong>similia</strong></span> <span class='ocrx_word' id='word_1_327' title='bbox 933 3169 1077 3249; x_wconf 88' lang='lat' dir='ltr'><strong>patiatur.</strong></span> 
     </span>
    </p>
   </div>
   <div class='ocr_carea' id='block_1_7' title="bbox 105 3305 1546 4505">
    <p class='ocr_par' dir='ltr' id='par_1_8' title="bbox 105 3305 1546 4505">
     <span class='ocr_line' id='line_1_32' title="bbox 229 3305 1516 3377; baseline -0.004 -16"><span class='ocrx_word' id='word_1_328' title='bbox 229 3310 402 3370; x_wconf 78' lang='lat' dir='ltr'><strong>Galemitetee,</strong></span> <span class='ocrx_word' id='word_1_329' title='bbox 421 3325 484 3377; x_wconf 80' lang='lat' dir='ltr'><strong>qaae</strong></span> <span class='ocrx_word' id='word_1_330' title='bbox 501 3311 617 3371; x_wconf 67' lang='lat' dir='ltr'><strong>damas</strong></span> <span class='ocrx_word' id='word_1_331' title='bbox 637 3312 763 3376; x_wconf 79' lang='lat' dir='ltr'><strong>publicae,</strong></span> <span class='ocrx_word' id='word_1_332' title='bbox 787 3311 875 3376; x_wconf 84' lang='lat' dir='ltr'><strong>quibos</strong></span> <span class='ocrx_word' id='word_1_333' title='bbox 895 3310 939 3359; x_wconf 83' lang='lat' dir='ltr'><strong>viri</strong></span> <span class='ocrx_word' id='word_1_334' title='bbox 961 3309 1089 3374; x_wconf 76' lang='lat' dir='ltr'><strong>ingenium</strong></span> <span class='ocrx_word' id='word_1_335' title='bbox 1105 3305 1266 3357; x_wconf 77' lang='lat' dir='ltr'><strong>liberam&#39;ed</strong></span> <span class='ocrx_word' id='word_1_336' title='bbox 1283 3306 1349 3357; x_wconf 81' lang='lat' dir='ltr'><strong>benc</strong></span> <span class='ocrx_word' id='word_1_337' title='bbox 1364 3306 1516 3371; x_wconf 66' lang='lat' dir='ltr'><strong>meratius</strong></span> 
     </span>
     <span class='ocr_line' id='line_1_33' title="bbox 105 3376 1517 3447; baseline -0.002 -13"><span class='ocrx_word' id='word_1_338' title='bbox 105 3378 109 3383; x_wconf 84' lang='grc'><strong>’</strong></span> <span class='ocrx_word' id='word_1_339' title='bbox 159 3396 216 3434; x_wconf 82' lang='lat' dir='ltr'><strong>uem</strong></span> <span class='ocrx_word' id='word_1_340' title='bbox 233 3388 384 3446; x_wconf 82' lang='lat' dir='ltr'><strong>pertractum</strong></span> <span class='ocrx_word' id='word_1_341' title='bbox 402 3388 455 3438; x_wconf 84' lang='lat' dir='ltr'><strong>est,</strong></span> <span class='ocrx_word' id='word_1_342' title='bbox 473 3394 548 3447; x_wconf 80' lang='lat' dir='ltr'><strong>quen</strong></span> <span class='ocrx_word' id='word_1_343' title='bbox 565 3383 717 3445; x_wconf 81' lang='lat' dir='ltr'><strong>praemieeae</strong></span> <span class='ocrx_word' id='word_1_344' title='bbox 735 3388 861 3432; x_wconf 68' lang='lat' dir='ltr'><strong>masuam</strong></span> <span class='ocrx_word' id='word_1_345' title='bbox 878 3381 980 3437; x_wconf 84' lang='lat' dir='ltr'><strong>literae,</strong></span> <span class='ocrx_word' id='word_1_346' title='bbox 1003 3385 1130 3430; x_wconf 71' lang='lat' dir='ltr'><strong>secuturae</strong></span> <span class='ocrx_word' id='word_1_347' title='bbox 1148 3377 1273 3444; x_wconf 79' lang='lat' dir='ltr'><strong>siguificat</strong></span> <span class='ocrx_word' id='word_1_348' title='bbox 1292 3377 1396 3440; x_wconf 84' lang='lat' dir='ltr'><strong>epietela</strong></span> <span class='ocrx_word' id='word_1_349' title='bbox 1413 3376 1517 3441; x_wconf 81' lang='lat' dir='ltr'><strong>Kepleri</strong></span> 
     </span>
     <span class='ocr_line' id='line_1_34' title="bbox 158 3448 1516 3518; baseline -0.004 -14"><span class='ocrx_word' id='word_1_350' title='bbox 158 3456 267 3517; x_wconf 67' lang='lat' dir='ltr'><strong>aperiet</strong></span> <span class='ocrx_word' id='word_1_351' title='bbox 292 3451 363 3518; x_wconf 75' lang='lat' dir='ltr'><strong>(pag.</strong></span> <span class='ocrx_word' id='word_1_352' title='bbox 383 3450 464 3513; x_wconf 72' lang='grc' dir='ltr'><strong>Μ),</strong></span> <span class='ocrx_word' id='word_1_353' title='bbox 491 3466 584 3517; x_wconf 70' lang='lat' dir='ltr'><strong>euple</strong></span> <span class='ocrx_word' id='word_1_354' title='bbox 600 3455 654 3514; x_wconf 82' lang='lat' dir='ltr'><strong>lem</strong></span> <span class='ocrx_word' id='word_1_355' title='bbox 671 3458 771 3503; x_wconf 79' lang='lat' dir='ltr'><strong>exortae</strong></span> <span class='ocrx_word' id='word_1_356' title='bbox 797 3453 909 3503; x_wconf 82' lang='lat' dir='ltr'><strong>tolerunt</strong></span> <span class='ocrx_word' id='word_1_357' title='bbox 931 3451 1018 3501; x_wconf 81' lang='lat' dir='ltr'><strong>literae</strong></span> <span class='ocrx_word' id='word_1_358' title='bbox 1044 3451 1078 3500; x_wconf 87' lang='lat' dir='ltr'><strong>ad</strong></span> <span class='ocrx_word' id='word_1_359' title='bbox 1096 3449 1256 3499; x_wconf 77' lang='lat' dir='ltr'><strong>Messalinum</strong></span> <span class='ocrx_word' id='word_1_360' title='bbox 1275 3455 1302 3499; x_wconf 86' lang='lat' dir='ltr'><strong>st</strong></span> <span class='ocrx_word' id='word_1_361' title='bbox 1319 3448 1475 3499; x_wconf 65' lang='lat' dir='ltr'><strong>Hermam</strong></span> <span class='ocrx_word' id='word_1_362' title='bbox 1493 3464 1516 3500; x_wconf 86' lang='lat' dir='ltr'><strong>c.</strong></span> 
     </span>
     <span class='ocr_line' id='line_1_35' title="bbox 157 3515 1518 3586; baseline -0.003 -11"><span class='ocrx_word' id='word_1_363' title='bbox 157 3525 233 3575; x_wconf 70' lang='lat' dir='ltr'><strong>hem</strong></span> <span class='ocrx_word' id='word_1_364' title='bbox 251 3526 311 3574; x_wconf 82' lang='lat' dir='ltr'><strong>anui</strong></span> <span class='ocrx_word' id='word_1_365' title='bbox 330 3522 399 3574; x_wconf 72' lang='lat' dir='ltr'><strong>thid</strong></span> <span class='ocrx_word' id='word_1_366' title='bbox 416 3522 618 3586; x_wconf 65' lang='lat' dir='ltr'><strong>detaelcomp.</strong></span> <span class='ocrx_word' id='word_1_367' title='bbox 637 3538 661 3586; x_wconf 87' lang='lat' dir='ltr'><strong>p.</strong></span> <span class='ocrx_word' id='word_1_368' title='bbox 682 3520 716 3572; x_wconf 76' lang='grc'><strong>39</strong></span> <span class='ocrx_word' id='word_1_369' title='bbox 734 3531 761 3572; x_wconf 84' lang='lat' dir='ltr'><strong>ee</strong></span> <span class='ocrx_word' id='word_1_370' title='bbox 779 3519 833 3584; x_wconf 81' lang='lat' dir='ltr'><strong>tt).</strong></span> <span class='ocrx_word' id='word_1_371' title='bbox 872 3523 943 3584; x_wconf 80' lang='lat' dir='ltr'><strong>Quae</strong></span> <span class='ocrx_word' id='word_1_372' title='bbox 968 3523 995 3571; x_wconf 89' lang='lat' dir='ltr'><strong>in</strong></span> <span class='ocrx_word' id='word_1_373' title='bbox 1018 3521 1057 3571; x_wconf 86' lang='lat' dir='ltr'><strong>hie</strong></span> <span class='ocrx_word' id='word_1_374' title='bbox 1075 3522 1134 3584; x_wconf 85' lang='lat' dir='ltr'><strong>ipeie</strong></span> <span class='ocrx_word' id='word_1_375' title='bbox 1152 3520 1229 3570; x_wconf 66' lang='lat' dir='ltr'><strong>litans</strong></span> <span class='ocrx_word' id='word_1_376' title='bbox 1257 3517 1314 3581; x_wconf 77' lang='grc'><strong>(29.</strong></span> <span class='ocrx_word' id='word_1_377' title='bbox 1332 3521 1398 3585; x_wconf 73' lang='lat' dir='ltr'><strong>Aug.</strong></span> <span class='ocrx_word' id='word_1_378' title='bbox 1419 3515 1465 3581; x_wconf 82' lang='lat' dir='ltr'><strong>et)</strong></span> <span class='ocrx_word' id='word_1_379' title='bbox 1491 3529 1518 3571; x_wconf 82' lang='lat' dir='ltr'><strong>ee</strong></span> 
     </span>
     <span class='ocr_line' id='line_1_36' title="bbox 158 3588 1517 3660; baseline -0.004 -15"><span class='ocrx_word' id='word_1_380' title='bbox 158 3597 186 3645; x_wconf 73' lang='lat' dir='ltr'><strong>he</strong></span> <span class='ocrx_word' id='word_1_381' title='bbox 205 3608 271 3660; x_wconf 81' lang='lat' dir='ltr'><strong>quae</strong></span> <span class='ocrx_word' id='word_1_382' title='bbox 292 3596 339 3645; x_wconf 85' lang='lat' dir='ltr'><strong>hae</strong></span> <span class='ocrx_word' id='word_1_383' title='bbox 355 3596 506 3645; x_wconf 74' lang='lat' dir='ltr'><strong>mhseeutee</strong></span> <span class='ocrx_word' id='word_1_384' title='bbox 530 3601 596 3651; x_wconf 84' lang='lat' dir='ltr'><strong>aaut,</strong></span> <span class='ocrx_word' id='word_1_385' title='bbox 619 3594 728 3657; x_wconf 82' lang='lat' dir='ltr'><strong>pluribus</strong></span> <span class='ocrx_word' id='word_1_386' title='bbox 756 3593 788 3642; x_wconf 83' lang='lat' dir='ltr'><strong>de</strong></span> <span class='ocrx_word' id='word_1_387' title='bbox 814 3594 921 3643; x_wconf 83' lang='lat' dir='ltr'><strong>turbatis</strong></span> <span class='ocrx_word' id='word_1_388' title='bbox 948 3593 1021 3642; x_wconf 81' lang='lat' dir='ltr'><strong>rebus</strong></span> <span class='ocrx_word' id='word_1_389' title='bbox 1039 3590 1159 3653; x_wconf 80' lang='lat' dir='ltr'><strong>Styriaeis</strong></span> <span class='ocrx_word' id='word_1_390' title='bbox 1187 3605 1264 3656; x_wconf 80' lang='lat' dir='ltr'><strong>aeger</strong></span> <span class='ocrx_word' id='word_1_391' title='bbox 1288 3591 1365 3640; x_wconf 85' lang='lat' dir='ltr'><strong>animi</strong></span> <span class='ocrx_word' id='word_1_392' title='bbox 1383 3588 1517 3640; x_wconf 76' lang='lat' dir='ltr'><strong>hleeetiiue</strong></span> 
     </span>
     <span class='ocr_line' id='line_1_37' title="bbox 158 3656 1517 3729; baseline -0.002 -15"><span class='ocrx_word' id='word_1_393' title='bbox 158 3669 277 3723; x_wconf 61' lang='lat' dir='ltr'><strong>aemes,</strong></span> <span class='ocrx_word' id='word_1_394' title='bbox 309 3664 485 3729; x_wconf 66' lang='lat' dir='ltr'><strong>misique</strong></span> <span class='ocrx_word' id='word_1_395' title='bbox 518 3679 664 3728; x_wconf 83' lang='lat' dir='ltr'><strong>responsum</strong></span> <span class='ocrx_word' id='word_1_396' title='bbox 696 3677 782 3726; x_wconf 86' lang='lat' dir='ltr'><strong>perum</strong></span> <span class='ocrx_word' id='word_1_397' title='bbox 808 3664 892 3713; x_wconf 82' lang='lat' dir='ltr'><strong>solatii</strong></span> <span class='ocrx_word' id='word_1_398' title='bbox 919 3663 1054 3725; x_wconf 83' lang='lat' dir='ltr'><strong>praebens,</strong></span> <span class='ocrx_word' id='word_1_399' title='bbox 1089 3661 1206 3725; x_wconf 83' lang='lat' dir='ltr'><strong>leguntur</strong></span> <span class='ocrx_word' id='word_1_400' title='bbox 1238 3672 1314 3724; x_wconf 72' lang='lat' dir='ltr'><strong>sopra</strong></span> <span class='ocrx_word' id='word_1_401' title='bbox 1345 3674 1371 3723; x_wconf 88' lang='lat' dir='ltr'><strong>p.</strong></span> <span class='ocrx_word' id='word_1_402' title='bbox 1400 3656 1431 3708; x_wconf 77' lang='lat'><strong>51</strong></span> <span class='ocrx_word' id='word_1_403' title='bbox 1464 3676 1517 3726; x_wconf 86' lang='lat' dir='ltr'><strong>sqq.</strong></span> 
     </span>
     <span class='ocr_line' id='line_1_38' title="bbox 161 3731 1546 3799; baseline -0.003 -12"><span class='ocrx_word' id='word_1_404' title='bbox 161 3735 256 3796; x_wconf 80' lang='lat' dir='ltr'><strong>Quibus</strong></span> <span class='ocrx_word' id='word_1_405' title='bbox 273 3737 392 3799; x_wconf 53' lang='grc' dir='ltr'><strong>ΜΨ</strong></span> <span class='ocrx_word' id='word_1_406' title='bbox 411 3749 486 3785; x_wconf 69' lang='lat' dir='ltr'><strong>mmo</strong></span> <span class='ocrx_word' id='word_1_407' title='bbox 503 3736 567 3785; x_wconf 80' lang='lat' dir='ltr'><strong>torte</strong></span> <span class='ocrx_word' id='word_1_408' title='bbox 588 3736 725 3793; x_wconf 83' lang='lat' dir='ltr'><strong>mirabitur,</strong></span> <span class='ocrx_word' id='word_1_409' title='bbox 745 3741 882 3797; x_wconf 86' lang='lat' dir='ltr'><strong>temporum</strong></span> <span class='ocrx_word' id='word_1_410' title='bbox 899 3734 991 3795; x_wconf 67' lang='lat' dir='ltr'><strong>lalana</strong></span> <span class='ocrx_word' id='word_1_411' title='bbox 1007 3738 1124 3781; x_wconf 71' lang='lat' dir='ltr'><strong>matam</strong></span> <span class='ocrx_word' id='word_1_412' title='bbox 1137 3732 1321 3793; x_wconf 76' lang='lat' dir='ltr'><strong>cruciatumque</strong></span> <span class='ocrx_word' id='word_1_413' title='bbox 1339 3731 1417 3779; x_wconf 76' lang='lat' dir='ltr'><strong>damu</strong></span> <span class='ocrx_word' id='word_1_414' title='bbox 1435 3733 1517 3783; x_wconf 76' lang='lat' dir='ltr'><strong>meme</strong></span> <span class='ocrx_word' id='word_1_415' title='bbox 1541 3755 1546 3759; x_wconf 93' lang='lat'><em>·</em></span> 
     </span>
     <span class='ocr_line' id='line_1_39' title="bbox 158 3784 1518 3868; baseline -0.005 -9"><span class='ocrx_word' id='word_1_416' title='bbox 158 3807 234 3858; x_wconf 66' lang='lat' dir='ltr'><strong>haee</strong></span> <span class='ocrx_word' id='word_1_417' title='bbox 251 3807 400 3859; x_wconf 67' lang='lat' dir='ltr'><strong>entem</strong></span> <span class='ocrx_word' id='word_1_418' title='bbox 419 3812 444 3856; x_wconf 83' lang='lat' dir='ltr'><strong>et</strong></span> <span class='ocrx_word' id='word_1_419' title='bbox 462 3807 566 3863; x_wconf 76' lang='lat' dir='ltr'><strong>ineerta,</strong></span> <span class='ocrx_word' id='word_1_420' title='bbox 587 3812 614 3855; x_wconf 89' lang='lat' dir='ltr'><strong>st</strong></span> <span class='ocrx_word' id='word_1_421' title='bbox 631 3806 665 3855; x_wconf 84' lang='lat' dir='ltr'><strong>ed</strong></span> <span class='ocrx_word' id='word_1_422' title='bbox 683 3806 871 3868; x_wconf 78' lang='lat' dir='ltr'><strong>eupmatitiouee</strong></span> <span class='ocrx_word' id='word_1_423' title='bbox 891 3803 1017 3853; x_wconf 72' lang='lat' dir='ltr'><strong>amnas</strong></span> <span class='ocrx_word' id='word_1_424' title='bbox 1035 3816 1117 3865; x_wconf 86' lang='lat' dir='ltr'><strong>paene</strong></span> <span class='ocrx_word' id='word_1_425' title='bbox 1136 3801 1221 3850; x_wconf 85' lang='lat' dir='ltr'><strong>aniles¹</strong></span> <span class='ocrx_word' id='word_1_426' title='bbox 1258 3784 1296 3850; x_wconf 71' lang='lat' dir='ltr'><strong>iio</strong></span> <span class='ocrx_word' id='word_1_427' title='bbox 1314 3800 1368 3862; x_wconf 85' lang='lat' dir='ltr'><strong>ipso</strong></span> <span class='ocrx_word' id='word_1_428' title='bbox 1380 3814 1438 3849; x_wconf 75' lang='lat' dir='ltr'><strong>varo</strong></span> <span class='ocrx_word' id='word_1_429' title='bbox 1456 3807 1518 3852; x_wconf 87' lang='lat' dir='ltr'><strong>tem·</strong></span> 
     </span>
     <span class='ocr_line' id='line_1_40' title="bbox 157 3871 1519 3940; baseline -0.005 -10"><span class='ocrx_word' id='word_1_430' title='bbox 157 3890 231 3940; x_wconf 80' lang='lat' dir='ltr'><strong>pere,</strong></span> <span class='ocrx_word' id='word_1_431' title='bbox 255 3884 406 3940; x_wconf 64' lang='lat' dir='ltr'><strong>resanata</strong></span> <span class='ocrx_word' id='word_1_432' title='bbox 422 3878 521 3940; x_wconf 75' lang='lat' dir='ltr'><strong>propria</strong></span> <span class='ocrx_word' id='word_1_433' title='bbox 537 3883 644 3931; x_wconf 74' lang='lat' dir='ltr'><strong>namra,</strong></span> <span class='ocrx_word' id='word_1_434' title='bbox 669 3876 845 3938; x_wconf 70' lang='lat' dir='ltr'><strong>mreumepoait</strong></span> <span class='ocrx_word' id='word_1_435' title='bbox 861 3874 987 3930; x_wconf 78' lang='lat' dir='ltr'><strong>subsidia,</strong></span> <span class='ocrx_word' id='word_1_436' title='bbox 1011 3872 1100 3936; x_wconf 82' lang='lat' dir='ltr'><strong>quihus</strong></span> <span class='ocrx_word' id='word_1_437' title='bbox 1118 3871 1164 3921; x_wconf 84' lang='lat' dir='ltr'><strong>sibi</strong></span> <span class='ocrx_word' id='word_1_438' title='bbox 1182 3872 1281 3934; x_wconf 78' lang='lat' dir='ltr'><strong>cuteque</strong></span> <span class='ocrx_word' id='word_1_439' title='bbox 1300 3871 1392 3919; x_wconf 81' lang='lat' dir='ltr'><strong>rictam</strong></span> <span class='ocrx_word' id='word_1_440' title='bbox 1408 3879 1519 3933; x_wconf 86' lang='lat' dir='ltr'><strong>pararet,</strong></span> 
     </span>
     <span class='ocr_line' id='line_1_41' title="bbox 158 3940 1517 4013; baseline -0.007 -12"><span class='ocrx_word' id='word_1_441' title='bbox 158 3960 239 4013; x_wconf 64' lang='lat' dir='ltr'><strong>eaque</strong></span> <span class='ocrx_word' id='word_1_442' title='bbox 255 3950 367 4012; x_wconf 65' lang='lat' dir='ltr'><strong>eem‘prrite</strong></span> <span class='ocrx_word' id='word_1_443' title='bbox 383 3961 450 4012; x_wconf 78' lang='lat' dir='ltr'><strong>quae</strong></span> <span class='ocrx_word' id='word_1_444' title='bbox 467 3948 515 4010; x_wconf 78' lang='lat' dir='ltr'><strong>ipsi</strong></span> <span class='ocrx_word' id='word_1_445' title='bbox 531 3954 630 4011; x_wconf 79' lang='lat' dir='ltr'><strong>promte</strong></span> <span class='ocrx_word' id='word_1_446' title='bbox 647 3952 736 4003; x_wconf 73' lang='lat' dir='ltr'><strong>ereata</strong></span> <span class='ocrx_word' id='word_1_447' title='bbox 755 3944 943 4008; x_wconf 74' lang='lat' dir='ltr'><strong>camTyeheue</strong></span> <span class='ocrx_word' id='word_1_448' title='bbox 961 3945 1016 4008; x_wconf 71' lang='lat' dir='ltr'><strong>egit</strong></span> <span class='ocrx_word' id='word_1_449' title='bbox 1033 3940 1389 4001; x_wconf 65' lang='lat' dir='ltr'><strong>mandentuBohemiem,</strong></span> <span class='ocrx_word' id='word_1_450' title='bbox 1407 3943 1517 3993; x_wconf 74' lang='lat' dir='ltr'><strong>iuterim</strong></span> 
     </span>
     <span class='ocr_line' id='line_1_42' title="bbox 157 4012 1519 4083; baseline -0.004 -13"><span class='ocrx_word' id='word_1_451' title='bbox 157 4030 212 4083; x_wconf 59' lang='lat' dir='ltr'><strong>pe.</strong></span> <span class='ocrx_word' id='word_1_452' title='bbox 230 4019 290 4069; x_wconf 67' lang='lat' dir='ltr'>h</span> <span class='ocrx_word' id='word_1_453' title='bbox 304 4019 354 4069; x_wconf 81' lang='lat' dir='ltr'><strong>bec</strong></span> <span class='ocrx_word' id='word_1_454' title='bbox 370 4018 500 4083; x_wconf 65' lang='lat' dir='ltr'><strong>amem</strong></span> <span class='ocrx_word' id='word_1_455' title='bbox 517 4019 544 4068; x_wconf 88' lang='lat' dir='ltr'><strong>in</strong></span> <span class='ocrx_word' id='word_1_456' title='bbox 561 4033 679 4081; x_wconf 77' lang='lat' dir='ltr'><strong>euepenm</strong></span> <span class='ocrx_word' id='word_1_457' title='bbox 696 4016 835 4075; x_wconf 78' lang='lat' dir='ltr'><strong>haerebat,</strong></span> <span class='ocrx_word' id='word_1_458' title='bbox 861 4014 1042 4067; x_wconf 75' lang='lat' dir='ltr'><strong>mueiuueudie</strong></span> <span class='ocrx_word' id='word_1_459' title='bbox 1061 4012 1234 4063; x_wconf 62' lang='lat' dir='ltr'><strong>ammerbac</strong></span> <span class='ocrx_word' id='word_1_460' title='bbox 1251 4012 1400 4063; x_wconf 83' lang='lat' dir='ltr'><strong>mediocrem</strong></span> <span class='ocrx_word' id='word_1_461' title='bbox 1418 4014 1519 4079; x_wconf 85' lang='lat' dir='ltr'><strong>conqui-</strong></span> 
     </span>
     <span class='ocr_line' id='line_1_43' title="bbox 157 4080 1517 4153; baseline -0.004 -13"><span class='ocrx_word' id='word_1_462' title='bbox 157 4090 229 4139; x_wconf 71' lang='lat' dir='ltr'><strong>neae</strong></span> <span class='ocrx_word' id='word_1_463' title='bbox 245 4091 386 4153; x_wconf 59' lang='lat' dir='ltr'><strong>mamam</strong></span> <span class='ocrx_word' id='word_1_464' title='bbox 422 4089 491 4140; x_wconf 74' lang='lat' dir='ltr'><strong>lmer</strong></span> <span class='ocrx_word' id='word_1_465' title='bbox 508 4088 608 4151; x_wconf 61' lang='lat' dir='ltr'><strong>septies</strong></span> <span class='ocrx_word' id='word_1_466' title='bbox 634 4089 730 4138; x_wconf 82' lang='lat' dir='ltr'><strong>nobiles</strong></span> <span class='ocrx_word' id='word_1_467' title='bbox 754 4089 888 4152; x_wconf 79' lang='lat' dir='ltr'><strong>praecipue</strong></span> <span class='ocrx_word' id='word_1_468' title='bbox 911 4085 1013 4135; x_wconf 78' lang='lat' dir='ltr'><strong>larebat</strong></span> <span class='ocrx_word' id='word_1_469' title='bbox 1028 4083 1138 4147; x_wconf 74' lang='lat' dir='ltr'><strong>Keplero</strong></span> <span class='ocrx_word' id='word_1_470' title='bbox 1157 4080 1219 4134; x_wconf 85' lang='lat' dir='ltr'><strong>liber</strong></span> <span class='ocrx_word' id='word_1_471' title='bbox 1242 4083 1303 4135; x_wconf 86' lang='lat' dir='ltr'><strong>baro</strong></span> <span class='ocrx_word' id='word_1_472' title='bbox 1328 4083 1359 4133; x_wconf 91' lang='lat' dir='ltr'><strong>de</strong></span> <span class='ocrx_word' id='word_1_473' title='bbox 1376 4083 1517 4134; x_wconf 79' lang='lat' dir='ltr'><strong>Herbar-</strong></span> 
     </span>
     <span class='ocr_line' id='line_1_44' title="bbox 155 4153 1518 4224; baseline -0.004 -13"><span class='ocrx_word' id='word_1_474' title='bbox 155 4160 265 4217; x_wconf 58' lang='grc' dir='ltr'><strong>Μὴ,</strong></span> <span class='ocrx_word' id='word_1_475' title='bbox 281 4174 385 4223; x_wconf 63' lang='lat' dir='ltr'><strong>moes</strong></span> <span class='ocrx_word' id='word_1_476' title='bbox 401 4166 514 4213; x_wconf 67' lang='lat' dir='ltr'><strong>stenem</strong></span> <span class='ocrx_word' id='word_1_477' title='bbox 531 4159 645 4222; x_wconf 71' lang='lat' dir='ltr'><strong>styriae,</strong></span> <span class='ocrx_word' id='word_1_478' title='bbox 666 4160 706 4224; x_wconf 86' lang='lat' dir='ltr'><strong>qui</strong></span> <span class='ocrx_word' id='word_1_479' title='bbox 725 4173 782 4208; x_wconf 84' lang='lat' dir='ltr'><strong>cam</strong></span> <span class='ocrx_word' id='word_1_480' title='bbox 801 4158 847 4208; x_wconf 81' lang='lat' dir='ltr'><strong>eibi</strong></span> <span class='ocrx_word' id='word_1_481' title='bbox 864 4157 911 4220; x_wconf 86' lang='lat' dir='ltr'><strong>lpei</strong></span> <span class='ocrx_word' id='word_1_482' title='bbox 928 4162 982 4206; x_wconf 84' lang='lat' dir='ltr'><strong>tam</strong></span> <span class='ocrx_word' id='word_1_483' title='bbox 1000 4155 1055 4205; x_wconf 79' lang='lat' dir='ltr'><strong>eliis</strong></span> <span class='ocrx_word' id='word_1_484' title='bbox 1073 4155 1194 4205; x_wconf 84' lang='lat' dir='ltr'><strong>nobilibus</strong></span> <span class='ocrx_word' id='word_1_485' title='bbox 1211 4155 1310 4218; x_wconf 75' lang='lat' dir='ltr'><strong>suspirie</strong></span> <span class='ocrx_word' id='word_1_486' title='bbox 1328 4155 1431 4218; x_wconf 86' lang='lat' dir='ltr'><strong>expetiit</strong></span> <span class='ocrx_word' id='word_1_487' title='bbox 1448 4153 1518 4220; x_wconf 86' lang='lat' dir='ltr'><strong>Kep-</strong></span> 
     </span>
     <span class='ocr_line' id='line_1_45' title="bbox 155 4224 1519 4295; baseline -0.002 -14"><span class='ocrx_word' id='word_1_488' title='bbox 155 4231 205 4281; x_wconf 80' lang='lat' dir='ltr'><strong>laet</strong></span> <span class='ocrx_word' id='word_1_489' title='bbox 221 4231 399 4295; x_wconf 62' lang='lat' dir='ltr'><strong>metemus</strong></span> <span class='ocrx_word' id='word_1_490' title='bbox 414 4230 550 4292; x_wconf 73' lang='lat' dir='ltr'><strong>tadieim,</strong></span> <span class='ocrx_word' id='word_1_491' title='bbox 579 4230 629 4278; x_wconf 86' lang='lat' dir='ltr'><strong>hee</strong></span> <span class='ocrx_word' id='word_1_492' title='bbox 645 4232 708 4280; x_wconf 83' lang='lat' dir='ltr'><strong>toste</strong></span> <span class='ocrx_word' id='word_1_493' title='bbox 726 4231 803 4279; x_wconf 62' lang='lat' dir='ltr'><strong>mam</strong></span> <span class='ocrx_word' id='word_1_494' title='bbox 822 4234 915 4288; x_wconf 64' lang='lat' dir='ltr'><strong>menn,</strong></span> <span class='ocrx_word' id='word_1_495' title='bbox 933 4233 970 4283; x_wconf 81' lang='lat' dir='ltr'><strong>at,</strong></span> <span class='ocrx_word' id='word_1_496' title='bbox 989 4226 1131 4279; x_wconf 63' lang='lat' dir='ltr'><strong>labanum</strong></span> <span class='ocrx_word' id='word_1_497' title='bbox 1148 4227 1221 4276; x_wconf 82' lang='lat' dir='ltr'><strong>robae</strong></span> <span class='ocrx_word' id='word_1_498' title='bbox 1240 4224 1360 4289; x_wconf 76' lang='lat' dir='ltr'><strong>Styriacie</strong></span> <span class='ocrx_word' id='word_1_499' title='bbox 1378 4232 1404 4275; x_wconf 88' lang='lat' dir='ltr'><strong>et</strong></span> <span class='ocrx_word' id='word_1_500' title='bbox 1422 4229 1519 4278; x_wconf 76' lang='lat' dir='ltr'><strong>aerarm</strong></span> 
     </span>
     <span class='ocr_line' id='line_1_46' title="bbox 155 4296 1518 4365; baseline -0.002 -13"><span class='ocrx_word' id='word_1_501' title='bbox 155 4301 255 4364; x_wconf 59' lang='grc' dir='ltr'><strong>μὴ·</strong></span> <span class='ocrx_word' id='word_1_502' title='bbox 267 4302 396 4365; x_wconf 57' lang='lat' dir='ltr'><strong>agnem&amp;</strong></span> <span class='ocrx_word' id='word_1_503' title='bbox 413 4314 514 4364; x_wconf 62' lang='lat' dir='ltr'><strong>mene,</strong></span> <span class='ocrx_word' id='word_1_504' title='bbox 543 4299 679 4363; x_wconf 81' lang='lat' dir='ltr'><strong>Kepleeam</strong></span> <span class='ocrx_word' id='word_1_505' title='bbox 696 4300 853 4354; x_wconf 75' lang='lat' dir='ltr'><strong>sublevaret,</strong></span> <span class='ocrx_word' id='word_1_506' title='bbox 879 4311 986 4362; x_wconf 82' lang='lat' dir='ltr'><strong>peream</strong></span> <span class='ocrx_word' id='word_1_507' title='bbox 1005 4297 1120 4362; x_wconf 64' lang='lat' dir='ltr'><strong>dimitam</strong></span> <span class='ocrx_word' id='word_1_508' title='bbox 1137 4298 1182 4347; x_wconf 79' lang='lat' dir='ltr'><strong>riri</strong></span> <span class='ocrx_word' id='word_1_509' title='bbox 1206 4311 1280 4362; x_wconf 82' lang='lat' dir='ltr'><strong>quem</strong></span> <span class='ocrx_word' id='word_1_510' title='bbox 1297 4297 1382 4361; x_wconf 81' lang='lat' dir='ltr'><strong>magni</strong></span> <span class='ocrx_word' id='word_1_511' title='bbox 1397 4296 1518 4349; x_wconf 71' lang='lat' dir='ltr'><strong>iaciebat.</strong></span> 
     </span>
     <span class='ocr_line' id='line_1_47' title="bbox 156 4367 1521 4436; baseline -0.001 -13"><span class='ocrx_word' id='word_1_512' title='bbox 156 4372 219 4436; x_wconf 65' lang='lat'><strong>50⁵¹</strong></span> <span class='ocrx_word' id='word_1_513' title='bbox 234 4384 292 4423; x_wconf 73' lang='lat' dir='ltr'><strong>ran</strong></span> <span class='ocrx_word' id='word_1_514' title='bbox 310 4371 421 4435; x_wconf 71' lang='lat' dir='ltr'><strong>Keplere</strong></span> <span class='ocrx_word' id='word_1_515' title='bbox 438 4372 572 4434; x_wconf 73' lang='lat' dir='ltr'><strong>interprete</strong></span> <span class='ocrx_word' id='word_1_516' title='bbox 590 4384 649 4419; x_wconf 77' lang='lat' dir='ltr'><strong>asae</strong></span> <span class='ocrx_word' id='word_1_517' title='bbox 675 4369 827 4421; x_wconf 67' lang='lat' dir='ltr'><strong>wentano</strong></span> <span class='ocrx_word' id='word_1_518' title='bbox 845 4369 1037 4430; x_wconf 78' lang='lat' dir='ltr'><strong>Zebeataaajero</strong></span> <span class='ocrx_word' id='word_1_519' title='bbox 1055 4369 1202 4426; x_wconf 80' lang='lat' dir='ltr'><strong>secretario,</strong></span> <span class='ocrx_word' id='word_1_520' title='bbox 1229 4369 1301 4430; x_wconf 79' lang='lat' dir='ltr'><strong>cuiue</strong></span> <span class='ocrx_word' id='word_1_521' title='bbox 1319 4367 1403 4421; x_wconf 81' lang='lat' dir='ltr'><strong>literae</strong></span> <span class='ocrx_word' id='word_1_522' title='bbox 1421 4367 1521 4421; x_wconf 79' lang='lat' dir='ltr'><strong>exhibet</strong></span> 
     </span>
     <span class='ocr_line' id='line_1_48' title="bbox 156 4436 1519 4505; baseline -0.002 -16"><span class='ocrx_word' id='word_1_523' title='bbox 156 4442 343 4505; x_wconf 48' lang='grc' dir='ltr'><strong>ψῃ</strong></span> <span class='ocrx_word' id='word_1_524' title='bbox 362 4438 414 4490; x_wconf 79' lang='grc'><strong>126</strong></span> <span class='ocrx_word' id='word_1_525' title='bbox 432 4456 468 4491; x_wconf 89' lang='lat' dir='ltr'><strong>ee.</strong></span> <span class='ocrx_word' id='word_1_526' title='bbox 485 4442 560 4491; x_wconf 83' lang='lat' dir='ltr'><strong>eunie</strong></span> <span class='ocrx_word' id='word_1_527' title='bbox 583 4436 758 4491; x_wconf 74' lang='lat' dir='ltr'><strong>rote-1600</strong></span> <span class='ocrx_word' id='word_1_528' title='bbox 775 4441 861 4491; x_wconf 70' lang='lat' dir='ltr'><strong>duae.</strong></span> <span class='ocrx_word' id='word_1_529' title='bbox 896 4439 935 4491; x_wconf 80' lang='lat' dir='ltr'><strong>Ex</strong></span> <span class='ocrx_word' id='word_1_530' title='bbox 950 4437 989 4487; x_wconf 86' lang='lat' dir='ltr'><strong>hie</strong></span> <span class='ocrx_word' id='word_1_531' title='bbox 1005 4437 1071 4488; x_wconf 83' lang='lat' dir='ltr'><strong>heae</strong></span> <span class='ocrx_word' id='word_1_532' title='bbox 1092 4444 1192 4489; x_wconf 84' lang='lat' dir='ltr'><strong>tantam</strong></span> <span class='ocrx_word' id='word_1_533' title='bbox 1211 4439 1388 4501; x_wconf 80' lang='lat' dir='ltr'><strong>excerpsimus:</strong></span> <span class='ocrx_word' id='word_1_534' title='bbox 1420 4439 1519 4497; x_wconf 78' lang='lat' dir='ltr'><strong>„Gana-</strong></span> 
     </span>
    </p>
   </div>
   <div class='ocr_carea' id='block_1_8' title="bbox 155 4503 1638 4576">
    <p class='ocr_par' dir='ltr' id='par_1_9' title="bbox 155 4503 1638 4576">
     <span class='ocr_line' id='line_1_49' title="bbox 155 4503 1638 4576; baseline -0.002 -13"><span class='ocrx_word' id='word_1_535' title='bbox 155 4527 197 4563; x_wconf 91' lang='lat' dir='ltr'><strong>eee</strong></span> <span class='ocrx_word' id='word_1_536' title='bbox 214 4520 273 4563; x_wconf 83' lang='lat' dir='ltr'><strong>taee</strong></span> <span class='ocrx_word' id='word_1_537' title='bbox 290 4526 446 4576; x_wconf 61' lang='grc' dir='ltr'><strong>ωψσε</strong></span> <span class='ocrx_word' id='word_1_538' title='bbox 464 4511 627 4563; x_wconf 77' lang='lat' dir='ltr'><strong>commendet</strong></span> <span class='ocrx_word' id='word_1_539' title='bbox 646 4511 788 4563; x_wconf 78' lang='lat' dir='ltr'><strong>Geueroeae</strong></span> <span class='ocrx_word' id='word_1_540' title='bbox 812 4509 891 4572; x_wconf 60' lang='lat' dir='ltr'><strong>(mem</strong></span> <span class='ocrx_word' id='word_1_541' title='bbox 907 4511 952 4573; x_wconf 80' lang='lat' dir='ltr'><strong>ille</strong></span> <span class='ocrx_word' id='word_1_542' title='bbox 967 4505 1156 4571; x_wconf 60' lang='lat' dir='ltr'><strong>Etiamne),</strong></span> <span class='ocrx_word' id='word_1_543' title='bbox 1179 4514 1206 4558; x_wconf 89' lang='lat' dir='ltr'><strong>et</strong></span> <span class='ocrx_word' id='word_1_544' title='bbox 1227 4508 1360 4572; x_wconf 74' lang='lat' dir='ltr'><strong>eliqaon&#39;ee</strong></span> <span class='ocrx_word' id='word_1_545' title='bbox 1379 4508 1520 4569; x_wconf 70' lang='lat' dir='ltr'><strong>affirmavit</strong></span> <span class='ocrx_word' id='word_1_546' title='bbox 1634 4503 1638 4512; x_wconf 88' lang='lat'>&#39;</span> 
     </span>
    </p>
   </div>
   <div class='ocr_carea' id='block_1_9' title="bbox 154 4578 1521 4928">
    <p class='ocr_par' dir='ltr' id='par_1_10' title="bbox 154 4578 1521 4928">
     <span class='ocr_line' id='line_1_50' title="bbox 155 4578 1521 4647; baseline -0.002 -14"><span class='ocrx_word' id='word_1_547' title='bbox 155 4590 184 4633; x_wconf 84' lang='lat' dir='ltr'><strong>te</strong></span> <span class='ocrx_word' id='word_1_548' title='bbox 199 4598 254 4633; x_wconf 81' lang='lat' dir='ltr'><strong>sem</strong></span> <span class='ocrx_word' id='word_1_549' title='bbox 272 4597 322 4634; x_wconf 75' lang='lat' dir='ltr'><strong>eeu</strong></span> <span class='ocrx_word' id='word_1_550' title='bbox 339 4584 452 4647; x_wconf 78' lang='lat' dir='ltr'><strong>tetigleee</strong></span> <span class='ocrx_word' id='word_1_551' title='bbox 469 4584 496 4633; x_wconf 81' lang='lat' dir='ltr'><strong>in</strong></span> <span class='ocrx_word' id='word_1_552' title='bbox 516 4582 564 4632; x_wconf 85' lang='lat' dir='ltr'><strong>illis</strong></span> <span class='ocrx_word' id='word_1_553' title='bbox 578 4581 697 4644; x_wconf 71' lang='lat' dir='ltr'><strong>indicite.</strong></span> <span class='ocrx_word' id='word_1_554' title='bbox 721 4594 787 4644; x_wconf 77' lang='lat' dir='ltr'><strong>quae</strong></span> <span class='ocrx_word' id='word_1_555' title='bbox 804 4580 934 4635; x_wconf 73' lang='lat' dir='ltr'><strong>Nobilibus</strong></span> <span class='ocrx_word' id='word_1_556' title='bbox 956 4581 982 4629; x_wconf 86' lang='lat' dir='ltr'><strong>iu</strong></span> <span class='ocrx_word' id='word_1_557' title='bbox 999 4581 1102 4629; x_wconf 79' lang='lat' dir='ltr'><strong>Austria</strong></span> <span class='ocrx_word' id='word_1_558' title='bbox 1119 4580 1259 4642; x_wconf 82' lang='lat' dir='ltr'><strong>conscripta</strong></span> <span class='ocrx_word' id='word_1_559' title='bbox 1276 4585 1342 4628; x_wconf 81' lang='lat' dir='ltr'><strong>eunt.</strong></span> <span class='ocrx_word' id='word_1_560' title='bbox 1377 4578 1459 4629; x_wconf 82' lang='lat' dir='ltr'><strong>Juaeit</strong></span> <span class='ocrx_word' id='word_1_561' title='bbox 1474 4580 1521 4630; x_wconf 90' lang='lat' dir='ltr'><strong>tibi</strong></span> 
     </span>
     <span class='ocr_line' id='line_1_51' title="bbox 156 4649 1520 4719; baseline -0.004 -13"><span class='ocrx_word' id='word_1_562' title='bbox 156 4654 307 4719; x_wconf 64' lang='lat' dir='ltr'><strong>significari,</strong></span> <span class='ocrx_word' id='word_1_563' title='bbox 335 4660 365 4703; x_wconf 81' lang='lat' dir='ltr'><strong>at</strong></span> <span class='ocrx_word' id='word_1_564' title='bbox 381 4654 530 4705; x_wconf 63' lang='grc' dir='ltr'><strong>Μυκη</strong></span> <span class='ocrx_word' id='word_1_565' title='bbox 546 4651 753 4703; x_wconf 71' lang='lat' dir='ltr'><strong>mammeam·</strong></span> <span class='ocrx_word' id='word_1_566' title='bbox 770 4652 897 4714; x_wconf 80' lang='lat' dir='ltr'><strong>patienter</strong></span> <span class='ocrx_word' id='word_1_567' title='bbox 914 4652 978 4703; x_wconf 81' lang='lat' dir='ltr'><strong>terre</strong></span> <span class='ocrx_word' id='word_1_568' title='bbox 996 4650 1070 4706; x_wconf 71' lang='lat' dir='ltr'><strong>velie,</strong></span> <span class='ocrx_word' id='word_1_569' title='bbox 1095 4663 1173 4714; x_wconf 81' lang='lat' dir='ltr'><strong>usqae</strong></span> <span class='ocrx_word' id='word_1_570' title='bbox 1191 4650 1251 4701; x_wconf 86' lang='lat' dir='ltr'><strong>dum</strong></span> <span class='ocrx_word' id='word_1_571' title='bbox 1270 4649 1315 4699; x_wconf 85' lang='lat' dir='ltr'><strong>ille</strong></span> <span class='ocrx_word' id='word_1_572' title='bbox 1332 4650 1464 4701; x_wconf 79' lang='lat' dir='ltr'><strong>Graeciam</strong></span> <span class='ocrx_word' id='word_1_573' title='bbox 1480 4664 1520 4701; x_wconf 83' lang='lat' dir='ltr'><strong>re·</strong></span> 
     </span>
     <span class='ocr_line' id='line_1_52' title="bbox 154 4719 1520 4791; baseline -0.001 -16"><span class='ocrx_word' id='word_1_574' title='bbox 154 4738 256 4791; x_wconf 68' lang='lat' dir='ltr'><strong>penae</strong></span> <span class='ocrx_word' id='word_1_575' title='bbox 280 4725 364 4775; x_wconf 59' lang='grc' dir='ltr'><strong>Μὰ,</strong></span> <span class='ocrx_word' id='word_1_576' title='bbox 401 4723 466 4774; x_wconf 73' lang='lat' dir='ltr'><strong>Tm</strong></span> <span class='ocrx_word' id='word_1_577' title='bbox 490 4723 628 4774; x_wconf 74' lang='lat' dir='ltr'><strong>hcucrffiee</strong></span> <span class='ocrx_word' id='word_1_578' title='bbox 652 4721 697 4772; x_wconf 81' lang='lat' dir='ltr'><strong>tihi</strong></span> <span class='ocrx_word' id='word_1_579' title='bbox 723 4720 843 4781; x_wconf 76' lang='lat' dir='ltr'><strong>satiebat.</strong></span> <span class='ocrx_word' id='word_1_580' title='bbox 873 4728 901 4775; x_wconf 88' lang='lat' dir='ltr'><strong>et</strong></span> <span class='ocrx_word' id='word_1_581' title='bbox 924 4721 1027 4772; x_wconf 82' lang='lat' dir='ltr'><strong>ulterius</strong></span> <span class='ocrx_word' id='word_1_582' title='bbox 1051 4726 1135 4771; x_wconf 74' lang='lat' dir='ltr'><strong>tecm</strong></span> <span class='ocrx_word' id='word_1_583' title='bbox 1157 4726 1247 4786; x_wconf 74' lang='lat' dir='ltr'><strong>agetur</strong></span> <span class='ocrx_word' id='word_1_584' title='bbox 1271 4719 1304 4770; x_wconf 84' lang='lat' dir='ltr'><strong>de</strong></span> <span class='ocrx_word' id='word_1_585' title='bbox 1321 4720 1445 4769; x_wconf 77' lang='lat' dir='ltr'><strong>nonnullis</strong></span> <span class='ocrx_word' id='word_1_586' title='bbox 1464 4719 1520 4773; x_wconf 78' lang='lat' dir='ltr'><strong>athe</strong></span> 
     </span>
     <span class='ocr_line' id='line_1_53' title="bbox 155 4787 1520 4861; baseline -0.005 -14"><span class='ocrx_word' id='word_1_587' title='bbox 155 4794 481 4861; x_wconf 52' lang='lat' dir='ltr'><strong>*mumma</strong></span> <span class='ocrx_word' id='word_1_588' title='bbox 518 4792 733 4856; x_wconf 73' lang='lat' dir='ltr'><strong>Altemueladieii</strong></span> <span class='ocrx_word' id='word_1_589' title='bbox 751 4804 831 4843; x_wconf 78' lang='lat' dir='ltr'><strong>cauea</strong></span> <span class='ocrx_word' id='word_1_590' title='bbox 848 4792 934 4857; x_wconf 80' lang='lat' dir='ltr'><strong>seripei</strong></span> <span class='ocrx_word' id='word_1_591' title='bbox 952 4792 986 4842; x_wconf 85' lang='lat' dir='ltr'><strong>ad</strong></span> <span class='ocrx_word' id='word_1_592' title='bbox 1004 4789 1360 4855; x_wconf 51' lang='lat' dir='ltr'><strong>annumerandam</strong></span> <span class='ocrx_word' id='word_1_593' title='bbox 1378 4787 1520 4841; x_wconf 72' lang='lat' dir='ltr'><strong>Carnicae</strong></span> 
     </span>
     <span class='ocr_line' id='line_1_54' title="bbox 156 4858 1519 4928; baseline -0.006 -10"><span class='ocrx_word' id='word_1_594' title='bbox 156 4868 276 4925; x_wconf 68' lang='lat' dir='ltr'><strong>umida,</strong></span> <span class='ocrx_word' id='word_1_595' title='bbox 304 4872 334 4917; x_wconf 80' lang='lat' dir='ltr'><strong>nt</strong></span> <span class='ocrx_word' id='word_1_596' title='bbox 351 4865 429 4916; x_wconf 73' lang='lat' dir='ltr'><strong>ineat</strong></span> <span class='ocrx_word' id='word_1_597' title='bbox 452 4865 485 4916; x_wconf 87' lang='lat' dir='ltr'><strong>de</strong></span> <span class='ocrx_word' id='word_1_598' title='bbox 501 4864 650 4922; x_wconf 77' lang='lat' dir='ltr'><strong>honerario,</strong></span> <span class='ocrx_word' id='word_1_599' title='bbox 673 4877 706 4917; x_wconf 85' lang='lat' dir='ltr'><strong>ne</strong></span> <span class='ocrx_word' id='word_1_600' title='bbox 722 4860 834 4912; x_wconf 85' lang='lat' dir='ltr'><strong>lahorem</strong></span> <span class='ocrx_word' id='word_1_601' title='bbox 858 4867 885 4913; x_wconf 86' lang='lat' dir='ltr'><strong>et</strong></span> <span class='ocrx_word' id='word_1_602' title='bbox 907 4875 1009 4928; x_wconf 77' lang='lat' dir='ltr'><strong>operam</strong></span> <span class='ocrx_word' id='word_1_603' title='bbox 1026 4861 1117 4913; x_wconf 74' lang='lat' dir='ltr'><strong>nusae</strong></span> <span class='ocrx_word' id='word_1_604' title='bbox 1140 4858 1313 4927; x_wconf 67' lang='lat' dir='ltr'><strong>hupeuderia‘*</strong></span> <span class='ocrx_word' id='word_1_605' title='bbox 1332 4881 1367 4919; x_wconf 70' lang='grc'><strong>-,·</strong></span> <span class='ocrx_word' id='word_1_606' title='bbox 1383 4858 1415 4911; x_wconf 76' lang='lat' dir='ltr'><strong>la</strong></span> <span class='ocrx_word' id='word_1_607' title='bbox 1430 4858 1519 4923; x_wconf 74' lang='lat' dir='ltr'><strong>iiederp</strong></span> 
     </span>
    </p>
   </div>
   <div class='ocr_carea' id='block_1_10' title="bbox 0 0 1916 5818">
    <p class='ocr_par' dir='ltr' id='par_1_11' title="bbox 0 0 1916 5818">
     <span class='ocr_line' id='line_1_55' title="bbox 0 0 1916 5818; baseline 0 0"><span class='ocrx_word' id='word_1_608' title='bbox 0 0 1916 5818; x_wconf 95' lang='lat' dir='ltr'><strong> </strong></span> 
     </span>
    </p>
   </div>
  </div>
 </body>
</html>
