3788 5828
401 366 465 437 rra
912 366 1243 473 emenone-run

399 540 479 594 suat.
528 529 675 610 Optarem
698 537 798 592 autern
823 531 1085 610 (quamadmodum
1110 549 1156 591 me
1180 548 1282 592 coram
1305 530 1419 592 dixisse
1448 529 1620 593 meminisse
1642 533 1757 612 potes),

399 619 598 700 Cupernicum
622 619 838 681 dimensionum
861 619 966 681 barum
991 620 1184 681 fundamenta
1207 638 1265 681 non
1285 620 1435 701 antiquas,
1460 620 1514 681 sed
1537 639 1634 682 novas
1652 621 1758 682 obser·
1787 626 1791 637 “

398 709 539 771 vationes
563 709 754 771 assumsisse.
792 706 927 770 'Grande
951 708 1031 770 enim
1055 718 1087 768 et
1110 710 1239 770 immane
1262 710 1447 789 postulatam
1470 709 1546 771 illud
1560 716 1609 771 est
1632 709 1700 782 (lib.
1719 709 1767 784 V.v

398 817 464 878 cap.
490 794 559 871 30.)
584 817 650 860 cum
680 797 915 870 concedendurn,
940 798 1052 878 inquit,
1071 804 1227 878 putamus,
1251 799 1557 861 commensurationes
1581 798 1758 860 circulorum

397 886 547 950 mansisse
577 908 596 948 a
622 886 797 949 Ptolemaeo
820 887 1002 948 etiamnunc.
1053 886 1133 949 Nam
1170 886 1236 966 ipsa
1269 887 1402 950 Terrena
1429 886 1641 950 eucentricitas
1670 886 1759 950 dimi·

398 985 473 1038 nuta
505 976 582 1039 alios
610 994 750 1038 numeros
782 972 961 1055 postulat).
1008 976 1074 1038 Nec
1107 976 1186 1038 enirn
1213 994 1318 1038 verum
1346 983 1408 1053 est,
1442 976 1520 1058 quod
1550 974 1701 1038 Rheticus
1730 976 1759 1037 in

398 1065 571 1127 narratione
595 1065 677 1138 dicit,
702 1065 779 1147 qnod
802 1065 830 1126 in
855 1064 1005 1126 Mercurio
1029 1065 1112 1126 nulla
1135 1083 1252 1146 qnoque
1275 1066 1355 1128 sicut
1376 1065 1506 1128 inJove
1530 1064 1681 1127 sentiatur
1704 1083 1758 1126 ec·

399 1154 599 1216 centricitatis
627 1155 770 1217 mutatio:
804 1173 873 1215 nam
905 1173 964 1215 non
995 1154 1134 1216 similiter
1162 1153 1244 1217 Solia
1272 1156 1401 1235 apogaei
1432 1157 1512 1217 latus
1541 1172 1595 1217 suo
1623 1171 1760 1233 apogaeo

399 1243 525 1305 claudit.
571 1244 638 1305 Huc
662 1244 789 1316 accedit,
815 1244 894 1323 quod
912 1242 1117 1306 Ptolemaicae
1141 1244 1368 1306 observationes
1392 1245 1469 1307 satis
1493 1262 1615 1307 crassae
1639 1250 1759 1320 etpur-

401 1332 472 1395 tiles
496 1339 575 1407 sunt,
600 1351 675 1412 qnos
698 1331 817 1394 omnino
840 1332 1072 1412 praecisioribus
1096 1332 1246 1412 corrigere
1265 1334 1436 1414 oportebat.
1483 1332 1546 1396 Sed
1569 1333 1606 1393 de
1630 1332 1678 1394 bis
1700 1332 1762 1412 jam

400 1422 514 1483 frustra
537 1423 676 1502 conqueri
701 1421 781 1482 licet.
829 1422 863 1483 ln
888 1428 940 1482 too
964 1428 1064 1483 autem
1087 1421 1259 1502 proposito,
1291 1422 1316 1483 si
1340 1423 1452 1484 numeri
1475 1422 1506 1483 hi
1530 1430 1681 1501 utcunque
1705 1420 1761 1483 tibi

400 1511 612 1589 respondeant,
637 1518 668 1571 te
692 1517 780 1589 putes
795 1510 895 1571 oillcio
909 1519 961 1572 tuo
981 1511 1102 1590 egregie
1124 1512 1265 1585 functum,
1291 1511 1406 1591 tibique
1430 1511 1680 1592 quemadmodum
1696 1507 1760 1572 Co-

399 1599 539 1678 pernicus
568 1599 647 1680 apud
675 1597 836 1661 Rheticum
865 1600 894 1660 iu
924 1600 1055 1680 epistola
1080 1598 1276 1662 vehementer
1302 1601 1479 1680 gratuleris,
1508 1599 1679 1662 certissima
1706 1616 1762 1679 spe

399 1688 504 1759 fretus,
529 1687 704 1768 propediem
728 1689 806 1763 lore,
839 1696 874 1749 ut
896 1689 1053 1751 occasione
1077 1689 1197 1763 horum,
1231 1708 1307 1769 quae
1331 1710 1350 1750 a
1373 1698 1404 1751 te
1428 1688 1668 1773 ingeniosissime
1692 1695 1763 1750 suat

402 1776 536 1851 inventa,
560 1784 665 1838 cetera
688 1795 818 1858 quoque,
843 1796 919 1858 quae
939 1778 1004 1856 jam
1029 1777 1126 1839 adhuc
1151 1777 1347 1853 dubiosum,
1371 1787 1405 1840 et
1427 1786 1666 1841 astronomorum
1689 1796 1762 1840 coe-

399 1873 464 1927 tum
487 1884 546 1927 uon
569 1882 676 1945 parom
699 1874 850 1947 torquent,
874 1866 1053 1947 planissima
1075 1867 1137 1928 sint
1161 1867 1326 1941 futura“·).

780 2043 825 2104 ΙΝ
848 2040 987 2106 CAPUT
1009 2042 1209 2108 DEOIMUM
1230 2042 1385 2108 NONUM

926 2166 1040 2218 uonna
1058 2164 1236 2218 nncroars.

480 2268 512 2339 a)
535 2274 727 2329 Retractioner
751 2277 895 2330 stellarum
920 2278 1048 2348 appellat
1068 2279 1163 2349 Tycha
1184 2277 1319 2338 Braheus,
1345 2275 1389 2347 qui
1412 2276 1485 2329 hanc
1507 2275 1649 2330 doctrinae
1673 2283 1763 2331 astro·

398 2352 523 2408 numicae
546 2362 655 2425 partem
678 2356 822 2411 constituit
845 2358 1037 2428 excoluitque,
1063 2358 1111 2411 lib.
1136 2359 1429 2429 Progymnasmatnm,
1452 2355 1498 2426 qui
1520 2375 1558 2410 ex
1580 2373 1614 2409 eo
1637 2361 1762 2427 tempore

399 2433 502 2503 prodiit
524 2434 552 2489 iu
574 2436 671 2499 lucem,
697 2453 778 2506 qnam
791 2436 876 2491 etiam
896 2444 1005 2507 partem
1026 2438 1078 2492 leci
1094 2437 1277 2491 astronomiae
1291 2436 1384 2489 Partis
1400 2435 1517 2506 Optieae
1540 2442 1606 2489 ante
1625 2435 1660 2490 15
1675 2453 1762 2490 annos

402 2513 504 2577 editae,
529 2517 650 2586 anxique
672 2515 700 2568 in
722 2517 798 2586 Epit.
822 2521 898 2571 Astr.
923 2519 971 2572 lib.
996 2519 1017 2572 I.
1042 2537 1046 2541 ’
1326 2530 1331 2538 “

481 2589 513 2667 b)
539 2596 583 2650 lte
603 2596 735 2650 creditum
759 2601 803 2650 est
825 2598 966 2669 hucusque
990 2600 1023 2652 de
1045 2596 1196 2659 Mercurio,
1221 2614 1271 2650 nec
1291 2612 1373 2667 nego,
1398 2611 1527 2666 magnam
1550 2612 1612 2650 esse
1634 2612 1762 2651 verorum

400 2675 485 2730 etiam
501 2676 562 2745 ejus
577 2684 699 2731 motuum
714 2676 910 2745 diversitatem,
933 2681 980 2732 sed
996 2695 1067 2749 qnae
1087 2678 1252 2748 quantitatis
1273 2682 1317 2730 est
1340 2694 1393 2730 non
1417 2677 1521 2731 formae
1544 2693 1593 2730 seu
1614 2676 1762 2747 principio·
1816 2714 1822 2731 1

400 2773 468 2820 rum,
492 2764 525 2811 ut
547 2759 681 2811 hactenus
705 2758 884 2822 docebamur;
907 2760 951 2813 bis
974 2759 1047 2813 enim
1068 2758 1209 2829 principiis
1233 2758 1281 2811 ille
1302 2757 1371 2810 nihil
1393 2756 1484 2811 differt
1503 2772 1523 2810 a
1545 2757 1654 2813 ceteris.

484 2835 510 2902 c)
534 2837 677 2909 sequebar
692 2837 718 2891 id
733 2839 863 2908 temporis
878 2857 1046 2894 communem
1060 2839 1224 2910 opinionem,
1248 2837 1413 2892 Mercurium
1427 2843 1525 2891 sentos
1549 2837 1578 2891 in
1591 2837 1684 2908 specie
1699 2855 1769 2901 con·¹

400 2916 488 2973 citare
502 2935 571 2989 prae
585 2918 685 2973 ueteris
699 2919 830 2989 planetis.
867 2925 907 2974 At
927 2938 969 2975 me
992 2922 1139 2976 multorum
1161 2935 1293 2973 annorum
1316 2917 1408 2972 docuit·
1423 2917 1606 2987 experientia
1630 2935 1686 2973 non
1700 2935 1762 2973 esse

398 2996 560 3054 distributas
576 2998 759 3053 mutationum
774 3016 859 3054 aurae
873 3002 975 3057 formas
988 3003 1063 3073 inter
1076 3001 1222 3071 planetas,
1247 3000 1294 3053 sed
1309 2997 1482 3071 generaliter
1505 2997 1614 3051 incitari
1634 3005 1762 3055 naturam

397 3080 576 3134 sublunarem
590 3080 627 3133 ab
642 3079 800 3149 aspectibus
826 3080 950 3135 binorum
964 3082 1010 3135 vel
1033 3099 1051 3135 a
1064 3080 1231 3135 stationibus
1253 3078 1437 3150 singulorum
1461 3083 1493 3131 ut
1516 3077 1557 3132 ita
1575 3080 1695 3133 exsudet
1715 3096 1762 3133 ra·

397 3176 478 3230 porea
503 3167 554 3214 aut
576 3158 664 3213 dumos
689 3177 724 3212 ex
746 3161 884 3214 montibus
908 3169 938 3215 et
961 3161 1075 3215 officinis
1100 3159 1296 3223 subterraneis,
1321 3158 1367 3228 qui
1388 3174 1507 3227 vapores
1531 3165 1560 3211 et
1584 3159 1648 3212 llrmi
1673 3160 1720 3212 vel
1735 3159 1761 3213 in

397 3240 517 3313 pluvias,
543 3240 587 3292 vel
610 3238 638 3292 in
658 3238 744 3301 nives,
768 3241 814 3308 rel
838 3240 991 3305 chasmate,
1015 3241 1060 3294 rel
1075 3241 1197 3303 fulmina,
1222 3240 1268 3292 rel
1282 3238 1441 3310 grandines,
1461 3239 1507 3291 rel
1521 3244 1618 3292 ventos
1639 3240 1760 3310 degene-

396 3327 468 3383 rent,
483 3337 533 3391 pro
548 3319 760 3373 circumstantiis
784 3321 905 3393 locorum
929 3327 959 3374 et
972 3329 1133 3391 temporum.
1169 3319 1253 3373 Venti
1277 3326 1352 3373 certe
1380 3318 1474 3389 magni
1497 3312 1542 3371 rel
1557 3335 1696 3389 nunquam
1716 3320 1761 3374 rel
1815 3340 1820 3347 ·

397 3399 537 3455 rarissime
561 3405 626 3453 sunt
648 3398 713 3452 soli:
737 3399 834 3469 pluria
857 3399 942 3454 omnis
968 3408 1034 3455 ante
1058 3418 1087 3454 se
1101 3406 1199 3454 rentes
1224 3400 1293 3471 ugit,
1319 3416 1378 3453 cnm
1397 3398 1513 3469 primum
1526 3398 1633 3470 ingruit
1655 3398 1761 3470 impetu
1805 3391 1811 3397 “

401 3486 482 3543 aeta:
496 3486 526 3534 et
540 3496 602 3533 cum
617 3479 764 3549 plurimum
778 3480 874 3534 darunt
886 3480 972 3541 renti,
987 3480 1014 3535 id
1028 3480 1155 3535 indicium
1170 3487 1214 3534 est
1227 3479 1356 3534 humidae
1371 3478 1575 3534 constitutionis
1590 3479 1665 3533 anni.
1702 3486 1762 3535 Aut

397 3561 470 3615 enim
484 3561 513 3615 in
526 3559 663 3614 montanis
678 3560 758 3629 pluit,
784 3562 855 3614 unde
869 3560 945 3614 venti
968 3562 1083 3632 spirant,
1109 3568 1159 3616 aut
1181 3561 1230 3614 nix
1253 3560 1290 3613 ibi
1314 3559 1439 3622 solvitur,
1463 3566 1616 3630 autrapor
1633 3560 1761 3616 humidus

396 3643 503 3712 impetu
516 3654 623 3695 sunum
637 3641 714 3694 latus
728 3640 796 3695 alibi
810 3641 838 3694 in
852 3647 950 3712 guttas
965 3644 1083 3714 cupitur,
1108 3641 1176 3697 alibi
1191 3647 1323 3696 aestuans
1348 3641 1375 3694 iu
1389 3656 1537 3710 supernum
1551 3640 1640 3711 frigas
1662 3641 1761 3711 impin·

397 3722 476 3795 gitur
498 3719 658 3791 resilitqu03
681 3735 754 3791 quae
776 3720 884 3792 quidem
906 3722 991 3778 etiam
1015 3724 1084 3778 lenis
1105 3738 1191 3779 arurae
1215 3721 1327 3792 genesis
1351 3728 1403 3783 est,
1427 3737 1488 3774 cum
1507 3720 1608 3779 ebullit
1621 3737 1710 3792 vapor
1724 3740 1761 3777 ex
1842 3758 1848 3769 ,

397 3801 491 3872 aliquo
501 3808 603 3864 monte,
618 3802 858 3873 repercutiturque
873 3809 902 3856 et
916 3803 1011 3858 delinit
1031 3803 1059 3857 in
1073 3819 1167 3857 omnes
1185 3801 1359 3856 circumcirca
1382 3801 1493 3872 plagas.
1534 3801 1587 3854 Est
1610 3801 1657 3855 ubi
1672 3802 1760 3857 omnis

398 3888 449 3937 aer
462 3899 514 3952 per
527 3887 603 3935 tutas
618 3881 790 3935 continentes
809 3892 942 3938 extensus
967 3884 1101 3954 principio
1120 3888 1210 3936 motus
1225 3882 1291 3941 date
1314 3881 1341 3935 in
1361 3881 1497 3935 montanis
1513 3879 1630 3935 omnium
1655 3882 1760 3936 altissi-

397 3962 448 4017 mis
462 3962 490 4016 in
503 3963 581 4016 fluxu
595 3961 781 4017 constituitur.
822 3962 868 4017 lta
882 3963 967 4018 omnis
980 3971 1080 4019 ventus
1102 3965 1137 4018 ab
1152 3962 1277 4016 omnibus
1297 3960 1450 4032 promiscue
1473 3961 1564 4015 causis
1580 3962 1624 4015 rel
1645 3961 1760 4016 inresti-

397 4042 557 4113 gationibns
586 4048 704 4096 naturae
732 4042 865 4098 concitari
892 4050 997 4113 potest;
1027 4062 1078 4099 nec
1105 4044 1193 4099 solum
1221 4041 1347 4096 incusare
1371 4047 1466 4111 potest
1489 4040 1653 4095 Mercurium
1682 4049 1761 4099 ortus

398 4130 551 4176 ventorum.

478 4200 507 4268 d)
531 4203 623 4273 Supra
641 4202 750 4267 dictum,
774 4203 801 4258 id
816 4221 871 4258 non
884 4220 945 4258 csse
966 4203 1120 4274 probabile,
1146 4221 1196 4257 nec
1220 4210 1276 4257 tam
1290 4207 1435 4257 accuratas
1450 4208 1573 4257 veterum
1588 4201 1761 4257 observatio·

399 4285 498 4339 nes-ad
513 4284 565 4338 hoc
589 4284 760 4354 probandum
773 4284 932 4355 requisitas,
955 4292 988 4340 ut
1006 4283 1203 4338 demonstratio
1220 4283 1357 4338 efficiatur
1371 4282 1536 4337 necessaria
1581 4275 1678 4353 ltaque
1703 4299 1760 4337 am·

398 4365 508 4435 plector
521 4364 635 4419 axioma
648 4364 792 4435 Copernici
806 4365 851 4420 bic
864 4365 992 4435 positum,
1020 4366 1237 4427 ,wnoedendum
1251 4380 1288 4418 sc.
1304 4363 1583 4417 commemorationes
1598 4361 1761 4418 circulorum

399 4444 561 4500 mansisse.“
586 4446 618 4500 Id
641 4445 713 4501 enim
736 4448 838 4501 suadet
858 4444 927 4499 coeli
952 4452 1054 4501 natura
1074 4450 1104 4497 et
1125 4444 1247 4499 inductio
1271 4461 1290 4498 a
1311 4442 1434 4513 planetis
1458 4444 1568 4497 ceteris.

477 4520 508 4594 e)
530 4526 575 4580 lta
588 4532 655 4580 tunc
675 4526 723 4581 ille
737 4528 849 4581 solebat
862 4526 914 4580 has
929 4525 1008 4580 dictis
1023 4524 1145 4579 animare
1160 4541 1264 4595 speque
1279 4539 1369 4587 curas,
1391 4524 1437 4594 qui
1448 4524 1510 4587 etsi,
1532 4525 1623 4594 quoad
1637 4532 1757 4594 tempus,

398 4622 448 4675 spe
471 4605 584 4670 excidit,
608 4624 659 4662 nec
672 4606 744 4662 euim
768 4605 960 4678 „propediem“
976 4610 1030 4669 est,
1054 4606 1124 4675 quod
1139 4603 1239 4678 viginti
1254 4610 1372 4674 quatuor
1393 4603 1471 4657 annis
1486 4604 1624 4675 sequitnr;
1648 4606 1759 4659 tandm

399 4692 492 4740 amen
513 4685 573 4757 spei
594 4702 662 4741 snae
683 4704 793 4757 compos
814 4693 858 4741 est
879 4686 969 4741 factus
990 4702 1041 4755 per
1062 4702 1150 4740 meum
1171 4701 1241 4754 opus
1262 4683 1463 4738 Harmonicunr.

988 4867 1173 4882 -ι--α
