3786 5808
715 401 878 458 henim
1431 404 1474 473 47

120 564 266 615 Ιιιιιίίιιιιι
285 566 407 623 voluistis,
425 564 532 630 petenda
551 564 613 622 erite
632 565 690 629 quin
708 572 735 615 et
751 564 792 614 hic
811 562 953 614 difficillime
970 564 1127 616 invenienda.
1165 565 1246 627 Quam
1266 580 1364 630 operam
1383 570 1403 619 sl
1422 570 1474 633 qaia
1557 586 1560 591 ¹

118 636 327 699 superaddiderit,
344 638 413 687 illum
432 639 558 701 antiquum
575 635 759 701 Pythagoram,
778 636 819 701 qai
836 635 993 686 harmoniam
1010 639 1157 687 concinnum
1176 637 1334 693 coelestibus,
1361 640 1410 689 imo
1428 641 1475 690 toti

117 707 207 757 mundo
225 709 312 759 inesse
330 709 522 772 praesentiebat,
541 721 657 771 superare
676 706 787 756 dixerim.
816 706 850 756 Et
866 706 926 757 licet
944 709 1076 758 circulares
1094 711 1119 758 ln
1132 708 1200 758 coelo
1222 710 1342 759 motiones
1360 725 1473 760 nonnun-

117 793 189 843 quam
207 778 346 843 angulares
364 780 529 845 quaedamst
553 779 635 828 rarlaa
661 776 753 844 figuras
779 784 853 843 atque
876 779 1033 843 utplurimum
1055 780 1174 845 oblongas
1192 782 1325 843 composito
1344 794 1388 829 suo
1406 788 1475 832 motu

116 848 213 899 efficere
232 852 334 900 curiose
350 851 448 916 ringula
464 850 595 899 trutinanti
613 849 690 898 rideri
708 850 817 912 possint:
837 848 865 899 tit
883 856 968 900 tamen
987 851 1012 900 id
1030 865 1073 914 per
1092 851 1208 900 accidens
1231 858 1256 899 et
1278 849 1393 901 abhorret
1410 855 1473 902 ratio

115 923 146 970 ab
163 920 212 971 hac
231 923 410 986 suppositione.
449 919 552 986 Oportet
569 921 635 970 enim
653 921 751 970 omnino
770 935 800 971 ea
818 922 976 970 oircnlarlbna
995 923 1106 986 componi
1123 929 1243 971 astrorum
1262 923 1390 974 circuitus.
1411 923 1474 973 adas

114 1002 231 1056 perpetuo
250 992 408 1043 uniformiter
425 1000 452 1042 et
469 991 632 1058 aequabiliter
649 993 674 1040 in
693 1006 720 1042 se
738 1007 787 1041 non
805 999 959 1042 revertentur
976 1000 1002 1042 et
1019 994 1201 1058 perennitatem
1213 993 1371 1042 imitrabuot.
1396 993 1473 1045 Prae·

114 1072 226 1128 mnam
239 1064 401 1129 quodminus
419 1064 542 1128 simplices
559 1064 687 1128 magisque
706 1062 837 1113 anomalae
856 1071 936 1121 erant,
954 1079 1001 1114 nec
1020 1066 1095 1114 etium
1114 1064 1240 1115 doetdnaa
1260 1071 1285 1113 et
1303 1066 1357 1114 usai
1375 1078 1472 1115 aeconi-

114 1136 208 1185 modae
248 1135 293 1185 De
313 1133 333 1197 Q
351 1151 401 1186 non
419 1143 458 1185 est
476 1149 520 1185 cnr
538 1134 622 1184 doleas
646 1138 699 1198 ejus
717 1134 814 1184 stellam
834 1149 851 1184 a
867 1150 908 1184 me
925 1150 974 1184 non
993 1149 1048 1185 esse
1066 1136 1236 1192 observatam,
1263 1144 1307 1184 aut
1325 1136 1389 1200 quod
1408 1137 1474 1187 idem

115 1220 167 1255 cnm
180 1205 323 1270 Gopernleo
341 1209 367 1255 in
386 1209 439 1269 ejus
456 1207 634 1270 phoenomenis
652 1206 811 1256 ostendendis
825 1206 988 1269 praetendere
1002 1206 1082 1256 velim.
1111 1206 1184 1256 Licet
1203 1207 1268 1255 euim
1286 1206 1379 1265 aSolis
1397 1208 1473 1259 radlia

112 1277 630 1413 mammillis
642 1275 1473 1415 llitedaldi„litttlltslzllllstlille

114 1419 227 1469 Vistula:
246 1420 360 1484 plurimis
377 1428 463 1469 minen
480 1419 581 1477 deibus,
600 1420 649 1468 lmo
666 1434 730 1483 pene
749 1419 851 1486 singulis
870 1421 949 1477 mnia,
970 1421 1027 1471 dum
1045 1421 1070 1470 ln
1083 1418 1238 1485 Uraniburgo
1252 1428 1335 1470 nostro
1353 1420 1473 1472 sideribus

113 1491 278 1557 inrigrlarem,
297 1499 351 1541 ιιιιι
370 1506 429 1541 eous
447 1505 522 1556 quam
539 1492 692 1554 vespertinus
710 1499 828 1541 accurate
847 1504 863 1539 a
881 1492 950 1540 nobis
968 1492 1072 1542 coelitus
1091 1490 1238 1541 denotatus:
1256 1498 1285 1540 nt
1302 1506 1382 1555 neque
1397 1491 1473 1556 hujus

112 1564 179 1618 astri.
196 1570 260 1612 utrrt
280 1564 403 1613 rarlaslm
421 1569 518 1625 pateat,
538 1568 564 1610 et
580 1562 663 1611 multis
682 1563 834 1611 anfractibus
854 1563 887 1611 sit
903 1563 1041 1619 obnoxium,
1060 1577 1104 1612 nos
1122 1564 1208 1628 fugere
1225 1564 1302 1627 possit
1321 1566 1410 1614 semita
1427 1578 1471 1614 ns·

112 1648 235 1698 quaquam
256 1635 292 1684 ab
310 1634 413 1684 aliorum
432 1634 510 1683 dubiis
530 1633 789 1691 animadversionibus,
808 1635 844 1682 nti
862 1640 963 1683 coaetus
982 1633 1191 1698 estGopernicns,
1209 1633 1353 1684 mutuanda.
1385 1626 1470 1699 DeQ

111 1714 231 1769 qnantum
249 1706 376 1755 hactem
392 1707 559 1769 pervestigare
577 1704 659 1761 licuit,
678 1716 771 1754 eertum
790 1712 842 1759 est.
862 1707 916 1766 eius
934 1719 1072 1771 apogaeum
1090 1720 1140 1755 non
1159 1706 1261 1755 meltum
1280 1719 1297 1754 a
1315 1704 1394 1756 Solari
1413 1713 1469 1757 ant-

111 1792 202 1825 rorsum
219 1778 355 1833 remorari,
375 1778 446 1826 aliter
463 1790 537 1841 quam
555 1777 633 1825 sensit
651 1774 811 1840 Copernicna‚
830 1790 878 1826 uec
896 1777 975 1826 eidem
993 1785 1078 1826 tamen
1096 1776 1170 1840 plane
1188 1778 1264 1833 uniri,
1283 1784 1311 1825 ut
1328 1777 1470 1843 Albategnil

112 1849 252 1899 imitatione
271 1848 359 1907 volnut
376 1847 554 1912 Alpbonsinas.
589 1845 619 1897 In
638 1848 823 1898 eccentrioitete
840 1854 925 1897 tamen
944 1851 997 1910 ejus
1021 1861 1071 1897 non
1096 1854 1135 1897 est
1158 1861 1204 1912 par
1226 1848 1303 1907 ratio,
1329 1862 1388 1898 nam
1414 1863 1471 1898 eum

112 1919 185 1968 multo
204 1922 331 1969 minmem
350 1918 428 1969 Solari
449 1916 605 1982 deprehendi.
635 1920 675 1967 An
692 1918 817 1969 mutabilis
835 1921 875 1977 sit,
893 1919 1003 1969 nondum
1021 1918 1131 1977 dixerint,
1150 1918 1193 1968 sed
1211 1933 1261 1968 non
1278 1933 1427 1985 magnopere
1445 1919 1471 1970 id

113 1991 226 2053 probabit
243 1988 288 2041 rel
305 1991 452 2054 improbabit
469 1998 515 2039 tua
531 2003 575 2053 per
593 2004 620 2039 se
638 1990 768 2055 ingeniosa
785 1991 923 2040 ratiocinia.

180 2062 301 2113 Entella
316 2062 395 2126 polarl
413 2061 452 2111 sel
470 2062 555 2126 queris
574 2060 625 2110 alia
641 2061 763 2111 subtiliter
782 2074 875 2117 eruere.
894 2076 927 2111 an
946 2060 1010 2111 orbis
1029 2074 1126 2111 annona
1138 2058 1230 2110 Terrae
1249 2059 1409 2123 aCopernico
1427 2076 1469 2111 ex·

113 2136 252 2198 cogitatus,
280 2136 439 2190 ιίὶιιιιιῐ,
465 2140 569 2182 oetatae
592 2131 712 2196 sphaerae
730 2132 808 2182 stellis
826 2133 1005 2198 aliquantulam
1027 2133 1135 2182 insinuet
1156 2132 1308 2196 paullulo,
1331 2135 1385 2195 jam
1410 2141 1470 2185 ante

114 2208 209 2269 amplus
229 2214 258 2256 et
278 2206 410 2271 diligenter
427 2206 530 2268 experiri
547 2206 656 2266 tenum,
678 2218 761 2253 rerum
779 2204 839 2253 nihil
859 2203 1006 2267 ejuscemodi
1029 2204 1141 2269 diligenti
1165 2205 1235 2254 lacta
1258 2204 1470 2257 animadversione

114 2276 234 2328 Ιιιιιιιιιιι
255 2279 372 2341 comperi.
409 2275 475 2326 liam
500 2275 598 2326 stellam
620 2276 742 2339 polanam,
768 2290 912 2340 quocunqne
936 2276 994 2324 sunl
1017 2281 1126 2339 tempore
1149 2288 1224 2339 snpra
1245 2274 1284 2325 vel
1306 2276 1371 2324 inira
1388 2275 1470 2339 polum

113 2350 222 2411 praeciae
242 2349 411 2402 ohematam,
431 2346 542 2397 adhibita
559 2347 669 2410 ejusdem
687 2346 779 2396 abillo
797 2348 931 2397 remotione
949 2359 1009 2396 rere
1027 2342 1102 2411 (quae
1120 2346 1167 2396 hoc
1186 2360 1252 2396 auno
1266 2353 1305 2396 est
1323 2343 1469 2396 2⁰51‘lo‘0

115 2427 139 2467 at
154 2434 211 2469 cum
230 2416 380 2468 9”19’29”
400 2417 427 2480 Υ
446 2424 472 2468 et
490 2419 537 2473 ὲ
556 2418 718 2469 meridianum
741 2432 815 2482 supra
839 2426 866 2468 et
890 2418 954 2467 inira
976 2417 1058 2481 polum
1075 2413 1178 2480 transit)
1204 2418 1309 2468 eandem
1327 2418 1352 2466 ln
1370 2417 1470 2470 dimidio

114 2491 233 2555 rumulo.
254 2492 306 2540 imo
323 2492 390 2540 intra
407 2497 521 2554 quartam
539 2490 577 2539 rol
595 2497 691 2538 aemam
704 2491 757 2551 ejus
770 2496 865 2552 partem
884 2485 1024 2551 (subtiliora
1039 2489 1104 2538 rhos
1117 2503 1167 2538 uon
1179 2485 1308 2549 discernit)
1326 2490 1469 2553 praebuisse

113 2561 159 2624 poll
176 2562 361 2612 sublimitatem
378 2561 549 2616 animadverti.
568 2560 634 2626 qnod
652 2565 678 2608 et
695 2558 751 2609 Chr.
765 2558 933 2618 Rothmanno,
951 2561 992 2625 qni
1005 2558 1189 2624 Copernicaeae
1207 2560 1369 2624 speculationi
1387 2561 1467 2611 indul·

114 2648 172 2697 gena
191 2634 290 2698 aliquid
308 2634 454 2683 dhommrnla
472 2632 512 2681 hie
530 2632 630 2682 subesse
649 2632 763 2694 opinatus
782 2640 829 2687 eat.
843 2631 989 2694 jamdudum
1007 2632 1122 2686 indicari,
1139 2631 1236 2682 uthina
1249 2631 1308 2681 nihil
1320 2646 1363 2696 pro
1376 2630 1466 2696 Ceper-

113 2707 164 2755 uiso
183 2713 228 2754 tuo
252 2702 336 2767 (eolus
355 2707 502 2755 concinnam
521 2710 547 2753 et
564 2705 717 2769 ingeniosam
736 2704 929 2767 speculationem
949 2703 1011 2751 elias
1030 2702 1146 2752 admirari
1160 2709 1186 2752 et
1197 2703 1371 2766 depraedicare
1388 2701 1468 2765 soleo)

111 2777 199 2827 tuendo
218 2776 349 2827 residuum
366 2777 399 2825 ait
416 2775 505 2825 solatii.
542 2773 618 2824 Pasas
636 2775 744 2831 mirande,
764 2774 903 2823 sidabitnr.
932 2773 983 2823 Sed
1001 2773 1031 2823 de
1049 2773 1087 2823 his
1106 2782 1181 2838 atque
1200 2774 1254 2823 aliis
1272 2774 1367 2838 plenius
1385 2780 1469 2825 uuum

110 2849 216 2910 iucunde
243 2856 270 2899 et
281 2848 436 2913 per-lubenter
447 2858 532 2911 agam,
550 2845 668 2911 pluraque
688 2861 718 2895 ex
735 2846 796 2895 meis
814 2845 1008 2905 communicabo,
1027 2846 1048 2894 si
1066 2860 1115 2901 me,
1134 2845 1171 2893 uti
1189 2838 1316 2908 polliceris,
1336 2845 1469 2910 aliqnando

112 2921 236 2976 inviseris,
254 2919 319 2985 quod
338 2920 381 2968 tibi
397 2922 450 2981 jam
467 2919 548 2966 minus
566 2917 697 2967 molestum
714 2916 761 2965 erit
778 2928 852 2980 qnam
871 2922 959 2974 antea,
979 2929 1035 2963 cum
1052 2918 1078 2965 ln
1096 2915 1217 2965 Bohemia
1234 2931 1284 2965 non
1302 2916 1434 2966 admodum
1452 2931 1469 2967 a

113 2992 174 3041 robis
192 3000 297 3042 remma
313 3004 379 3039 nnnc
397 2989 468 3039 sedes
486 2987 596 3038 Uraniae
614 3001 691 3037 noras
708 2988 810 3043 fixerim,
829 2993 904 3049 atqne
921 2987 947 3034 in
967 3000 1023 3035 arce
1042 2987 1189 3035 caesariana
1206 2985 1342 3043 Benaehis,
1362 2988 1468 3052 quinque

113 3062 260 3114 milliaribus
277 3061 362 3127 Prsga
377 3068 481 3115 remota,
499 3059 617 3108 habitem.
645 3058 710 3108 liam
729 3071 769 3108 me
786 3071 803 3106 a
819 3070 940 3106 caesarea
956 3059 1090 3120 majestate
1107 3056 1156 3105 huc
1174 3071 1188 3107 e
1207 3057 1341 3107 Germania
1359 3058 1467 3109 clemen·

114 3135 203 3187 haime
227 3141 343 3184 ιιοιιιιιι
358 3140 386 3183 et
396 3132 570 3197 benignissime
583 3145 614 3180 ec
625 3129 759 3181 liberaliter
769 3135 895 3193 recepmm
908 3142 971 3187 ease,
991 3137 1017 3177 te
1035 3129 1067 3178 ab
1085 3127 1140 3177 aliia
1156 3130 1210 3191 jam
1228 3136 1305 3178 antea
1322 3132 1467 3194 cognovisse

116 3202 156 3266 (ea
166 3221 217 3271 quo
239 3205 366 3255 dimidium
381 3208 434 3268 jam
452 3217 545 3253 mnam
562 3201 603 3252 hic
621 3197 766 3264 subsistam)
784 3203 904 3251 existimo.
923 3198 1006 3249 Nolim
1023 3207 1109 3249 tamen
1126 3206 1156 3248 nt
1172 3200 1285 3250 fortunae
1302 3202 1424 3266 asperitas
1442 3207 1468 3253 te

115 3291 155 3327 nos
173 3277 299 3330 accedere
318 3276 457 3339 compellat,
475 3274 520 3323 sed
538 3275 618 3337 potins
636 3274 762 3323 arbitrium
779 3274 901 3336 proprium
920 3279 946 3321 et
964 3285 1024 3337 erga
1042 3272 1182 3321 commonia
1199 3271 1282 3321 studia
1299 3286 1368 3322 amor
1386 3279 1412 3322 et
1430 3274 1487 3324 aiv

115 3348 190 3400 lectio.
232 3348 356 3412 Quicquid
373 3355 457 3397 umen
475 3346 500 3395 ld
518 3347 572 3403 erit,
596 3345 706 3395 invenies
724 3358 764 3393 me
783 3359 832 3393 non
851 3344 979 3399 fortunae,
998 3343 1174 3407 qualiscunque
1199 3342 1242 3394 illa
1264 3344 1310 3401 sit,
1335 3343 1380 3394 sed
1399 3350 1468 3394 mum

116 3423 231 3477 aruieum,
251 3420 293 3485 qui
311 3422 388 3469 etlam
406 3420 431 3468 in
451 3417 555 3467 adversa
571 3424 637 3467 sorte
655 3431 700 3465 eno
718 3415 820 3466 consilio
837 3422 865 3464 et
882 3414 972 3464 auxilio
984 3415 1028 3464 tibi
1046 3427 1202 3479 nequaqnam
1220 3416 1253 3462 sit
1271 3414 1407 3471 deiotarus,
1424 3416 1469 3467 sed

115 3496 192 3553 potina
211 3500 240 3542 te
258 3491 292 3542 ad
309 3492 404 3556 optima
421 3503 532 3554 quaeque
549 3495 710 3552 promoturus.
747 3487 818 3537 Etsi
836 3493 932 3537 mature
951 3487 1100 3544 asseneth,
1126 3499 1170 3535 eas
1192 3486 1254 3536 torte
1272 3487 1382 3537 rationes
1399 3488 1467 3538 inre·

115 3564 217 3623 aimus,
236 3563 324 3628 qnibm
343 3563 388 3612 tibi
404 3570 432 3610 et
448 3562 497 3613 tuis
515 3562 542 3609 in
558 3566 683 3624 posterum
700 3560 791 3609 recdua
808 3571 883 3624 qaam
901 3564 978 3608 autea
996 3557 1133 3607 consultum
1151 3557 1206 3606 erit.
1242 3554 1306 3608 Vale
1324 3556 1369 3608 dc.

180 3636 319 3686 Dabantar
335 3633 481 3685 Benaclniae
498 3632 550 3681 alre
567 3630 680 3682 Venetiis
698 3629 862 3681 Bobemorum
880 3630 904 3680 d.
923 3627 939 3677 9
959 3628 1022 3679 Dec.
1042 3635 1074 3679 st.
1092 3644 1118 3678 n.
1139 3625 1216 3677 1599,

1113 3698 1159 3750 Tui
1179 3701 1362 3750 amantissimus

1100 3770 1129 3820 Τ.
1147 3772 1178 3822 Β.
1198 3786 1276 3836 mppr.
1295 3772 1388 3836 sorlpsi.

182 3923 280 3983 Quibus
297 3917 447 3980 interpositis
464 3913 572 3964 redimas
590 3912 623 3963 ad
640 3913 724 3962 literas
742 3910 844 3976 Keplerl
861 3919 888 3962 et
905 3910 1032 3964 Maestllni
1048 3917 1156 3962 mutuas.

180 3992 331 4045 Maestllnns
350 3988 382 4038 ad
400 3989 484 4036 literas
501 3984 604 4049 Kepleri
622 3980 661 4045 (d.
680 3981 695 4031 9
714 3984 776 4034 Deo.
798 3980 882 4041 1599,
900 3999 923 4034 ι.
942 3998 962 4034 ι.
980 3999 1005 4047 p.
1025 3980 1086 4043 aa),
1104 3983 1192 4047 quibua
1210 3984 1379 4045 calamitates,
1399 3998 1465 4048 qaae

115 4072 163 4116 tum
182 4064 312 4128 Styriacos
329 4058 433 4110 Lntberi
451 4057 509 4107 fidei
527 4055 638 4125 addictos
656 4056 753 4121 agitare
771 4055 924 4119 inceperunt,
942 4055 1035 4112 relert,
1054 4054 1092 4103 his
1111 4055 1253 4119 respondit:
1281 4058 1382 4105 Annum
1399 4055 1466 4107 huna

115 4134 181 4188 Dens
201 4134 270 4186 ΟΜ.
288 4134 408 4199 largiatur
425 4130 495 4179 nohis
512 4127 609 4178 ielioem
628 4133 653 4176 et
670 4140 825 4191 prospemm,
851 4140 898 4190 qno
921 4120 1021 4176 uoa'ab
1038 4126 1223 4176 imminentibus
1241 4126 1312 4176 ιιιιΙΙι
1331 4127 1466 4178 elementer

116 4210 247 4260 memdiat.
285 4204 325 4255 De
343 4204 426 4270 gratia
442 4202 519 4266 ipsius
537 4212 620 4248 mmm
638 4198 736 4262 quidem
754 4200 823 4255 meti,
842 4197 887 4247 sed
903 4197 1024 4262 quomodo
1042 4211 1099 4247 eam
1116 4197 1251 4263 dispenset.
1267 4197 1386 4248 ridemus.
1411 4197 1464 4249 Ira·

114 4287 164 4332 tam
190 4281 257 4333 enim
283 4277 377 4327 rmtum
397 4273 466 4324 Deos
491 4285 567 4335 saepe
590 4270 703 4330 simulat,
730 4277 757 4320 at
780 4271 895 4335 ingentes
919 4268 1076 4319 salamitates
1093 4268 1162 4318 nobis
1184 4269 1283 4332 obiicit,
1310 4275 1339 4319 at
1356 4269 1463 4320 clemen·

114 4355 221 4403 tissimus
239 4352 291 4414 ipse
309 4356 381 4413 pater
398 4345 502 4411 gloriose
520 4357 565 4391 noa
583 4341 640 4390 lude
658 4340 755 4391 liberat.
791 4340 874 4404 ipsum
892 4354 949 4406 ergo
969 4355 1077 4397 oremus,
1103 4346 1132 4389 nt
1155 4340 1176 4388 sl
1201 4340 1258 4404 quid
1282 4340 1377 4391 adversi
1395 4341 1465 4392 uobis

114 4422 244 4474 immittere
262 4421 330 4476 velit,
349 4432 381 4468 ea
397 4418 433 4466 sic
451 4416 565 4479 mingere
583 4413 706 4477 dignetur,
724 4427 757 4462 ne
778 4411 824 4462 sub
846 4425 928 4461 sorum
940 4411 1004 4460 mole
1021 4411 1059 4460 rel
1076 4411 1200 4476 gravitate
1217 4411 1351 4474 pressisti
1369 4410 1464 4462 diutur-

114 4496 192 4545 nitate
210 4492 343 4557 deiatigsti
361 4488 559 4542 succumbamus,
577 4483 622 4533 sed
639 4483 673 4532 ad
690 4484 786 4533 lelieem
805 4489 920 4533 mentam
939 4482 1027 4533 eadem
1045 4483 1111 4531 brevi
1127 4481 1255 4545 perducat

183 4566 283 4616 Literas
300 4572 357 4612 tuas
374 4560 436 4614 hert
453 4564 583 4622 postquam
593 4555 687 4618 resperl
701 4570 732 4605 ea
745 4554 849 4621 collegio
861 4569 971 4605 reversus
985 4568 1047 4609 sum,
1067 4555 1159 4617 accepi
1188 4552 1217 4602 ln
1234 4553 1285 4604 line
1304 4566 1388 4603 earnm
1407 4550 1464 4615 (ιιι

115 4644 210 4703 propser
232 4636 336 4702 segode
359 4646 409 4682 non
430 4628 560 4681 coelestim
580 4625 705 4692 perlegere
726 4632 753 4677 et
774 4626 899 4677 absolvere
919 4621 1000 4690 potui)
1021 4626 1132 4682 invenio,
1156 4623 1220 4687 qnod
1238 4624 1366 4674 consiliam
1381 4639 1463 4676 rerum

115 4716 209 4761 tuarum
227 4724 245 4760 a
261 4706 366 4770 collegio
383 4708 465 4752 nmtro
484 4708 510 4751 et
527 4698 635 4763 inprimis
654 4711 671 4746 a
688 4694 719 4746 D.
735 4695 905 4748 Haienreii'ero
927 4699 999 4761 petis.
1030 4696 1111 4756 Quam
1128 4695 1272 4759 petitionem
1290 4695 1362 4746 hodie
1380 4711 1462 4754 mane,

116 4794 167 4832 cum
181 4781 314 4832 haberetur
326 4782 436 4832 senatus,
455 4785 589 4836 proponere
607 4770 637 4819 iis
656 4768 729 4825 rolni,
749 4768 793 4819 sed
805 4769 913 4833 pluribus
926 4768 1079 4817 obstantibus
1091 4768 1292 4830 occupationibus
1309 4766 1370 4817 nihil
1388 4781 1462 4831 agere

115 4856 187 4914 potui
223 4846 373 4903 Differenda
389 4847 464 4911 igitur
481 4842 540 4893 mihi
558 4842 606 4891 init
623 4840 748 4890 literarum
765 4842 910 4890 monstratio
928 4853 1005 4905 usqne
1023 4845 1078 4903 post
1096 4837 1230 4895 meridiem,
1248 4838 1368 4902 siquidem
1386 4839 1462 4887 etiam

114 4924 154 4984 iis,
171 4925 319 4993 quihusmrn
336 4926 390 4970 tam
407 4915 577 4972 conimbam,
595 4912 737 4972 ridebatur,
756 4911 910 4963 ιιιιΙΙιιίιιιι
928 4924 1024 4979 quoqne
1042 4911 1140 4962 dimidio
1161 4908 1210 4960 bos
1228 4909 1283 4969 die,
1305 4910 1371 4962 oltra
1387 4921 1462 4973 qnam
