3838 5824
759 392 843 460 capas
859 392 929 447 xm
1467 397 1529 467 ¹49

165 556 331 615 emmam
359 560 393 615 et
419 531 550 615 mediam
573 553 723 616 rationem
752 555 827 617 secti
860 557 956 636 majus
984 566 1173 636 segmentum
1200 557 1262 621 AD
1343 583 1390 632 ru.
1405 579 1440 626 aa

165 646 213 701 est
240 640 321 702 latus
349 641 522 722 decanguli,
553 643 630 722 quod
659 643 756 705 eidem
784 644 842 706 AB
865 646 975 707 circulo
998 645 1119 706 inscribi
1142 654 1255 725 petest.

163 727 293 791 Iunctae
315 729 408 808 igitur
429 731 585 809 potentiae
604 729 660 794 Ac
679 730 756 793 radii
778 733 873 794 totius
896 742 928 796 et
954 732 1012 795 AD
1035 734 1158 814 majoris
1182 754 1255 815 seg·
1289 766 1306 814 Α

163 817 257 879 menti
278 817 381 898 hujus,
406 819 521 881 iaciunt
546 820 711 898 potentiam
733 820 787 883 EF
810 822 914 884 lateris
938 822 1202 902 quinquangnlaris
1226 823 1256 885 in

1304 663 1525 1099 ὣ

1460 1079 1477 1124 r

163 906 216 968 illo
248 905 360 969 circulo
393 904 497 986 (Enel.
528 908 623 982 Xlll,
664 905 728 983 10).
776 908 865 981 Quod
897 930 964 972 cum
993 910 1040 972 'sit
1071 912 1151 974 inter
1182 913 1257 975 duos

164 994 486 1163 wdsbstngffl’
523 997 581 1060 erit
613 998 714 1078 utique
747 1000 827 1061 latus
860 1000 1009 1062 icosaedri
1042 999 1143 1073 (Encl.
1168 1001 1256 1074 XIII,
1322 1033 1336 1075 ι

250 1130 406 1235 Habemus
440 1173 539 1234 latera
566 1172 695 1235 omnium
724 1176 886 1255 figurarum
913 1176 942 1235 in
972 1151 1163 1254 proportione
1192 1178 1240 1243 ad
1262 1172 1332 1234 axin
1361 1174 1442 1235 orbis
1466 1173 1527 1235 cir·
1557 1168 1567 1188 ²

162 1261 346 1340 cumscripti.
393 1259 538 1341 Sequitur
564 1269 598 1323 ut
619 1264 722 1324 radios
746 1264 922 1326 circulorum
945 1263 995 1343 qui
1018 1265 1142 1326 basibus
1172 1261 1456 1327 circumscribuntur
1478 1261 1526 1323 iu-

161 1350 347 1428 vestigemus
380 1368 420 1411 ex
444 1351 510 1429 jam
542 1350 622 1411 notis
645 1351 807 1414 lateribus:
850 1351 879 1412 id
913 1352 991 1433 quod
1025 1353 1204 1413 adminIculo
1239 1351 1354 1413 sinuum
1384 1349 1526 1413 facillime

161 1437 565 1590 §strip-egraqiucigiibeqnyeuti
582 1440 751 1589 ffigssIbif’
777 1440 1252 1590 bilebexquisitissirfnisdnumetr2is
1276 1439 1334 1540 n'qn
1349 1457 1425 1587 epuEs2
1444 1457 1526 1589 eps&

162 1634 320 1697 apponam.
360 1612 436 1677 Cum
451 1545 542 1694 igitur
557 1623 620 1676 tres
635 1546 955 1678 salltoelbul‘onlrabmsiiri
970 1547 1096 1686 bffsintiirl,
1110 1546 1525 1694 Issrigirgulgmquiaxdrablgrila,

163 1704 405 1786 quiuqnangnla:
437 1703 465 1764 in
495 1703 730 1781 triangularibus
758 1705 876 1784 quidem
906 1705 986 1766 latus
1011 1702 1071 1765 GH
1095 1706 1160 1785 (lig.
1185 1698 1257 1779 ¹8.)
1273 1710 1377 1783 potest
1403 1703 1526 1782 tulplum

162 1792 292 1874 quaesiti
315 1792 390 1853 radii
415 1792 475 1866 HI,
495 1796 554 1871 per
580 1790 628 1853 12.
654 1812 745 1872 saepe
769 1792 911 1871 allegati:
940 1793 970 1854 iu
994 1793 1142 1872 quadrato
1167 1795 1247 1857 latua
1277 1799 1380 1873 potest
1405 1790 1526 1870 duplum

162 1880 291 1962 quaesiti
314 1880 405 1942 radii:
429 1881 459 1942 in
484 1880 705 1960 quinquangulo
719 1881 845 1960 demque
862 1880 921 1942 GH
941 1881 1047 1942 lateris
1071 1891 1103 1944 et
1117 1883 1177 1944 KH
1199 1884 1273 1944 sub·
1352 1904 1398 1954 ng.
1413 1898 1450 1943 ao.

161 1970 314 2031 tendentis
339 1966 493 2042 (datarum
517 1968 676 2042 liucarum)
695 1969 821 2047 junctae
845 1970 999 2047 potentiae
1026 1981 1154 2049 possunt
1177 1970 1266 2051 quin·
1406 1971 1430 2014 Η

162 2059 277 2140 tuplnm
300 2058 376 2119 radii
390 2057 436 2118 Hi
460 2058 599 2137 quaesiti,
624 2077 677 2137 per
691 2052 722 2119 4.
748 2058 856 2119 decimi
881 2058 978 2138 quarti
995 2061 1157 2121 secundum
1172 2058 1266 2122 Cam·
1292 2092 1310 2149 G

36 2192 45 2205 .
161 2165 281 2227 panum.
331 2146 486 2207 Habemus
523 2146 625 2207 radios
657 2147 833 2208 circulorum
871 2149 900 2207 in
937 2147 1061 2208 basibus
1098 2149 1127 2209 in
1162 2149 1268 2210 eadem

160 2235 363 2315 proportione,
387 2253 447 2315 qua
470 2235 577 2296 latera.
1304 2159 1337 2384 κ

208 2318 215 2326 ’
250 2323 423 2386 Subtractis
456 2323 547 2403 igitur
579 2322 722 2404 potentiis
754 2322 904 2384 radiorum
942 2324 979 2383 de
1015 2325 1152 2402 potentia
1184 2324 1268 2386 sinus
1344 2399 1461 2445 ν

161 2412 265 2487 tutius,
297 2412 346 2492 qui
379 2422 428 2473 est
456 2412 611 2492 quantitas
640 2411 856 2474 semidiametri
888 2412 952 2473 sive
980 2412 1056 2474 radii
1079 2412 1109 2473 in
1137 2413 1267 2474 circum·
1333 2414 1335 2445 ³

160 2501 290 2583 scripte,
324 2500 483 2564 restabunt
510 2510 543 2563 ut
572 2521 664 2580 supra
695 2501 855 2580 probatum
886 2510 935 2561 cst
967 2502 1123 2580 potentiae
1152 2502 1301 2563 radiorum
1327 2520 1401 2581 quos
1426 2520 1522 2581 quae-

160 2590 269 2661 rimus,
298 2589 507 2667 inscriptorum
536 2591 653 2652 sciiieet
680 2589 805 2650 orbium.
855 2586 1047 2651 Commodius
1079 2597 1181 2650 tamen
1210 2598 1242 2651 et
1270 2589 1388 2651 facilius
1416 2589 1521 2662 uteris,

161 2689 194 2740 ut
217 2679 293 2752 dixi,
317 2678 450 2739 sinubus.
933 2707 936 2715 ·

250 2766 310 2828 Sed
335 2766 383 2828 hle
408 2785 503 2847 neque
527 2766 588 2828 alia
611 2767 757 2847 quaedam
782 2764 1000 2846 praetereunda
1023 2764 1215 2844 compendia,
1240 2786 1276 2829 ne
1300 2765 1421 2827 nimium
1445 2783 1521 2843 ope·

160 2875 228 2919 rose
252 2855 431 2919 laboremus.
480 2855 609 2917 Primum
634 2857 722 2917 orbes
746 2852 882 2933 inscripti
907 2852 1094 2914 dodecaedro
1120 2860 1152 2914 et
1169 2854 1327 2916 icosaedro
1348 2860 1418 2914 sunt
1437 2854 1520 2932 ejus-

158 2947 227 3008 dem
256 2944 478 3024 amplitudinis,
507 2944 533 3004 si
561 2945 673 3023 figurae
702 2945 797 3005 eidem
821 2941 885 3003 orbi
912 2940 1124 3003 inscribantur.
1173 2942 1295 3004 Habent
1318 2943 1396 3003 enim
1428 2943 1519 3002 bases

157 3036 311 3114 utriusque
339 3034 453 3112 figurae
481 3034 605 3095 eundern
635 3033 751 3094 radium
775 3031 874 3104 (Eucl.
899 3029 989 3100 XIV,
1013 3027 1059 3103 2).
1106 3030 1190 3090 idem
1215 3031 1362 3112 Judicium
1390 3037 1457 3090 esto
1482 3028 1519 3089 de
1592 3034 1595 3039 '

156 3123 232 3186 cabo
256 3133 288 3184 et
310 3123 465 3184 octatdro.
501 3123 591 3184 ‘Nam
615 3122 681 3183 axis
703 3127 807 3199 potest
830 3119 952 3198 trIplum
975 3119 1070 3179 cubici
1099 3119 1224 3194 lateris,
1255 3128 1287 3181 et
1315 3119 1370 3179 hoc
1394 3116 1518 3194 duplum

157 3211 234 3273 radii
257 3211 287 3272 in
312 3211 392 3285 basi,
423 3230 495 3290 ergo
517 3211 585 3271 axis
610 3219 712 3287 potest
734 3209 904 3289 sextuplum
928 3207 1005 3269 radii
1034 3208 1064 3268 iu
1087 3206 1169 3268 basi:
1200 3208 1229 3268 in
1252 3206 1398 3268 octaedro
1422 3202 1515 3265 vicis·

157 3299 213 3361 sim
237 3299 305 3361 anis
328 3307 431 3379 potest
453 3299 575 3377 duplum
600 3298 717 3370 lateris,
748 3307 781 3359 et
804 3297 860 3359 hoc
883 3297 1003 3374 triplum
1029 3294 1106 3357 radii
1133 3295 1161 3356 in
1190 3296 1268 3357 basi.
1314 3295 1423 3355 Potest
1446 3309 1519 3370 erge

157 3388 248 3449 etiam
280 3387 329 3449 hic
358 3387 424 3447 axis
453 3387 622 3465 sextuplum
646 3387 733 3449 radii,
781 3383 857 3448 Cum
880 3404 952 3463 ergo
984 3385 1026 3445 sit
1050 3404 1087 3445 ex
1120 3385 1280 3466 hypothesi
1308 3383 1386 3444 idem
1413 3378 1517 3441 radius

156 3476 447 3555 circumscriptorum
477 3477 540 3538 sive
569 3474 628 3536 ΗΟ
653 3476 717 3555 (fig.
746 3473 801 3549 18)
825 3475 923 3555 sitque
954 3473 1033 3536 idem
1062 3473 1153 3534 etiam
1183 3474 1285 3534 radius
1316 3469 1433 3531 basium
1461 3467 1516 3541 Hi,

156 3573 188 3627 et
206 3562 281 3626 HIO
306 3583 424 3644 semper
445 3574 562 3625 rectus:
587 3583 658 3643 ergo
683 3564 774 3626 etiam
798 3564 900 3625 radius
925 3563 1143 3643 inscriptorum,
1170 3563 1291 3624 tertium
1311 3575 1417 3635 nempe
1436 3555 1517 3617 latus

155 3651 215 3728 01,
242 3654 322 3715 idem
346 3653 404 3714 erit
427 3651 528 3725 (Eucl.
548 3653 573 3727 I,
599 3650 641 3715 26
665 3658 778 3726 coum).
827 3650 929 3722 Quare
952 3651 1065 3713 habitis
1085 3651 1152 3713 cubi
1177 3660 1209 3711 et
1232 3645 1380 3709 lcoaaedri
1406 3644 1516 3705 inscri-

154 3743 227 3823 ptis,
253 3742 291 3801 da
315 3741 459 3803 sensero
484 3749 516 3802 et
539 3741 728 3803 dodecaedro
752 3739 826 3802 nihil
850 3758 924 3817 opus
948 3739 1106 3819 inquirere.

245 3828 361 3891 Deinde
390 3828 522 3891 incubo
549 3848 616 3890 curu
644 3830 742 3908 ipsum
767 3828 847 3888 latus
871 3826 913 3888 sit
935 3827 1064 3887 altitudo
1091 3827 1219 3903 figurae,
1253 3821 1408 3883 dimidium
1432 3820 1513 3881 latus

155 3918 280 3980 dImidia
302 3918 361 3979 crit
383 3916 526 3990 altitudo,
561 3936 666 3996 nempe
690 3918 769 3978 linea
792 3923 974 3975 connectens
996 3922 1102 3975 centra
1131 3911 1243 3989 figurae
1267 3918 1300 3970 et
1324 3908 1414 3971 basis.
1461 3906 1512 3968 Nil

154 4006 248 4087 igitur
270 4025 346 4086 opus
369 4005 563 4087 inquisitione
587 4005 663 4067 radii
688 4006 718 4066 in
743 4001 819 4065 basi.

243 4094 347 4156 Tertio
370 4094 505 4156 octaedri
530 4103 561 4154 et
584 4092 750 4174 pyramidis
774 4089 942 4171 aequalium
971 4088 1096 4147 laterum
1129 4093 1178 4146 est
1201 4085 1307 4145 eadem
1332 4082 1513 4156 altitndu.·)

153 4182 279 4255 Quanto
303 4183 401 4262 majus
424 4183 517 4263 igitur
540 4183 620 4243 lutus
644 4180 824 4264 pyramidis,
850 4185 934 4239 tante
959 4174 1049 4236 altior
1079 4173 1169 4233 etiam
1194 4172 1260 4249 ipsa
1284 4172 1389 4251 figura.
1436 4170 1515 4232 Item

153 4272 318 4334 octaedron
343 4281 374 4333 et
396 4271 529 4354 pyramis
549 4270 639 4348 duplo
662 4271 808 4350 majorum
837 4268 963 4328 laterum
990 4262 1104 4324 habeut
1127 4260 1253 4322 eundem
1278 4260 1379 4321 orbem
1403 4258 1513 4319 iuscri-

152 4369 248 4440 ptum.
296 4360 375 4421 Nam
399 4359 531 4442 pyramis
555 4359 580 4419 si
605 4368 724 4420 secetur
748 4356 853 4418 mediis
874 4352 1032 4422 lateribus,
1059 4348 1190 4411 concidit
1213 4348 1242 4410 in
1267 4356 1395 4428 quatuor
1417 4364 1514 4427 pyra-

153 4450 251 4511 midas
285 4456 317 4510 et
347 4449 509 4511 octaedron
541 4467 628 4508 nnum
662 4446 751 4525 duplo
780 4444 924 4506 minorum
950 4441 1089 4503 laterum.
1138 4435 1273 4517 Cumque
1296 4434 1429 4518 pyramis
1453 4434 1512 4496 ba·

153 4540 225 4600 beat
254 4544 381 4616 quatuor
414 4537 528 4609 iacies,
563 4536 635 4597 nulli
664 4548 766 4596 earum
794 4540 914 4592 resecta
941 4530 1073 4609 pyramis
1103 4527 1198 4587 minor
1231 4524 1338 4585 adimit
1367 4531 1513 4595 centrum,

154 4635 258 4708 utpote
288 4626 366 4705 qnod
391 4626 524 4687 sectione
558 4624 645 4701 louge
669 4621 792 4683 inferius
817 4627 886 4680 ests
912 4627 1013 4680 manet
1043 4616 1134 4692 igitur
1162 4615 1190 4674 in
1219 4612 1364 4674 octaedro
1389 4620 1512 4672 exsecto

154 4716 235 4777 urbis
260 4713 432 4792 inscriptus,
458 4713 581 4792 antiqua
604 4718 732 4791 quatuor
755 4716 860 4769 centra
883 4716 915 4769 et
928 4725 983 4787 per
997 4703 1199 4766 definitionem
1214 4701 1362 4781 regularis
1378 4700 1513 4779 corporis

153 4804 245 4865 etiam
270 4820 350 4864 nova
373 4811 500 4881 quat-nor
523 4819 558 4884 en
583 4799 716 4861 sectione
741 4795 917 4858 accedentia
944 4794 1031 4856 slmul
1055 4801 1194 4871 tangens.
1242 4788 1314 4853 Sive
1339 4788 1431 4868 Igitur
1452 4804 1511 4866 py-
