3838 5824
776 282 940 337 sem
1195 198 1538 351 Ι”ιι

160 438 198 501 in
226 440 404 505 medem
425 446 566 519 mugetus
593 456 671 503 novo
695 441 820 517 artifici,
848 444 961 522 quiex
982 460 1054 505 sero
1081 460 1157 522 opus
1191 442 1343 516 muisists
1371 441 1539 521 emerendi

162 527 330 589 hommem
352 528 615 608 horologiopseum
639 530 696 592 ιιι
719 531 750 591 in
772 531 845 595 urbe
868 539 1060 609 praesentem
1083 532 1195 603 habeo,
1218 533 1304 610 cnjus
1323 531 1393 595 mihi
1415 531 1540 610 placent

161 634 280 694 opera.
328 615 429 679 Globo
451 634 523 683 vcro
546 618 619 697 qnid
642 619 760 699 sculpto
778 634 854 698 opus
879 621 947 683 est?
992 619 1154 698 Pingatur,
1178 629 1213 687 ιιι
1229 620 1300 692 ille,
1326 636 1413 699 quem
1427 619 1539 680 Mona-

161 704 235 765 chii
259 704 341 777 vidi,
375 709 462 773 (Juuio
480 728 505 764 u
525 710 607 771 lust,
631 714 789 781 stuttgardia
806 717 919 767 Graiium
943 716 1081 781 proiectus,
1104 717 1264 768 Monaehium
1287 719 1377 769 tremit
1394 716 1539 780 Kspierus.)

162 793 316 872 Apiani
340 813 433 877 opus,
459 795 648 875 quiquidem
672 799 764 866 etiarn
787 799 894 863 stellas
918 799 991 861 tecit
1013 798 1171 867 exemtiles
1197 806 1322 878 proptor
1345 800 1539 878 praecessio-

162 898 247 943 nern
270 882 535 961 aequinoctiorum.
1371 914 1375 923 ¹

246 1039 321 1088 Hanc
340 1039 442 1104 Kspleri
461 1041 612 1090 sententiam
631 1041 662 1090 do
681 1043 823 1092 innovanda
840 1045 939 1106 penitus
958 1059 1003 1094 sen
1021 1043 1177 1093 dusolrenda
1195 1042 1313 1095 mumius
1325 1044 1434 1101 coelesti,
1454 1060 1537 1110 quam,

164 1118 199 1159 ut
220 1126 236 1159 e
255 1109 384 1159 Maestlini
400 1110 494 1173 judicio
513 1125 588 1174 supra
606 1114 728 1175 proposito
748 1120 774 1163 et
792 1129 806 1163 e
824 1114 982 1178 sequentibus
1001 1115 1105 1177 patebit,
1122 1115 1196 1177 plane
1216 1115 1335 1164 diversum
1356 1116 1387 1165 ab
1406 1130 1446 1173 ea,
1464 1132 1538 1181 quum

166 1194 252 1245 supra
268 1182 373 1244 principi
392 1184 538 1245 scripserat,
564 1183 743 1232 conficiendam
762 1190 901 1242 stsmerat,
926 1184 1073 1235 Maestlinus
1093 1198 1168 1250 segre
1186 1185 1296 1242 serebat,
1323 1186 1457 1251 anxiusque
1474 1182 1538 1237 hacc

163 1254 301 1315 rescripsit
318 1250 355 1313 (d
376 1248 419 1300 80.
432 1252 490 1303 Oct.
504 1250 541 1314 (9.
553 1251 631 1314 Nor)
649 1250 744 1315 lidii:
768 1255 807 1305 De
823 1270 896 1318 opere
915 1263 1034 1321 argenteo
1052 1256 1111 1320 qnid
1128 1257 1234 1306 scribam
1250 1258 1427 1321 propemodum
1444 1260 1537 1315 nescim

165 1337 325 1387 quamquam
344 1323 475 1373 scribenda
492 1322 572 1372 mults
589 1324 714 1374 haberem
753 1325 824 1387 Quae
847 1328 916 1376 initio
938 1328 1082 1376 metuebam
1103 1332 1130 1376 st
1151 1327 1244 1377 tactus
1268 1342 1364 1377 mesum
1388 1328 1538 1395 togitsbsm

168 1394 311 1444 edisserere
331 1402 416 1445 autem
437 1409 513 1445 ausus
531 1410 581 1447 non
600 1396 643 1453 ini,
663 1410 695 1446 ea
709 1400 764 1460 jem
782 1400 906 1447 eveniunt.
943 1396 1041 1455 Metui,
1061 1398 1156 1462 oblique
1175 1401 1251 1447 etiam
1270 1399 1332 1456 diri,
1353 1401 1472 1449 immanes
1491 1416 1537 1450 uec
1611 1405 1615 1413 '

166 1465 317 1515 tolerabiles
335 1466 396 1515 illud
414 1473 508 1515 sumtus
527 1467 705 1529 requisiturum.
744 1467 895 1518 Dissuadere
914 1483 988 1518 ausus
1006 1484 1055 1518 non
1074 1469 1122 1525 ini,
1146 1483 1179 1518 nc
1197 1469 1264 1519 aliud
1283 1485 1322 1519 me
1340 1484 1458 1534 quaerere
1477 1472 1537 1519 tuis·

166 1550 221 1599 que
240 1537 373 1585 honoribus
391 1537 449 1600 quid
468 1536 598 1585 detrahere
615 1538 678 1586 velle
696 1539 804 1595 viderer,
827 1541 971 1603 prsesertim
998 1552 1053 1588 cum
1078 1555 1117 1588 res
1140 1541 1194 1602 ipsa
1218 1540 1277 1587 mihi
1296 1543 1395 1606 egregie
1413 1542 1536 1603 probetur,

169 1616 200 1656 st
218 1609 348 1658 inventum
371 1609 488 1658 ridedcst
510 1609 541 1657 de
566 1608 614 1657 hnc
638 1609 785 1659 sdmusnda
809 1610 902 1659 muium
926 1611 1012 1660 mnndi
1036 1612 1191 1674 proportione
1213 1610 1315 1661 mirifice
1339 1612 1400 1660 mihi
1427 1613 1535 1675 placent.

168 1676 248 1727 Unde
267 1693 314 1743 ego
334 1680 365 1728 de
383 1693 443 1727 mes
460 1681 587 1728 sententia
608 1681 739 1744 requisitus
765 1682 931 1745 maximopere
954 1679 1014 1743 (neo
1034 1679 1167 1742 immerito)
1184 1681 1237 1731 dou
1250 1688 1320 1732 muru
1338 1684 1466 1732 invenem
1485 1684 1535 1733 col·

167 1747 283 1799 laudari.
314 1748 365 1813 Spe
383 1756 467 1799 autern
485 1764 518 1799 es
535 1751 641 1809 truebsr,
661 1766 721 1814 opus
740 1751 799 1801 illud
818 1753 960 1805 coniectum
977 1753 1006 1802 iri
1024 1760 1049 1802 te
1068 1754 1121 1817 ipso
1143 1753 1254 1802 dictante
1273 1760 1299 1802 et
1315 1760 1456 1818 praesente,
1475 1755 1534 1818 quis

170 1821 259 1869 omnia
284 1822 360 1869 etism
385 1822 550 1871 minutissima
573 1835 590 1869 a
615 1828 640 1870 te
667 1821 729 1870 bene
755 1824 937 1886 praemeditata
962 1837 1016 1872 esse
1036 1822 1115 1872 allata
1133 1830 1215 1872 certus
1234 1837 1309 1872 erem.
1347 1823 1420 1872 Nunc
1440 1831 1534 1881 autem,

170 1904 231 1938 cum
250 1890 283 1939 sd
300 1906 341 1939 me
360 1890 500 1940 devolutum
519 1892 565 1949 sit,
589 1898 616 1941 et
634 1906 680 1956 ego
699 1908 738 1941 me
756 1894 875 1956 imparem
901 1894 1013 1951 rideam,
1041 1902 1070 1943 ιιι
1093 1892 1150 1943 hnic
1168 1892 1272 1942 Veneris
1299 1896 1375 1958 capiti
1399 1895 1430 1944 ab
1451 1894 1550 1958 Apelle·

171 1968 263 2024 coepto
279 1962 401 2025 reliquum
419 1975 507 2024 corpus
525 1962 673 2026 nppingern,
697 1964 762 2027 qnod
779 1954 910 2015 reduststs
930 1972 956 2014 et
973 1965 1077 2015 artidelo
1097 1965 1302 2028 correspondeat,
1321 1966 1409 2016 dubius
1427 1967 1536 2029 museto

169 2047 245 2093 snm,
267 2035 413 2096 praesertim
436 2047 492 2082 enm
511 2034 610 2082 nrtiticis
628 2048 717 2084 manus
735 2037 761 2084 in
779 2036 857 2085 stollis
875 2036 1017 2100 sculpendis
1034 2050 1137 2102 segnem
1155 2051 1184 2087 se
1200 2036 1342 2098 prodiderit
1380 2036 1479 2087 Etenim
1497 2035 1536 2086 ιιι

168 2104 312 2167 principem
330 2103 450 2153 offensum
468 2105 497 2151 iri
516 2104 674 2155 vehementer
691 2113 790 2163 metno;
814 2109 835 2156 si
854 2109 919 2157 euim
937 2109 963 2156 in
981 2109 1110 2172 spongiam
1129 2106 1219 2162 abeat,
1237 2107 1295 2172 qnid
1313 2108 1435 2157 dictnmm
1452 2108 1535 2171 putes,

171 2182 231 2239 port
247 2180 332 2223 tantos
347 2177 402 2236 jum
419 2175 499 2223 iactos
517 2177 656 2227 sumtuss'n
673 2178 786 2234 invento,
813 2185 866 2226 tam
886 2192 902 2228 a
926 2184 968 2233 te,
995 2191 1069 2242 quem
1087 2193 1104 2227 a
1122 2193 1161 2227 ms
1180 2191 1254 2241 suprs
1272 2178 1371 2228 modum
1390 2176 1535 2228 celebrato?

172 2243 202 2293 Si
221 2258 282 2307 opus
300 2244 464 2308 producatur,
484 2251 510 2293 st
528 2247 592 2295 sicut
610 2253 723 2309 coeptum
734 2254 795 2314 est,
815 2248 987 2305 continuetur,
1006 2263 1054 2297 nec
1073 2243 1192 2297 sumtffius
1211 2253 1256 2297 aut
1274 2249 1378 2299 artificio
1397 2249 1473 2299 ettam
1492 2263 1534 2298 sx-

170 2317 312 2378 pectstioni
322 2316 480 2378 respondeat,
499 2317 557 2379 quid
569 2318 676 2366 iuturnm
687 2317 848 2381 putabimus?
876 2318 920 2369 Sin
938 2319 964 2367 ln
984 2318 1093 2376 ,emeat
1112 2319 1247 2384 redigatur,
1266 2326 1296 2369 ut
1311 2334 1403 2370 norum
1421 2326 1534 2385 exurqnt,

172 2388 230 2451 quis
247 2393 343 2436 sumtus
358 2389 414 2450 iam
430 2388 511 2436 iactos
528 2386 611 2437 ieret?
630 2415 663 2425 -
689 2387 763 2438 Nunc
780 2396 867 2439 sutem
883 2389 959 2447 milri,
977 2390 1036 2454 quid
1054 2389 1178 2455 mudum
1196 2392 1243 2448 sit,
1263 2391 1460 2454 respondendum
1479 2397 1532 2447 ests

171 2471 232 2506 mm
252 2459 284 2507 sb
303 2457 469 2507 Illustrissimo
487 2460 626 2521 nuperrime
646 2459 676 2509 de
695 2475 810 2523 responso
829 2460 969 2510 admonitus
988 2476 1049 2511 sum.
1087 2459 1210 2510 Constitui
1227 2463 1301 2525 igitur
1323 2478 1363 2512 me
1387 2463 1419 2511 sd
1437 2470 1533 2525 partem

171 2527 281 2578 Domino
294 2528 327 2579 D.
343 2528 513 2593 Eisengreinio
525 2531 672 2593 respondere
690 2530 762 2587 reile,
782 2536 808 2579 et
825 2536 904 2586 tuum,
923 2532 988 2596 quod
1006 2532 1069 2580 binis
1086 2530 1163 2580 literis
1181 2532 1241 2580 mihi
1259 2532 1385 2595 scripsisti,
1404 2534 1533 2583 consilium

172 2601 316 2662 explicare,
342 2613 464 2664 eumque,
489 2600 546 2662 quid
564 2616 635 2664 porro
653 2601 794 2651 iaciendum
812 2608 900 2666 putet,
926 2616 1032 2667 rogere,
1057 2602 1095 2651 its
1116 2608 1146 2650 ut
1167 2601 1288 2651 offensam
1305 2604 1421 2668 principis
1439 2605 1532 2654 evitare
1601 2596 1605 2599 ’

170 2672 303 2806 md&
321 2740 390 2790 Deus
409 2740 475 2789 sdsit
493 2741 603 2803 coeptis!
640 2740 712 2791 Haec
738 2742 940 2791 tmunmursimo
966 2742 1078 2800 calamo,
1106 2743 1171 2792 sicut
1192 2749 1246 2793 tute
1271 2743 1372 2800 ridebis.
1409 2743 1531 2801 Proxime,

171 2811 272 2863 volente
291 2810 358 2869 Deo,
377 2812 456 2874 ptura
494 2810 560 2861 Vale
578 2826 634 2861 cum
652 2815 759 2878 conjuge
775 2811 923 2863 felicissime.

245 2988 286 3038 sd
302 2987 366 3039 hoec
384 2988 510 3052 respondit
527 2987 650 3052 Keplerus
669 2988 692 3037 d.
715 2987 754 3037 ld.
775 2986 861 3038 Martii
882 2983 957 3035 1598·
966 2985 1053 3050 paucis
1072 2984 1139 3035 hunc
1156 2987 1183 3035 in
1201 2986 1317 3037 modum:

261 3111 397 3173 Transeo
421 3112 459 3171 ad
475 3111 643 3191 Penelopes
665 3110 769 3172 telam.
806 3110 850 3172 Et
869 3129 977 3172 maneo
1001 3109 1030 3171 in
1049 3107 1181 3188 pristina
1199 3108 1360 3173 sententis.
1407 3108 1441 3172 Si
1458 3111 1530 3175 milri

171 3198 228 3261 ills
248 3219 352 3263 massa
375 3200 493 3279 argenti
517 3201 652 3275 daretur,
685 3200 765 3262 unde
788 3198 999 3261 automstariis
1022 3197 1217 3279 suppeditare
1238 3216 1374 3278 possem,
1398 3200 1531 3262 instrue·
1559 3192 1563 3197 ⁴

172 3306 235 3350 rem
259 3289 445 3368 horologium
469 3290 617 3363 coeleste;
646 3296 753 3369 postes
777 3296 894 3350 tuntum
916 3287 1012 3363 iilum,
1042 3288 1081 3350 sd
1097 3288 1367 3367 ⁴repraeseutnnda
1394 3306 1530 3369 corpora,

173 3378 435 3440 circumdecerem.
482 3377 574 3440 Esset
598 3385 698 3439 sutem
721 3378 794 3440 illud
814 3378 891 3452 tale,
923 3385 973 3453 ut,
1007 3377 1034 3439 si
1057 3377 1187 3457 expeto
1210 3377 1369 3458 eclipticas
1392 3378 1459 3458 quis
1481 3379 1531 3440 in-

172 3467 322 3547 spiceret,
346 3467 464 3530 videret
481 3467 621 3545 planetas
644 3468 674 3527 in
698 3467 761 3529 suis
785 3467 889 3544 signis.

262 3554 351 3627 Quod
380 3564 481 3617 autem
512 3555 617 3619 literas
647 3556 693 3616 ita
715 3555 845 3636 scriptas
869 3555 929 3627 ais,
959 3561 1074 3616 utnon
1104 3552 1224 3633 possint
1245 3552 1411 3633 isengrinio
1440 3555 1530 3631 tradi,

173 3663 246 3724 age,
282 3643 411 3705 obliters
434 3644 499 3717 illa,
532 3664 608 3724 qnae
631 3662 791 3723 personam
815 3644 880 3722 ejus
904 3643 1054 3714 attinent,
1077 3650 1237 3721 praetextu
1262 3642 1350 3703 facile
1368 3643 1411 3705 uti
1429 3652 1552 3722 potes.-

172 3732 254 3813 Ego,
279 3733 336 3793 nisi
361 3741 412 3793 tuo
432 3734 557 3794 consilio
580 3733 624 3794 uti
648 3733 827 3804 volnissent,
844 3732 925 3792 'sane
947 3732 1096 3810 adipsum
1115 3732 1305 3809 scripsissem
1323 3732 1529 3810 lsengrinium.

171 3820 242 3881 Jam
274 3830 346 3901 post
375 3822 486 3882 festum
519 3822 651 3882 scribere
679 3840 738 3882 non
770 3838 903 3901 possum.
950 3820 1051 3880 Nolim
1081 3827 1196 3893 tamen,
1230 3836 1326 3898 neque
1358 3820 1404 3881 isis
1434 3839 1530 3900 neque

173 3908 380 3989 superioribus
404 3919 518 3983 motus,
549 3910 705 3971 abstinens
728 3911 767 3972 ab
795 3928 845 3983 eo,
880 3909 957 3988 quod
986 3906 1040 3968 tibi
1064 3907 1176 3969 iactum
1207 3908 1350 3986 optimum
1372 3908 1530 3971 videbitur.

172 3998 267 4072 Nam,
291 3999 340 4079 qui
364 3998 401 4059 de
424 4008 477 4059 tua
501 3998 710 4060 benevolentia
731 3999 884 4060 minimum
907 4014 966 4056 nou
990 3995 1108 4066 dubito,
1131 4014 1189 4057 non
1208 4012 1332 4076 possunt
1354 4014 1413 4058 non
1435 3997 1530 4071 veho·

172 4095 290 4149 menter
312 4087 455 4167 protare,
479 4086 621 4167 quidquid
645 4088 768 4148 tandem
791 4083 948 4147 statueris.
994 4084 1099 4163 Neque
1123 4086 1231 4163 exiguo
1250 4084 1346 4163 majus
1365 4092 1426 4159 est,
1452 4085 1531 4164 quod

171 4176 211 4236 de
234 4184 265 4237 te
293 4194 399 4255 spero,
429 4194 516 4256 qnam
545 4175 583 4236 de
606 4175 788 4252 isengrinio‚
822 4173 959 4255 quamvis
987 4172 1073 4233 illum
1104 4173 1176 4233 mihi
1200 4173 1419 4245 immodicis,
1452 4173 1531 4253 quod

170 4272 236 4324 tute
262 4265 373 4343 optime
397 4282 487 4326 nosse
510 4264 634 4343 poteris.

242 4424 310 4475 Huic
319 4421 423 4487 Kspleri
436 4423 556 4488 epistolas
572 4423 738 4487 praecessisse
754 4420 850 4470 ridetur
869 4418 920 4469 ulia
937 4417 1068 4481 explicatio
1084 4417 1217 4471 numurus
1234 4432 1297 4469 suae
1315 4419 1439 4474 coelestis.
1455 4433 1531 4484 qum

172 4510 251 4562 neqrre
269 4496 296 4544 in
312 4493 458 4551 Hsuschio,
477 4509 558 4559 neque
576 4496 640 4543 inter
657 4492 827 4554 manuscripta
844 4488 1030 4555 Stnttgurtiana
1048 4484 1271 4552 deprehendimus,
1290 4504 1412 4555 quamque
1431 4496 1551 4539 secutust

170 4564 320 4619 nussiam
345 4558 465 4628 judicium
492 4580 563 4615 suum
591 4579 665 4628 supra
692 4563 841 4625 propositum
867 4557 903 4621 (d.
924 4561 947 4611 d
968 4557 1009 4608 22.
1030 4561 1100 4611 Febr.
1120 4555 1163 4607 98.
1188 4566 1237 4608 ret
1264 4558 1333 4623 styli)
1360 4559 1529 4611 conformavit.

170 4636 288 4688 Ceterum
305 4634 439 4698 Kspierns,
458 4650 520 4684 noro
539 4640 612 4700 cspto
629 4636 737 4697 impetu.
757 4648 808 4683 rem
828 4631 934 4681 slscrim
951 4631 1026 4694 paulo
1044 4637 1100 4695 port
1119 4642 1250 4695 aggressus
1269 4638 1315 4689 est,
1334 4631 1442 4693 pluribus
1459 4645 1530 4681 men·

170 4715 222 4759 tem
239 4720 312 4759 suana
330 4704 456 4770 explicam
472 4707 550 4757 item
568 4707 630 4757 dd.
651 4704 693 4755 11.
705 4705 774 4755 lunii
794 4699 872 4759 lttd,
889 4714 960 4766 qun,
977 4701 1066 4766 dogna
1083 4700 1453 4755 commentantem
1471 4715 1530 4755 cors

171 4782 281 4847 ψ’μι,
296 4785 326 4833 nt
343 4776 411 4827 nuci
427 4776 552 4843 friderico
568 4779 608 4833 ιιι
624 4776 786 4842 Pisengrsuio
803 4772 974 4830 truderentur,
992 4771 1039 4823 Ιιιι
1055 4772 1151 4823 hebes:
