3888 5844
435 370 503 441 434
993 375 1034 428 De
1053 376 1231 430 fundamentis

880 582 883 587 .
986 534 1119 600 'rhesis
1140 535 1242 599 LXII.
1564 568 1570 575 ·

524 623 603 687 Esto
626 623 805 704 principium
827 623 943 706 hyemis
967 620 999 687 8.
1021 624 1168 688 Decemb.
1192 622 1317 705 ningida
1344 629 1377 684 st
1399 621 1545 687 nebulosa
1568 621 1649 697 dies,
1680 628 1713 697 at
1736 639 1792 685 non

435 713 598 778 admodum
621 712 740 793 frigida.
786 713 835 775 Ex
858 731 894 773 eo
918 712 1085 789 serenitas,
1114 711 1339 794 quiescentibus
1362 710 1553 791 aspectibus3
1583 720 1616 775 et
1642 728 1696 789 per
1717 709 1792 773 hanc

437 802 570 884 quietem
592 801 687 882 frigus
706 801 831 881 justum.
866 798 1063 872 Quindecimo
1077 801 1138 867 uix.
1173 804 1219 865 At
1232 820 1291 864 non
1306 808 1451 863 constans
1469 799 1584 862 decimo
1599 817 1677 863 nono
1692 797 1790 879 frigm‚

435 892 490 954 sed
513 889 599 954 venti
621 888 775 953 manifesti
797 897 831 952 et
852 890 953 954 nimbi.
999 890 1127 954 Natalia
1155 890 1295 954 sextilem
1321 888 1437 952 habent
1463 887 1589 951 Saturni
1613 896 1649 949 et
1675 886 1791 961 Martis,

436 980 487 1061 qui
510 979 607 1062 frigus
629 976 840 1054 confirmabits
857 979 926 1042 iude
950 979 1069 1042 sextilis
1092 980 1223 1043 Veneris
1247 986 1279 1040 et
1300 976 1445 1041 Mercurii
1466 975 1566 1040 nivem
1581 974 1792 1058 superinjioiqt.
1832 976 1835 981 ⁴

981 1067 1113 1130 Thasia
1136 1068 1253 1131 LXIII.
1869 1074 1878 1087 “

526 1152 787 1235 configurationes
810 1155 916 1218 Lunae
944 1174 1011 1217 cum
1041 1157 1174 1237 planetis
1202 1157 1240 1219 ob
1264 1174 1386 1218 cansam
1415 1152 1620 1233 supradictam
1642 1150 1791 1232 praeterii.

435 1246 482 1309 At
508 1262 567 1305 non
595 1250 698 1306 tamen
725 1237 1308 1308 010111001010010100001θί11100
1338 1242 1506 1323 explicatas
1545 1241 1702 1322 eclipticus
1733 1240 1793 1320 ejus

436 1348 504 1396 cum
526 1330 599 1395 Sole
628 1350 808 1412 congressas
836 1340 908 1394 ante
936 1333 1027 1395 futuri
1057 1335 1126 1396 anni
1149 1332 1343 1414 principium:
1372 1339 1408 1395 ut
1435 1339 1467 1394 et
1482 1331 1610 1410 gemina
1631 1328 1794 1411 plenilunia

435 1421 577 1501 ecliptica
600 1421 629 1482 in
653 1420 728 1483 locis
751 1421 828 1483 coeli
851 1421 1016 1501 oppositis,
1049 1423 1176 1486 alterum
1198 1421 1229 1484 in
1257 1416 1314 1485 ¹7⁰
1332 1416 1387 1484 48¹
1410 1424 1456 1495 II,
1490 1421 1574 1501 cujus
1602 1418 1721 1482 initium
1742 1435 1795 1498 per

436 1508 680 1572 observationem
702 1509 750 1571 hic
773 1510 892 1591 Pragae
913 1511 1069 1574 inventum
1092 1508 1123 1575 9.
1147 1509 1292 1574 Decemb.
1317 1507 1442 1572 110105.
1461 1528 1501 1570 m.
1522 1506 1564 1582 7.,
1585 1502 1792 1570 6010110108.

434 1618 474 1661 m.
500 1594 553 1662 33.
578 1597 825 1679 quamproxime
848 1599 888 1660 ad
912 1598 1059 1664 calculum
1072 1598 1223 1682 Tychonis
1246 1599 1410 1661 accedens:
1435 1597 1562 1661 alteram
1576 1590 1608 1659 4.
1622 1594 1707 1660 Junii
1726 1593 1794 1658 anni
1920 1606 1921 1609 ’

438 1683 533 1750 1602.
569 1686 599 1748 in
631 1680 690 1749 13⁰
719 1682 773 1750 32¹
800 1692 847 1763 ,1,
881 1688 965 1768 cujus
991 1687 1109 1750 initium
1138 1689 1214 1750 hora
1241 1683 1272 1752 4.
1301 1706 1340 1749 10.
1370 1683 1422 1749 52.
1454 1693 1526 1767 post
1555 1684 1709 1748 meridiem
1740 1683 1794 1747 sub

435 1776 539 1838 Terra.
578 1771 703 1837 Orietur
725 1783 793 1838 tota
814 1776 845 1838 in
866 1775 1016 1839 tenebris:
1045 1777 1113 1838 finis
1139 1776 1215 1839 hora
1237 1773 1268 1840 9.
1293 1795 1333 1838 m.
1358 1769 1390 1837 6.
1425 1772 1557 1854 Eclipsis
1580 1792 1651 1837 vero
1675 1771 1794 1837 Solaria

434 1952 556 2121 {clipeis
579 1971 732 2103 notabilis}
748 2041 908 2103 admodum
931 2048 994 2103 est:
1007 1971 1120 2121 χῐ00010
1148 2001 1275 2124 siquid
1303 2041 1432 2123 eclipses
1454 2048 1596 2120 possunt,
1627 1998 1718 2102 valde
1746 2038 1793 2101 in-

437 2130 539 2210 signes
562 2126 688 2193 habebit
710 2129 845 2203 effectus,
867 2130 903 2191 in
922 2131 1328 2233 septentrionepraeoipum
1352 2129 1402 2191 ubi
1426 2136 1458 2190 et
1488 2127 1623 2230 maxima
1641 2126 1794 2209 apparuit.

432 2218 1795 2395 11111111111111111111111131011111

433 2394 551 2459 formis.
598 2396 688 2457 Anno
715 2391 809 2458 1598.
835 2394 956 2477 eclipsis
980 2396 1139 2459 admodum
1168 2414 1280 2477 magna
1309 2393 1419 2456 101110
1442 2393 1593 2458 Piscibus.
1641 2391 1718 2458 Cum
1741 2391 1820 2479 Sol·

431 2503 536 2547 mense
550 2482 722 2564 Septembri
743 2484 861 2546 veniret
875 2484 914 2545 ad
929 2484 1089 2547 antiscium
1107 2485 1226 2566 signum
1241 2484 1388 2562 Virginis,
1407 2482 1527 2563 pluviae
1542 2482 1626 2545 fuere
1640 2483 1794 2563 copiosae.

432 2574 524 2636 Anno
551 2567 647 2636 1600.
672 2572 793 2652 eclipsis
816 2571 846 2633 in
863 2571 981 2636 Cancro
1006 2572 1071 2636 1011.
1119 2571 1196 2636 Cum
1219 2570 1274 2634 Sol
1296 2572 1410 2634 rediret
1431 2572 1461 2633 in
1486 2570 1632 2639 Geminos
1654 2579 1687 2634 st
1710 2569 1796 2635 Can·
1920 2578 1921 2589 ¹

377 2654 379 2663 ⁴
431 2680 534 2738 crum,
567 2667 686 2741 tempus
718 2669 751 2722 et
781 2661 838 2723 hoc
871 2670 903 2723 et
930 2669 997 2724 tota
1020 2670 1124 2723 aestas
1152 2662 1318 2724 subsecuta
1340 2668 1389 2722 est
1410 2658 1544 2722 humida.
1592 2658 1796 2731 considerent

433 2748 539 2812 harum
562 2768 662 2830 rerum
684 2748 882 2828 professores,
907 2758 1029 2812 rectene
1043 2750 1190 2829 procedat
1212 2748 1355 2823 inductio,
1379 2747 1407 2809 si
1425 2747 1513 2828 hujus
1532 2748 1680 2829 eclipseos
1695 2747 1794 2828 signi-

432 2836 524 2901 flcata
547 2837 577 2899 in
600 2837 799 2900 Decembrem
822 2837 892 2900 anni
918 2834 1013 2902 1602.
1038 2856 1164 2918 eamque
1188 2839 1327 2919 hyemem
1349 2836 1499 2916 rejiciam,
1523 2855 1620 2918 exque
1640 2856 1677 2900 ea
1690 2836 1795 2916 magni

431 2926 553 3008 frigoris
576 2925 665 3006 signa
688 2926 851 2989 desumsm.
899 2925 989 2999 Quod
1020 2925 1047 2989 si
1078 2927 1207 3007 eclipses
1240 2924 1302 2987 vim
1333 2926 1500 2990 sortiuntur
1532 2944 1571 2987 ex
1597 2924 1794 3007 figuracoeli

433 3015 596 3091 (concessa
619 3014 700 3077 enim
718 3014 934 3095 imaginatione
949 3015 1107 3094 eclipseos,
1133 3014 1256 3078 concedi
1272 3014 1392 3076 videtur
1411 3021 1443 3076 et
1461 3012 1637 3095 imaginatio
1652 3015 1792 3095 figurae),
1827 3070 1833 3091 ,

300 3163 303 3168 .
426 3103 569 3183 'equidem
593 3122 696 3165 omnes
719 3111 783 3165 tres
806 3104 935 3184 eclipses
958 3104 988 3165 10
1011 3102 1098 3166 Jovis
1122 3111 1154 3165 et
1176 3102 1288 3166 Martis
1311 3103 1413 3165 radios
1441 3101 1591 3165 incidunt:
1617 3121 1711 3185 quaro
1734 3100 1793 3166 Jo-

430 3192 523 3254 vialia
543 3191 734 3253 incommoda
756 3191 969 3271 significarent,
993 3200 1068 3272 puta
1090 3200 1237 3273 teporem,
1256 3200 1288 3254 et
1311 3191 1451 3254 humores
1474 3199 1643 3274 corruptos,
1661 3190 1793 3275 indeque

430 3280 589 3344 nascentia
611 3279 807 3341 incommoda.
860 3320 866 3331 ι

977 3365 1109 3427 Thesis
1132 3367 1246 3430 LXIV.

518 3454 594 3518 Alia
616 3455 721 3517 Lunae
745 3454 866 3535 eclipsis
889 3452 1039 3519 videbitur
1062 3454 1299 3542 occidentalibus
1331 3455 1380 3519 die
1408 3452 1461 3520 28.
1485 3455 1681 3533 Novembris,
1715 3477 1793 3540 quas

426 3544 520 3626 juxta
551 3544 699 3608 calculum
731 3542 881 3628 Tyohonis
914 3541 962 3605 hic
993 3543 1113 3623 Pragaa
1146 3543 1270 3625 incipiet
1300 3545 1332 3607 in
1364 3545 1431 3626 ipso
1461 3565 1539 3626 pene
1561 3545 1644 3611 Solis
1674 3556 1793 3637 exortu,

429 3633 596 3714 Lunaeque
626 3651 747 3696 occasa.
795 3630 881 3704 Quae
910 3650 976 3694 cum
1008 3632 1100 3695 cadat
1121 3632 1203 3695 infra
1224 3642 1359 3697 nostrum
1382 3634 1582 3710 horizontem,
1615 3642 1650 3697 ut
1678 3641 1711 3698 et
1739 3636 1793 3699 illa

433 3721 556 3803 eclipsis
581 3719 679 3797 Solis,
712 3740 802 3802 quam
825 3719 873 3782 die
899 3716 950 3783 19.
974 3721 1057 3783 Junii
1079 3721 1194 3784 videbit
1216 3722 1355 3785 occidens
1362 3743 1371 3798 3
1404 3724 1474 3803 quid
1506 3722 1631 3786 attinuit
1657 3723 1793 3803 tragicos

429 3810 466 3872 de
490 3811 529 3873 iis
552 3811 701 3873 clamores
725 3808 879 3872 excitare?
923 3807 1055 3873 Ridicnli
1077 3811 1214 3889 profecto
1237 3819 1317 3887 sunt,
1343 3811 1392 3892 qui
1415 3811 1549 3891 portenti
1570 3810 1636 3874 loco
1650 3812 1791 3893 allegant

427 3907 476 3962 101
499 3900 628 3980 eclipses
653 3917 710 3961 uno
734 3916 828 3973 aano;
853 3897 940 3979 quasi
963 3917 1021 3971 000
1045 3899 1205 3979 quotannis
1229 3900 1337 3980 quinae
1351 3900 1579 3980 velquaternae
1597 3900 1789 3981 contingant,

426 3988 453 4049 si
477 3996 573 4050 totum
596 3988 756 4049 Terrarum
783 3986 930 4050 ambitum
952 3993 1132 4066 spectemus.
1180 3986 1245 4050 Sed
1276 3986 1428 4051 homines‘
1442 3987 1489 4051 illi
1516 3989 1547 4052 in
1571 4009 1606 4053 00
1630 3989 1787 4066 falluntur,

425 4076 507 4154 quod
530 4094 626 4156 nuper
649 4072 801 4156 Origanus
822 4076 1039 4156 Ephemerides
1063 4076 1170 4151 edidit,
1206 4076 1313 4157 quibus
1340 4078 1500 4158 plerasque
1525 4086 1590 4141 toto
1614 4077 1686 4144 orbe
1711 4097 1788 4143 cou-

425 4162 578 4244 tingentes
592 4163 794 4243 computavit:
818 4163 897 4244 quod
920 4171 992 4226 ante
1006 4163 1104 4244 ipsum
1127 4183 1186 4226 non
1202 4174 1423 4229 consueverant
1445 4166 1507 4231 alii.
1522 4160 1563 4242 ¹²)
1585 4165 1714 4249 Absque
1727 4167 1787 4230 hoc

426 4251 549 4322 fuisset,
574 4270 724 4333 nunquam
756 4251 834 4314 forte
857 4251 981 4333 tragicis
1013 4251 1074 4317 illis
1101 4253 1353 4317 vociferatoribus
1381 4256 1418 4316 de
1448 4254 1495 4317 his
1518 4255 1682 4337 eclipsibus
1705 4256 1788 4319 infra

426 4347 570 4403 nostrum
592 4339 778 4403 horizontem
805 4339 1003 4405 suboluisset:
1035 4340 1085 4422 qui
1117 4341 1198 4423 quod
1219 4342 1250 4405 in
1274 4340 1401 4424 Origani
1427 4343 1569 4407 methodo
1592 4363 1702 4408 novum
1726 4353 1787 4417 est

423 4425 456 4491 in
478 4429 562 4492 coelo
586 4430 700 4495 frastra
721 4448 830 4495 novum
852 4429 975 4493 attoniti
998 4429 1166 4505 mirantur„

974 4517 1105 4579 Thesis
1127 4517 1228 4581 LXV.

510 4603 558 4666 De
582 4624 701 4668 annona
723 4605 822 4669 dicere
845 4605 990 4668 lubricum
1013 4605 1174 4668 admodum
1197 4614 1255 4670 est
1297 4607 1378 4675 Nam
1401 4607 1651 4689 quadrantalia
1669 4608 1785 4683 attinet

362 4686 367 4705 ⁴
422 4690 474 4768 (de
488 4692 547 4755 Dei
569 4693 759 4774 providentia
781 4695 880 4756 sciunt
902 4696 1030 4769 omnes),
1051 4714 1171 4757 annona
1192 4697 1305 4775 partim
1327 4716 1347 4757 a
1369 4697 1470 4760 causis
1494 4696 1626 4761 fortuitis
1648 4699 1781 4779 pendet:

420 4780 532 4863 partim
562 4782 599 4843 ab
631 4782 687 4845 illa
718 4784 893 4865 supradicta
918 4782 1053 4862 generali
1076 4784 1274 4864 dispositione
1297 4803 1457 4862 annorum,
1482 4804 1605 4868 quoram
1626 4786 1700 4851 illud
1725 4802 1784 4851 sus

420 4879 530 4934 natura
560 4870 707 4952 praesciri
738 4871 860 4954 nequit,
893 4871 951 4933 hoc
982 4863 1081 4934 adhuc
1108 4872 1270 4954 quaeritur.
1316 4874 1549 4956 Astrologorum
1579 4893 1650 4940 vero
1673 4884 1782 4959 partes
