3814 5818
758 363 962 416 mum·

176 532 282 588 centn
304 521 419 585 orbium
443 528 566 585 turtum
588 538 655 584 eam
676 520 749 585 Sole
772 528 890 594 movet,
922 521 1022 583 altera
1048 520 1078 583 iu
1101 519 1199 600 ipsum
1231 520 1353 602 iusuper
1374 521 1478 585 Solem
1502 544 1540 587 ea

176 615 317 676 collocat.
362 612 428 673 Nec
451 612 543 673 debet
564 628 685 673 mosem
708 628 902 690 quemquam,
935 610 1014 690 quod
1043 609 1233 689 supradixi,
1264 611 1454 691 planetarum
1476 613 1537 675 cir-

175 703 273 766 cuitus
295 703 327 764 iu
351 698 514 780 Apollonio
537 706 570 761 et
591 716 662 760 vero
685 705 719 759 et
740 688 812 760 li'cto
836 698 875 759 ad
898 696 981 760 Solis
1003 697 1223 778 praescriptum
1247 707 1280 761 st
1301 718 1369 762 curn
1388 717 1425 762 eo
1448 700 1539 763 situm

129 840 144 861 ,
176 798 313 854 mutare:
338 796 373 851 ut
392 795 555 869 propterea
570 787 650 850 Urso
672 786 761 849 iidem
784 785 929 848 adhibeat
949 787 1108 857 asserenti,
1131 787 1327 867 Apollonium
1341 807 1380 850 ex
1397 788 1538 852 Aristar·

175 880 231 942 clro
255 878 347 959 loqui.
392 878 474 940 Nam
497 876 523 938 si
545 884 703 957 utramque
726 875 852 937 sormam
874 875 1073 954 problematis
1087 875 1282 954 Apolloniani
1306 876 1385 938 inter
1407 896 1440 938 so
1463 896 1538 940 cou-

176 969 268 1043 ieraa,
294 965 413 1029 videbis
435 965 624 1028 ooenionenr
648 963 775 1026 alterius
799 964 912 1027 formae
935 963 1156 1044 excogitandae
1179 984 1237 1026 nou
1256 983 1296 1026 ax
1309 965 1383 1028 visis
1396 965 1538 1029 Aristar-

176 1056 304 1129 clniauis,
327 1054 384 1117 sed
407 1073 446 1117 ex
474 1054 584 1134 prioris
599 1056 723 1127 formae,
749 1070 826 1132 quae
840 1051 1029 1115 Ptolemaica
1046 1062 1104 1127 est,
1129 1053 1367 1132 transpositione
1390 1055 1493 1117 fluere.

263 1143 342 1208 Cum
363 1143 442 1205 enim
461 1143 528 1223 jam
550 1151 614 1205 tum
638 1142 716 1204 inter
738 1150 929 1203 astronomos
946 1160 1001 1203 aeu
1015 1149 1187 1220 geometras
1210 1142 1413 1216 advenisset,
1438 1143 1540 1206 omnia

156 1244 250 1317 'qrae
274 1252 332 1314 per
359 1231 544 1295 ecceutricos
566 1232 811 1294 demonstrantur
843 1247 934 1310 posse
956 1228 1063 1292 itidem
1087 1237 1119 1291 et
1150 1247 1205 1309 per
1226 1230 1449 1294 conceutricum
1472 1250 1539 1295 cum

174 1323 324 1406 epiayclo:
356 1321 537 1401 Apollonius
566 1321 632 1401 jam
663 1319 694 1381 in
724 1317 818 1398 priori
849 1317 1048 1398 problematis
1080 1317 1127 1381 sni
1160 1319 1257 1380 forma
1288 1319 1539 1400 inaequalitatem

173 1411 408 1492 splauetarnm
428 1428 484 1489 per
505 1408 671 1491 epicyclum
694 1407 724 1470 iu
747 1407 938 1469 concentrioo
962 1405 1084 1469 mulieri
1108 1406 1147 1468 ab
1171 1406 1354 1471 astruuoruis
1377 1419 1540 1489 weeperat

175 1509 207 1562 et
226 1505 424 1563 naumserat
471 1495 618 1560 Statuuut
641 1496 720 1558 enim
743 1493 921 1558 Ptolemaici
944 1494 974 1557 in
998 1494 1120 1557 orbibus
1144 1491 1367 1576 {imperiorum
1389 1504 1456 1560 tres
1470 1516 1539 1561 esse

172 1589 337 1671 apicycloa,
372 1587 422 1668 qui
445 1586 592 1666 superiori
614 1594 703 1667 parte
725 1584 756 1646 in
779 1584 907 1646 eandem
928 1585 1052 1665 plagam
1076 1593 1256 1647 moveantur
1278 1603 1344 1646 cum
1368 1586 1537 1649 eccentrico

172 1697 210 1739 ea
232 1678 310 1756 lege,
334 1685 378 1750 ut,
402 1694 469 1765 cum
493 1684 633 1738 centrum
660 1671 787 1757 epioycli
810 1680 861 1734 est
882 1691 950 1735 cum
974 1671 1056 1745 Sole,
1078 1672 1205 1752 planeta
1226 1672 1269 1735 ait
1282 1674 1444 1754 semperin
1460 1693 1537 1754 apo-

171 1785 248 1847 gaeo
272 1764 411 1848 epieycli.
457 1763 545 1826 Hanc
568 1782 641 1843 ergo
665 1765 792 1826 formam
814 1761 1004 1841 transposuit
1027 1761 1205 1841 Apollonius
1228 1762 1259 1824 iu
1282 1762 1426 1839 alteram,
1461 1781 1538 1843 quae

171 1856 202 1916 iu
226 1854 395 1917 ecoentrico
419 1851 576 1915 consistit:
599 1859 691 1932 utque
715 1850 745 1911 id
768 1857 851 1911 recte
874 1850 973 1924 lieret,
1006 1848 1141 1929 oportuit
1163 1850 1282 1912 omniuo
1305 1859 1420 1913 motum
1442 1852 1540 1915 centri

170 1942 333 2006 eecentrici
356 1941 422 2023 (qui
445 1948 494 2003 est
515 1959 569 2021 pro
592 1948 676 2004 motu
699 1937 841 2021 epieycli)
864 1939 903 2000 ad
927 1937 1032 2001 Solem
1055 1937 1192 2018 alligare,
1217 1938 1288 2020 quia
1309 1937 1392 2020 prius
1415 1948 1449 2002 et
1471 1941 1538 2021 epi·

170 2031 250 2115 cycli
282 2030 365 2093 circa
396 2048 482 2091 suurn
509 2037 646 2092 centrum
679 2025 836 2090 conversio
869 2027 908 2088 ad
931 2024 1036 2090 Solem
1067 2026 1263 2107 alligabatur.
1309 2027 1538 2092 Haeooccasio

171 2121 260 2202 hujus
284 2119 498 2202 hypotheseos,
523 2137 581 2179 nou
604 2126 687 2179 certe
711 2116 783 2178 alia.

255 2206 535 2271 Demonstrationis
557 2225 653 2268 eausa
675 2203 833 2268 describa-

166 2307 217 2360 tur
246 2303 351 2359 centro
379 2297 414 2358 M
444 2303 478 2356 et
509 2294 735 2357 ecceutrieitate
772 2290 838 2353 AM

167 2385 352 2449 oeceutricus
370 2383 464 2448 ΕΒΗ.
509 2381 586 2446 Cum
608 2400 680 2462 ergo
703 2388 838 2445 sonuum

165 2476 200 2537 M
222 2475 289 2537 loeo
311 2492 370 2536 nou
384 2480 521 2536 mouetur
547 2489 602 2552 por
623 2470 836 2555 circumieran-

166 2565 241 2626 tiam
267 2562 346 2637 MN,
379 2562 508 2625 cuculus
534 2561 687 2641 perfectus
720 2556 835 2623 descri-

166 2653 254 2714 betur
291 2668 348 2731 per
382 2650 476 2713 Eun.
531 2649 693 2712 videbitur
734 2653 835 2708 motus
925 2659 928 2693 ι

166 2740 375 2803 uellaeenl
396 2739 502 2802 tardus
521 2737 833 2817 circaEapogaeum
896 2711 931 2780 ¹
945 2811 961 2830 -.

166 2830 257 2893 velox
286 2829 369 2891 cuca
389 2828 416 2889 Ρ
441 2827 625 2909 perigaeuna
670 2825 755 2888 Idem
780 2840 835 2884 ao-
881 2894 884 2902 y
943 2822 959 2851 ¹·

166 2918 262 2989 cidet,
294 2918 321 2980 si
353 2917 542 2980 describatur
572 2923 676 2978 centro
702 2914 733 2976 A
761 2929 836 2973 eon-
881 2921 884 2930 ·

166 3006 318 3070 maiam
343 3001 445 3080 BOD,
479 3013 511 3067 et
541 3005 571 3068 in
604 3022 641 3065 eo
671 3001 834 3084 episyclus,

165 3096 252 3177 cujus
283 3095 386 3158 radius
419 3094 486 3169 BE,
531 3091 584 3156 OF
618 3093 669 3155 uel
699 3091 759 3153 ΒΗ
794 3087 837 3150 sit

166 3185 304 3266 aequalis
318 3185 384 3247 AM
399 3182 618 3247 eocentricitati
634 3180 743 3263 priori:
767 3196 834 3240 mo-

166 3283 216 3337 tus
243 3291 315 3336 vero
347 3273 392 3335 sic
423 3279 495 3334 suut
525 3271 706 3352 comparati,
738 3278 773 3332 ut
803 3274 836 3329 et

166 3363 248 3425 orbis
270 3361 332 3424 ME
354 3362 437 3443 prior
463 3379 554 3442 super
575 3361 609 3423 M
641 3369 674 3425 et
695 3359 752 3423 ΑΒ
775 3377 834 3438 po·

166 3451 276 3515 sacrior
297 3469 388 3532 super
410 3453 441 3513 A
464 3448 631 3531 aequaliter
653 3458 686 3513 et
707 3451 737 3512 in
760 3465 835 3531 par·

166 3550 215 3604 tes
238 3541 363 3603 easdem
385 3541 545 3615 incedant,
576 3539 674 3601 boene
697 3556 769 3600 varo
797 3553 836 3597 ex

166 3629 203 3705 Ε,
226 3631 263 3702 F,
285 3630 315 3691 Η
337 3632 461 3711 planeta
472 3647 529 3709 per
540 3629 577 3703 B,
603 3625 640 3704 O,
653 3628 683 3689 D
701 3633 837 3688 centrum

167 3718 294 3800 epieycli
317 3720 426 3782 (luctu
449 3719 547 3781 lineae
571 3717 635 3779 MA
657 3714 836 3777 eceentrici-

167 3808 225 3869 tati
239 3816 385 3888 perpetuo
400 3807 604 3888 aequidistaut
618 3805 688 3867 dum
710 3805 921 3874 circumfertur
938 3812 970 3874 in
983 3810 1069 3877 Bon
1087 3812 1288 3875 concentrieo.
1336 3808 1540 3885 Quaestione
1559 3814 1562 3821 '

168 3897 306 3972 amdam,
330 3906 365 3958 ut
388 3895 539 3987 epicyclus
561 3894 592 3956 iu
615 3913 684 3957 sese
713 3900 745 3955 et
767 3907 908 3976 respectu
930 3900 1025 3964 totius
1049 3901 1180 3964 universi
1204 3919 1262 3963 non
1284 3902 1381 3964 minus
1401 3905 1540 3983 quiescat

168 4003 260 4068 quam
280 3987 315 4047 M
337 3993 479 4066 puuctum
503 3982 641 4066 quiescit
691 3981 754 4045 Sed
780 3980 955 4061 geometrae
980 3989 1019 4052 ad
1042 3988 1086 4060 E,
1111 3986 1156 4066 G,
1180 3990 1387 4073 lapogaeun
1411 3992 1539 4074 epicycli

167 4075 367 4154 respicientes
391 4075 495 4137 dicunt
522 4072 675 4153 planetam
703 4072 734 4133 iu
758 4073 894 4157 epicyclc
919 4097 979 4140 nou
1003 4078 1173 4159 quiescere,
1208 4079 1262 4141 sed
1291 4078 1404 4142 moueri
1426 4081 1457 4143 iu
1481 4072 1538 4161 op·v

167 4164 302 4245 positum
324 4163 492 4227 ecoentrico
522 4181 565 4224 sc.
591 4179 629 4221 ex
653 4159 684 4222 G
705 4161 738 4222 in
760 4163 786 4224 F
807 4171 896 4226 tauto
921 4185 1007 4243 arcu,
1042 4175 1171 4248 quantus
1195 4174 1244 4229 est
1266 4166 1336 4241 Bc,
1368 4168 1419 4231 via
1441 4170 1538 4234 centri

170 4253 310 4335 epicyeli.
354 4254 433 4315 Esto
452 4252 521 4333 jam
545 4258 579 4311 ut
592 4250 627 4310 M
641 4258 778 4312 centrum
800 4254 961 4317 euoeutrici
975 4264 1133 4319 moveatur
1155 4263 1187 4318 et
1206 4257 1297 4319 aliter
1310 4256 1429 4338 quidem
1449 4276 1538 4340 quam

150 4341 376 4423 ‘occenuicnst
401 4347 562 4403 moveatur
584 4338 674 4402 modo
696 4338 726 4401 in
749 4340 873 4420 plagam
896 4344 1021 4406 eandem
1045 4345 1075 4406 iu
1096 4363 1185 4426 quam
1208 4353 1239 4407 et
1263 4347 1457 4422 assertrices,
1483 4346 1538 4409 sed

171 4431 305 4494 velocius
329 4431 398 4507 illo,
423 4437 457 4492 ut
480 4429 668 4491 ecceutricus
687 4428 807 4508 quidem
832 4434 972 4512 angulum
992 4431 1096 4508 QLK,
1121 4441 1258 4496 centrum
1280 4452 1353 4497 vero
1377 4434 1538 4498 eecentrici

170 4521 313 4601 angulum
336 4519 429 4583 MAL
457 4518 628 4581 conficiant.
674 4515 746 4578 Fiet
776 4518 833 4581 boc
861 4530 953 4600 paeto
990 4529 1024 4584 ut
1046 4520 1139 4584 stella
1170 4523 1209 4583 ab
1231 4520 1259 4582 Ε
1281 4523 1312 4584 iu
1334 4522 1365 4584 K
1392 4524 1538 4586 velociter

170 4610 313 4673 mdeatur
333 4608 518 4671 descendere
551 4626 606 4669 uec
634 4604 778 4668 circulum
805 4609 974 4687 perfectum
1003 4608 1165 4672 describat
1212 4610 1297 4671 Idem
1325 4611 1360 4673 tlt
1386 4630 1441 4693 per
1463 4632 1537 4674 eon-

171 4698 337 4762 csutricum
364 4716 431 4760 eum
453 4696 603 4778 epicyal0‚
637 4693 690 4756 ubi
719 4695 927 4760 concentriens
955 4697 1004 4760 bic
1033 4696 1113 4760 illius
1137 4698 1298 4762 ecceutrici
1327 4707 1442 4762 motum
1465 4719 1537 4763 sus·

170 4787 255 4867 cipit
279 4784 434 4867 epicyclua
457 4804 530 4848 vero
553 4785 618 4847 sive
640 4784 671 4846 in
694 4799 731 4845 eo
755 4784 847 4847 stella
868 4784 898 4846 K
921 4793 1037 4849 motum
1060 4785 1123 4849 illic
1146 4786 1242 4849 contri
1271 4788 1444 4862 docentum,
1478 4805 1536 4849 un·

169 4875 348 4940 morandum
372 4894 391 4935 a
413 4875 494 4939 linea
516 4868 575 4938 ΠΗ
600 4869 824 4955 aequidistaute
846 4872 927 4951 AM,
956 4881 992 4937 ut
1012 4874 1103 4938 ΗΒΚ
1125 4882 1159 4938 et
1179 4875 1273 4939 MAL
1296 4873 1359 4939 sint
1381 4874 1536 4960 aequales.
