3872 5836
395 376 461 444 348
825 378 926 429 Literse
943 378 1048 443 Kepleri
1065 378 1216 443 aliorumque
1234 384 1336 429 mutuae

399 538 528 619 Opticis.
575 539 619 600 Tu
643 548 748 601 contra
772 538 832 600 ais:
861 535 893 612 1)
916 538 1065 618 puriorem
1089 538 1150 600 illis
1174 557 1242 599 esse
1267 544 1377 600 adrem.
1422 539 1467 600 At
1490 555 1549 599 non
1564 537 1708 618 ,sequitur
1722 547 1755 599 ct

396 628 591 690 humiliorem.
640 626 734 695 Calor
756 634 918 702 extenuat,
952 627 1090 689 tenuiora
1111 628 1243 707 puriora.
1291 626 1384 690 Calor
1406 645 1493 705 ergo,
1527 627 1577 706 qui
1601 626 1751 705 puritatis,

396 718 476 779 idem
490 716 658 780 altitudinis
672 737 774 791 causa,
792 715 862 797 qnia
875 724 966 795 anget
981 723 1103 777 aerem:
1128 715 1159 777 iu
1174 723 1245 778 a'ere
1267 716 1344 777 enim
1360 715 1492 801 quotidie
1508 715 1650 795 gignitur,
1675 715 1752 795 quod

396 806 426 867 iu
451 815 539 867 nocte
563 807 671 868 iterum
694 807 813 886 cogitur
836 807 863 866 in
884 823 967 867 rores
989 824 1045 883 per
1068 805 1162 883 frigus
1186 824 1357 884 supernum.
1404 802 1440 878 2)
1466 803 1541 865 Ais:
1566 804 1627 865 cito
1642 823 1753 882 perva-

397 896 467 956 dere
491 902 707 974 tempestates,
738 914 806 956 esse
830 894 923 973 igitur
946 893 1086 955 humilem
1110 894 1150 954 ibi
1176 900 1287 955 aerem.
1333 894 1451 955 Bonum
1475 902 1698 971 argumentum,
1728 893 1752 954 si

396 984 505 1045 bouum
529 991 613 1045 esset
636 991 810 1046 assumtum.
849 983 927 1044 Nam
951 1002 1018 1043 cum
1040 982 1070 1043 in
1095 983 1226 1043 borealis
1250 982 1356 1044 oceani
1371 980 1564 1059 navigatione
1586 982 1652 1061 logo
1668 981 1752 1043 subi-

396 1080 446 1133 tas
470 1079 680 1152 tempestates,
705 1079 897 1153 argumentor
920 1070 985 1150 ipse
1009 1090 1135 1152 quoqne,
1161 1070 1300 1133 humilem
1325 1090 1392 1132 esse
1417 1076 1527 1143 aerem,
1551 1069 1646 1132 itant
1660 1089 1753 1150 vapor

397 1181 435 1221 ex
458 1169 541 1223 terra
564 1162 730 1223 ascendens
754 1160 854 1222 subito
878 1160 907 1221 iu
933 1158 1027 1240 frigus
1051 1160 1224 1222 aethereum
1249 1160 1396 1233 incurrat,
1432 1166 1575 1239 snperato
1599 1157 1679 1220 a'dris
1704 1160 1751 1219 fa-

397 1249 498 1328 stigio.
535 1249 586 1312 -Es
608 1258 640 1310 tn
664 1251 818 1330 pulchram
846 1247 1088 1310 observationem
1119 1249 1219 1322 addis,
1249 1249 1439 1311 utilissimam
1468 1246 1668 1327 speculationi
1693 1249 1746 1308 fnl-

397 1338 518 1406 minum,
544 1339 622 1419 quod
645 1339 725 1419 apud
750 1359 803 1400 vos
827 1356 884 1399 uon
908 1337 953 1399 ita
977 1337 1169 1399 fulminentur
1193 1345 1285 1412 tecta,
1310 1337 1386 1399 utin
1404 1334 1570 1398 Germania
1589 1336 1752 1415 superiore.

399 1426 501 1489 Causa
532 1436 634 1489 tamen
666 1429 756 1508 paulo
784 1427 873 1488 aliter
906 1426 1098 1506 accipienda,
1132 1445 1238 1506 nempe
1271 1446 1330 1488 non
1363 1432 1416 1488 aiir
1439 1434 1559 1499 terrae,
1594 1426 1648 1486 sed
1673 1433 1755 1487 terra

398 1517 460 1578 aeri
485 1525 531 1577 est
554 1516 683 1595 propior.
728 1516 821 1578 Aeris
845 1533 957 1595 aequor
980 1515 1131 1594 aequabili
1154 1514 1325 1595 superficie,
1355 1515 1467 1575 Terrae
1496 1524 1567 1575 sunt
1593 1513 1751 1594 profundi-

395 1615 495 1679 tates,
529 1613 563 1667 ut
590 1613 735 1667 montanus
758 1606 820 1667 sint
843 1603 929 1685 qnasi
958 1603 1092 1683 scopuli,
1120 1611 1152 1664 et
1175 1604 1311 1683 superior
1341 1601 1506 1665 Germania
1534 1604 1619 1682 quasi
1643 1612 1752 1685 syrtes.

395 1694 437 1755 Et
459 1694 542 1754 soleo
565 1694 634 1756 hinc
658 1693 870 1773 argumentari,
895 1711 987 1773 quare
1012 1692 1168 1755 cacumina
1192 1691 1401 1753 fnlruiuentur:
1431 1691 1555 1769 spiritus
1579 1692 1657 1753 enirn
1681 1710 1751 1770 per-

395 1783 507 1861 rumpit
529 1782 681 1845 humidum
706 1790 819 1855 adrem,
854 1801 913 1861 qua
936 1781 1140 1842 tenuissimus.
1188 1779 1250 1842 Sed
1274 1791 1375 1842 tamen
1400 1780 1475 1840 haec
1498 1780 1621 1840 obstare
1647 1780 1751 1841 viden-

395 1882 462 1933 tur:
504 1870 536 1944 l)
560 1870 707 1933 Bohemia
730 1890 787 1932 nou
811 1871 914 1932 crebro
939 1870 1052 1949 petitur
1075 1869 1258 1942 fulminibus,
1283 1876 1455 1931 esttamen
1481 1869 1563 1940 alta,
1589 1870 1627 1929 ad
1653 1868 1753 1930 fontes

394 1979 438 2023 sc.
462 1960 567 2034 Albis3
592 1959 621 2021 id
644 1958 823 2041 praesertim
838 1960 919 2020 circa
933 1959 1073 2037 Pragam.
1120 1956 1155 2031 2)
1179 1956 1321 2019 Secunda
1340 1976 1441 2031 causa,
1466 1965 1678 2019 curmontana
1692 1957 1752 2018 ful-

394 2049 552 2123 minantur,
577 2057 634 2123 est,
660 2049 730 2128 qnia
752 2055 871 2110 montes
895 2053 965 2109 suut
989 2046 1126 2107 officinae
1151 2055 1362 2108 meteororum.
1410 2042 1447 2118 3)
1472 2044 1552 2107 Sunt
1566 2053 1668 2108 certae
1685 2066 1751 2108 ma-

395 2136 501 2211 teriae,
526 2156 601 2216 qnae
624 2138 730 2199 crebro
756 2136 958 2199 fulminantur.
1005 2135 1104 2214 Igitur
1126 2135 1266 2196 videntur
1289 2134 1428 2199 emittere
1452 2134 1647 2215 spirituosum
1670 2133 1751 2196 hali-

324 2292 327 2307 1
395 2235 467 2300 tum,
492 2225 541 2305 qui
565 2225 721 2287 fulminum
742 2225 887 2306 impeturn
910 2223 940 2284 in
964 2243 1032 2285 sese
1056 2223 1250 2285 similitudine
1266 2223 1411 2285 materiae
1432 2223 1572 2284 invitant.
1618 2219 1654 2298 4)
1678 2223 1753 2285 Ful-

395 2313 505 2376 minum
529 2325 638 2376 natura
661 2314 777 2388 eadem,
803 2332 879 2394 qnae
903 2313 968 2375 anri
993 2311 1126 2374 fulminei
1150 2310 1384 2392 (Schlaggold);
1416 2311 1568 2373 incensum
1593 2313 1671 2373 enirn
1697 2331 1753 2373 nou

395 2422 513 2465 sursum
538 2402 653 2477 nititur,
678 2404 731 2464 sed
755 2404 905 2474 deorsum,
931 2400 959 2463 iu
979 2402 1139 2479 adversum
1158 2402 1244 2481 quasi
1263 2400 1386 2462 humori.
1433 2400 1475 2461 Et
1497 2400 1527 2460 in
1544 2400 1653 2462 fodinis
1670 2400 1752 2462 anri-

397 2492 469 2552 feris
498 2492 599 2553 solent
626 2511 664 2553 ex
688 2492 825 2571 fuligine,
860 2508 935 2571 quae
969 2490 1113 2552 lateribus
1147 2491 1324 2571 abyssorum
1358 2487 1563 2565 adhaerescit,
1598 2490 1752 2569 ingruente

396 2580 518 2642 humida
541 2588 722 2659 tempestate
746 2581 878 2643 existere
902 2600 992 2642 casus
1015 2579 1169 2641 fulminum
1192 2577 1344 2647 similium,
1368 2577 1417 2658 qui
1433 2586 1543 2639 necant
1565 2578 1702 2641 homines
1724 2577 1751 2638 in

395 2678 552 2749 puteorum
576 2667 740 2744 (Schacht)
766 2668 876 2731 fundis.
925 2666 1060 2732 Ceuseut
1082 2666 1254 2743 metallarii,
1280 2667 1433 2746 fuliginem
1449 2667 1530 2728 illam
1555 2687 1676 2729 auream
1696 2667 1753 2727 hu-

382 2758 475 2837 mido
498 2765 569 2819 aere
593 2758 730 2833 incendi,
765 2777 857 2839 qnare
881 2758 929 2821 hic
960 2776 1076 2838 quoque
1105 2756 1217 2819 fulmen
1251 2756 1308 2816 hoc
1340 2775 1462 2817 aureum
1490 2755 1636 2837 profunde
1665 2755 1751 2836 petit.

397 2848 461 2908 Hae
487 2847 671 2926 objectiones
694 2847 818 2929 ancipiti
851 2854 883 2909 et
914 2865 1007 2909 caeca
1038 2864 1140 2927 pugna
1175 2847 1310 2907 seruntur
1343 2844 1371 2906 iu
1396 2864 1519 2906 causam
1543 2854 1643 2918 tuam,
1677 2864 1753 2925 quae

395 2935 473 2997 alifis
496 2936 567 2998 rnihi
591 2955 706 3017 quoque
730 2957 789 2999 nou
812 2935 961 3014 displicet.
1008 2933 1070 2996 Sed
1094 2944 1162 2996 utut
1185 2935 1235 3009 sit,
1261 2943 1337 3005 esto,
1363 2933 1410 2994 ubi
1437 2934 1515 2995 citae
1540 2941 1752 3014 tempestates,

396 3034 429 3087 ut
452 3025 492 3086 ibi
517 3025 637 3087 humilis
662 3033 724 3099 air,
750 3025 816 3087 dico
840 3026 905 3092 tihi.
929 3025 984 3085 sub
1008 3024 1123 3085 torrida
1148 3042 1204 3089 non
1229 3022 1307 3083 citas
1322 3030 1533 3101 tempestates.
1572 3022 1751 3084 hamunde

395 3123 426 3175 tu
449 3114 581 3194 probas?
617 3112 698 3185 Quia
721 3115 759 3176 ad
773 3124 872 3177 ortum
892 3112 1056 3175 nubeculae
1080 3113 1185 3174 statim
1200 3111 1290 3173 adest
1314 3111 1394 3173 furor
1417 3118 1583 3174 ventorum.
1621 3111 1752 3174 Pulchra

396 3202 583 3274 observatio:
607 3202 718 3265 similia
740 3203 769 3264 in
793 3201 889 3264 sacris
913 3202 1068 3275 hebemus,
1093 3218 1160 3262 cum
1183 3200 1269 3261 Elias
1292 3199 1410 3262 coelum
1423 3201 1594 3263 recluderet
1606 3200 1750 3263 imbrem-

397 3310 452 3370 que
477 3291 505 3352 in
529 3290 649 3352 Achabi
673 3298 765 3370 caput
787 3289 1012 3372 praecipitaret.
1060 3286 1122 3350 Sed
1151 3306 1209 3349 non
1232 3288 1340 3373 vincit
1354 3289 1550 3368 propositum.
1595 3288 1754 3352 Nubecula

397 3379 514 3456 signnm
538 3385 588 3439 est
610 3378 836 3459 copiosissimae
856 3377 1011 3450 materiae,
1031 3377 1095 3457 jam
1119 3377 1147 3437 in
1163 3376 1317 3456 procinctu
1342 3378 1462 3452 stantis,
1489 3397 1546 3438 nou
1568 3397 1670 3451 causa,
1697 3398 1752 3438 uon

396 3475 503 3528 mater.
551 3465 604 3528 Sic
628 3467 656 3528 in
681 3466 799 3549 Scyria,
824 3486 890 3528 cnm
914 3484 1000 3527 mons
1024 3464 1154 3528 Schehel
1178 3465 1257 3544 pileo
1282 3465 1413 3544 tegitur,
1447 3466 1550 3545 phrasi
1577 3466 1752 3540 incolarum,

395 3560 534 3616 manente
556 3554 636 3635 pileo
660 3575 715 3618 nec
739 3574 887 3637 quoquam
902 3554 1027 3630 dimoto,
1051 3555 1158 3616 existit
1170 3555 1285 3634 pluvia,
1308 3554 1443 3616 oriuntur
1466 3555 1505 3615 ad
1520 3555 1638 3617 oculum
1659 3556 1753 3617 nubes

395 3644 424 3705 in
448 3643 584 3723 partibus
608 3645 684 3708 coeli
706 3644 831 3718 serenis,
855 3643 991 3707 collectis
1015 3662 1058 3706 sc.
1083 3653 1115 3707 et
1138 3644 1177 3705 ad
1200 3644 1319 3706 oculum
1343 3642 1479 3705 densatis
1502 3643 1674 3725 vaporibus.
1824 3636 1828 3641 ⁵

465 3750 655 3802 Fabricius:
681 3748 745 3802 Solis
769 3756 796 3801 et
819 3750 907 3801 Lunae
930 3749 1034 3814 eclipses
1057 3750 1233 3815 utplurimum
1260 3748 1382 3800 inducunt
1408 3748 1467 3799 illes
1495 3754 1592 3807 aestus,
1617 3751 1753 3808 siccitates.

394 3822 443 3871 has
461 3822 628 3872 humiditates.
667 3823 705 3872 Tu
722 3825 748 3872 in
767 3823 845 3872 Terra
862 3822 1022 3885 praecipuam
1040 3835 1144 3873 cansam
1162 3822 1274 3887 quaeris,
1300 3820 1344 3871 ssd
1362 3820 1434 3870 valde
1453 3821 1567 3871 absurde.
1604 3821 1683 3872 Terra
1700 3823 1753 3887 qai·

395 3894 450 3944 dem
469 3908 571 3957 vapores
590 3900 616 3944 st
633 3895 685 3945 ruis
703 3900 781 3953 creat,
800 3894 844 3943 sed
863 3908 879 3943 a
897 3893 1016 3959 singulari
1034 3895 1124 3943 virtute
1142 3893 1235 3944 Terras
1254 3893 1298 3941 illa
1316 3893 1411 3941 extrudi
1429 3907 1479 3941 non
1498 3892 1587 3951 credo;
1607 3893 1702 3943 coslum
1722 3907 1754 3943 ea

395 3966 469 4015 elicit.
505 3963 642 4015 Ventorum
660 3980 756 4030 quoqne
780 3966 854 4016 fletus
873 3965 961 4014 diversi
983 3966 1066 4016 irritas
1084 3979 1160 4028 saepe
1183 3964 1288 4014 reddunt
1313 3970 1459 4026 aspectuum
1478 3965 1642 4027 operationes.
1679 3963 1753 4019 Vide,

394 4050 425 4085 ne
444 4048 533 4085 norum
553 4036 724 4086 consumendo
743 4037 944 4101 meteorologiaur
968 4037 1037 4086 coelo
1056 4038 1170 4098 injuriam
1189 4036 1283 4091 facias,
1302 4049 1346 4098 pro
1365 4034 1472 4098 planctis
1490 4035 1594 4085 induens
1611 4034 1753 4100 Neptunum

394 4114 421 4156 st
439 4106 502 4156 slios
520 4105 597 4155 Deos.

482 4194 686 4273 Keplerus:
711 4194 943 4257 Absurditatem
957 4196 1099 4276 Neptuno
1122 4214 1189 4257 mec
1213 4193 1377 4274 inocryarp
1391 4194 1534 4275 imputas,
1558 4215 1654 4258 causa
1671 4198 1754 4258 nulla

395 4283 510 4353 allata;
535 4282 685 4345 tacuisses
700 4283 805 4345 ecdem
820 4284 950 4346 foenore.
989 4284 1085 4365 Igitur
1107 4284 1201 4345 verba
1215 4291 1269 4344 tna
1283 4285 1444 4363 usurpabo,
1470 4286 1625 4347 sententia
1643 4304 1751 4348 versa:

364 4448 370 4456 ¹
394 4370 510 4433 coelum
534 4372 654 4452 quidem
677 4372 815 4435 stimulat
836 4374 969 4447 Terram,
995 4374 1049 4434 scd
1073 4394 1092 4435 a
1115 4372 1261 4452 singulari
1285 4373 1414 4453 quadam
1440 4372 1552 4437 virtute
1576 4375 1652 4437 coeli
1675 4375 1754 4437 citra

394 4460 523 4521 Telluris
547 4478 671 4539 operam
693 4479 821 4542 vapores
846 4482 882 4523 ex
907 4462 1002 4523 Terra
1024 4461 1093 4524 elici
1116 4480 1174 4522 nou
1199 4461 1305 4535 credc;
1330 4462 1425 4523 Terra
1448 4481 1501 4524 eos
1526 4464 1672 4526 extrudit.

483 4548 530 4610 De
561 4559 719 4612 ventomm
747 4550 872 4632 imperio
900 4551 929 4611 in
957 4556 1160 4629 tempestates
1189 4551 1286 4612 sentio
1315 4558 1425 4614 tecum.
1472 4553 1518 4614 At
1540 4552 1697 4615 circuitum
1721 4562 1753 4614 et

394 4636 477 4698 vices
492 4655 594 4700 eorum
618 4658 722 4700 ornnes
745 4639 939 4719 inquirendas
962 4639 1165 4718 relinquamus
1188 4639 1302 4701 uostris
1324 4640 1467 4720 posteris.
1514 4641 1618 4703 Pauca
1641 4642 1752 4704 sciram

396 4725 433 4787 dc
457 4725 679 4788 universalibus
703 4748 740 4788 ex
765 4726 1005 4792 CostaJesuita.

465 4832 647 4883 Fabricius:
677 4832 823 4894 Quaeritur,
851 4848 883 4883 su
902 4834 985 4884 lumen
1003 4832 1042 4882 rel
1067 4833 1135 4884 cslcr
1154 4833 1217 4883 Solis
1243 4838 1270 4883 et
1287 4832 1414 4882 stellarum
1440 4835 1473 4883 sit
1498 4834 1752 4885 rememoravimus

393 4903 458 4953 illins
477 4902 575 4954 uadis
592 4903 631 4954 rel
649 4905 795 4955 influentias
814 4905 988 4971 astrologicae.
1026 4902 1229 4963 Santonorum,
1248 4904 1289 4970 qnl
1308 4911 1412 4969 uqsue
1431 4914 1530 4969 prutsr
1542 4906 1605 4957 lnclr
1623 4912 1650 4957 et
1663 4906 1753 4957 eslans
