3872 5836
387 261 453 396 dld
956 329 1057 382 Htw
1075 329 1178 394 Ropisa

388 492 416 552 in
442 503 489 564 ea,
519 496 589 549 eta
612 498 659 553 ὲ
683 487 712 548 10
731 492 766 563 ᾗ
789 488 936 567 oppositis
965 488 1130 551 rationibus
1160 490 1296 551 defectus
1323 491 1371 552 vel
1394 507 1538 552 excessus
1560 506 1739 568 compensa-

387 588 445 653 tur,
469 587 504 639 ut
526 577 571 638 ita
593 587 758 639 evanescat
780 576 932 638 anomalia
953 577 983 638 in
1007 582 1055 653 ᾗ,
1071 592 1128 653 e),
1154 578 1184 639 10
1207 577 1252 654 Υ,
1277 589 1325 644 2
1348 578 1392 640 sit
1413 578 1553 640 maxima.

478 662 635 737 Quomodo
663 683 735 727 vero
762 665 838 727 baec
862 665 1038 746 hypothesis
1062 685 1129 727 cum
1152 664 1318 746 Oopernico
1344 667 1528 740 concilietur,
1558 682 1618 727 nou
1645 667 1741 728 solum

387 755 529 818 brevibus
552 754 653 818 verbis
677 753 820 833 explicari
843 755 948 834 nequit
962 755 1056 835 (quod
1080 755 1108 816 in
1133 773 1199 817 meo
1227 756 1420 835 prognostico
1444 755 1537 829 dixi),
1568 754 1622 817 sed
1645 773 1741 835 neque

387 845 471 907 brevi
493 854 640 923 tempore.
688 841 819 922 Oportet
841 843 919 905 euim
942 843 1043 905 omnia
1065 845 1157 923 probe
1181 854 1331 907 excutere.
1377 845 1457 908 Nam
1473 863 1569 924 neque
1584 844 1649 923 ipse
1672 844 1741 905 dnm

387 933 460 996 mihi
483 932 650 994 satisfacio.
696 932 802 994 Dicam
828 941 928 994 autem
952 933 1166 1011 speculationis
1180 952 1265 995 meae
1290 934 1526 995 tundamentum.
1573 933 1609 994 In
1623 936 1657 1009 ᾖ
1671 951 1741 993 ver-

388 1031 474 1084 sante
499 1022 594 1083 Terra
617 1020 736 1082 videtur
759 1018 799 1098 Θ
824 1021 853 1083 10
879 1035 927 1095 m,
957 1030 1062 1101 estque
1081 1022 1122 1084 ibi
1147 1022 1210 1102 ejus
1234 1040 1418 1102 apogaeum,
1442 1023 1471 1084 in
1495 1020 1635 1102 opposito
1657 1020 1741 1100 peri-

387 1130 506 1192 gaenm.
553 1107 629 1171 (lum
653 1125 724 1185 ergo
748 1110 911 1171 secuudum
935 1108 1133 1190 Copemicnm
1156 1119 1254 1173 motus
1278 1111 1376 1177 omnis
1398 1121 1432 1173 et
1450 1111 1546 1173 virtus
1561 1109 1659 1171 omnis
1673 1128 1741 1171 mo-

301 1275 308 1282 ,
387 1201 468 1262 toria
491 1218 529 1261 eu
552 1196 624 1260 Sole
648 1216 702 1258 ceu
727 1206 831 1260 centro
855 1199 920 1260 sive
943 1197 1033 1261 coide
1068 1200 1098 1261 in
1121 1200 1351 1280 circumpositos
1374 1200 1463 1262 orbes
1486 1200 1660 1279 ingeratur,
1692 1198 1740 1260 di-

388 1289 503 1351 mensis
536 1288 576 1349 ad
607 1286 863 1368 propinquitatem
903 1288 1047 1362 modulis,
1091 1289 1206 1351 ambiat
1243 1308 1315 1351 vero
1348 1289 1473 1351 Terram
1511 1287 1593 1349 orbis
1626 1289 1742 1350 Lunam

387 1377 516 1439 vehens:
540 1395 612 1456 ergo
637 1376 662 1436 is
686 1396 834 1438 unacum
859 1377 954 1438 Terra
976 1377 1072 1440 hieme
1095 1397 1187 1460 prope
1202 1377 1305 1440 Solem
1329 1378 1456 1452 accedit,
1482 1385 1515 1438 et
1537 1377 1741 1438 insertionem

387 1466 530 1528 virtutem
558 1464 717 1526 motorium
748 1465 927 1544 ingreditur,
962 1474 1080 1528 aestate
1111 1467 1141 1528 in
1165 1466 1402 1540 imbecilliorem,
1436 1485 1502 1528 cum
1536 1465 1651 1528 aSole
1675 1466 1741 1526 lon·

388 1555 512 1636 gissime
536 1554 676 1616 discedit.
722 1553 780 1615 Hic
798 1555 863 1634 jam
886 1555 1026 1635 fingenda
1049 1563 1098 1617 est
1121 1556 1267 1636 quaedam
1287 1556 1431 1617 virtutum
1449 1554 1646 1617 motoriarum
1668 1573 1742 1616 con-

388 1644 543 1719 trarietas,
576 1644 696 1723 qualem
718 1642 903 1705 Aristoteles
942 1644 1068 1724 primum
1098 1644 1206 1707 mobile
1244 1643 1323 1707 iuter
1354 1651 1387 1706 et
1424 1643 1556 1706 secunda
1587 1643 1740 1704 confinxit.

387 1735 468 1796 llam
492 1733 580 1794 Luna
601 1732 723 1813 propria
745 1732 857 1794 virtute
881 1733 1013 1809 vehitur,
1047 1752 1105 1796 nou
1139 1743 1173 1794 ut
1196 1752 1251 1795 sea
1273 1732 1379 1806 ceteri,
1411 1732 1524 1793 virtute
1548 1729 1630 1793 Solis
1659 1750 1741 1793 com·

388 1821 478 1884 muni.
525 1821 605 1883 Nam
629 1820 660 1880 bi
674 1819 777 1883 Solem
801 1821 1078 1898 circumambulaut,
1102 1824 1189 1884 Luna
1204 1823 1338 1896 Terram,
1363 1840 1429 1883 cnm
1454 1821 1493 1882 ad
1514 1819 1620 1881 Solem
1634 1819 1743 1893 tendit,

388 1912 468 1974 viam
491 1909 600 1972 ceteris
623 1910 713 1988 plane
737 1910 919 1972 contrariam
942 1911 1071 1973 conticit.
1119 1909 1221 1982 Quare
1243 1910 1398 1990 probabile
1414 1918 1472 1981 est,
1496 1908 1633 1987 impediri
1657 1908 1741 1971 illam

389 1996 668 2078 00101010801001,
693 1998 791 2077 magis
816 1998 977 2071 alortiori,
1000 1999 1098 2060 minus
1121 2001 1160 2061 ab
1174 1998 1371 2061 imbecilliori.
1418 1996 1524 2060 Hieme
1549 1997 1650 2077 igitur,
1675 2014 1741 2059 cum

387 2087 556 2167 propinqua
579 2083 645 2147 Soli
669 2094 727 2160 est,
750 2087 876 2148 multum
899 2087 1068 2166 impeditur,
1093 2096 1124 2150 01
1146 2089 1182 2150 111
1195 2088 1294 2161 tarda,
1319 2095 1437 2149 aestate
1454 2085 1574 2149 liberior
1588 2086 1618 2147 in
1633 2086 1742 2165 majori

389 2175 488 2258 spatio
517 2174 644 2236 celerior
674 2174 786 2235 evadit.
833 2171 980 2255 Quodque
1010 2177 1050 2238 de
1079 2178 1135 2239 bac
1164 2177 1317 2239 anomalia
1345 2176 1428 2247 dico,
1460 2174 1626 2255 quaejam
1654 2174 1741 2237 modo

389 2283 457 2327 sese
480 2263 594 2343 prodit,
625 2263 655 2323 id
678 2264 772 2325 multo
796 2263 894 2343 magis
917 2265 1009 2327 etiam
1032 2265 1195 2328 verisimile
1223 2265 1359 2328 redditur
1385 2282 1440 2344 per
1463 2265 1592 2326 alteram
1615 2281 1741 2327 000100-

389 2353 474 2427 liam,
504 2370 593 2431 quam
622 2350 715 2413 eflicit
736 2351 914 2414 Ptolemaeo
938 2354 1137 2430 ecceutuicus,
1167 2352 1335 2433 Copemico
1364 2353 1527 2416 secundum
1554 2352 1739 2432 epicyclium.

391 2441 453 2504 Cur
475 2441 554 2502 euim
579 2440 655 2501 adeo
680 2440 786 2502 stricte
810 2439 913 2504 Solem
938 2442 992 2505 illa
1015 2444 1201 2518 observaret,
1226 2442 1283 2505 nisi
1307 2441 1361 2504 Sol
1385 2442 1450 2523 ipse
1474 2442 1565 2521 illam,
1582 2440 1740 2503 efficeret?

390 2532 432 2592 Et
455 2528 591 2612 quamvis
614 2529 750 2609 pluribus
778 2530 879 2593 verbis
908 2531 1115 2595 demonstrare
1143 2551 1278 2612 possem,
1307 2531 1462 2611 utriusque
1492 2530 1597 2592 barum
1626 2528 1741 2605 amaa·

386 2623 458 2702 1100
481 2618 607 2680 eandem
631 2618 736 2680 eodem
760 2619 849 2680 modo
873 2637 995 2682 cansam
1018 2640 1098 2695 esse,
1120 2630 1223 2684 tamen
1248 2620 1327 2700 quia,
1353 2630 1385 2682 ut
1409 2619 1481 2690 dini,
1506 2638 1561 2681 nec
1583 2617 1649 2697 ipss
1673 2618 1740 2698 qui·

391 2709 458 2770 dem
481 2707 602 2786 penitus
625 2707 799 2787 acquiesco:
824 2726 882 2769 nou
906 2728 981 2789 opus
1005 2729 1073 2772 esse
1097 2728 1206 2783 censeo
1229 2708 1365 2788 pluribus
1392 2726 1492 2788 agere.
1540 2705 1616 2770 Onm
1639 2708 1740 2786 itaque

388 2798 445 2859 boc
467 2796 627 2877 praecipue
652 2796 803 2860 videretur
828 2797 999 2873 absurdum,
1024 2799 1134 2870 dicere,
1159 2798 1239 2879 quod
1261 2805 1360 2859 motus
1383 2798 1488 2859 Lunae
1512 2817 1531 2857 a
1553 2795 1666 2858 virtute
1680 2794 1739 2857 So·

388 2887 427 2948 lis
450 2884 640 2967 impediatur,
665 2903 732 2947 cum
751 2886 891 2948 videatur
913 2888 1016 2966 potius
1035 2888 1137 2968 juvari
1160 2896 1192 2949 et
1215 2885 1384 2967 promoveri
1402 2885 1529 2972 debere&
1545 2885 1738 2965 quodcunque

389 2975 512 3038 tandem
536 2983 670 3036 centrum
693 2975 821 3037 babeat:
846 2976 931 3055 coepi
955 2977 1046 3040 etiam
1071 2978 1107 3039 de
1131 2976 1194 3039 alia
1216 2995 1310 3037 causa
1332 2974 1484 3053 cogitare:
1514 2992 1620 3054 nempe
1642 2983 1740 3037 utrum

389 3065 456 3146 ipsa
478 3083 619 3126 mensura
642 3073 772 3125 motuum
795 3066 1006 3140 secundorum,
1045 3067 1101 3131 boc
1125 3073 1187 3137 001,
1212 3074 1310 3125 motus
1333 3062 1399 3142 ipse
1421 3062 1510 3143 primi
1533 3061 1653 3125 mobilis
1673 3063 1740 3136 (seu

388 3156 418 3216 in
448 3150 615 3233 Copernico
642 3151 725 3230 globi
759 3152 926 3214 Terrestris
958 3155 1081 3216 diurnus
1114 3155 1228 3227 motus)
1252 3153 1281 3214 iu
1313 3172 1406 3214 causa
1435 3151 1486 3212 sit.
1533 3151 1567 3213 Id
1602 3151 1647 3213 ita
1678 3149 1740 3212 lieri

389 3249 504 3321 potest,
540 3241 566 3302 si
594 3258 709 3301 rursum
742 3248 776 3302 ut
803 3249 895 3302 autea
927 3252 1055 3321 quatuor
1086 3243 1167 3304 horis
1197 3240 1403 3322 (aequalibus)
1428 3239 1559 3318 spatium
1592 3240 1740 3305 aestivum

391 3334 500 3402 (antea
529 3335 597 3390 erat
633 3329 745 3390 mensis
783 3329 940 3403 hibernus)
969 3331 1093 3393 hiberno
1121 3330 1238 3410 longius
1271 3339 1304 3392 et
1329 3329 1446 3393 tardius
1477 3329 1527 3391 011.
1574 3328 1631 3391 Η10
1646 3329 1742 3391 -euim

388 3418 496 3499 globus
520 3418 631 3479 Terrae
650 3427 784 3479 remotus
808 3437 827 3478 a
850 3416 922 3479 Sole
946 3419 976 3481 in
1000 3437 1135 3501 apogaeo
1160 3420 1245 3481 tarde
1268 3420 1449 3487 volveretur,
1473 3417 1559 3498 quasi
1578 3438 1597 3479 a
1615 3416 1741 3479 tenuiori

388 3509 509 3581 virtute,
534 3507 623 3586 plane
648 3513 682 3567 ut
703 3505 732 3567 iu
757 3524 823 3567 meo
847 3508 989 3587 opusculo
1013 3518 1076 3570 tres
1101 3508 1269 3589 superiores
1292 3508 1322 3569 in
1339 3507 1401 3571 suis
1425 3506 1587 3588 epicycliis,
1613 3505 1642 3567 iu
1658 3505 1739 3587 peri-

387 3613 465 3677 gaeo
489 3604 522 3658 et
545 3595 657 3657 virtute
683 3594 800 3658 fortiori
824 3596 950 3659 celerius
974 3598 1136 3661 incederet.
1183 3597 1250 3659 Hoc
1273 3597 1362 3673 ruodo
1386 3609 1452 3662 aen
1476 3595 1516 3656 ad
1539 3605 1586 3660 ὲ
1610 3595 1674 3657 dies
1690 3591 1740 3659 '90

388 3684 517 3761 circiter,
543 3684 693 3747 tardiores
715 3684 884 3765 nonaginta
905 3687 1096 3767 aequalibus,
1120 3686 1241 3750 circiter
1263 3683 1284 3746 2
1307 3685 1448 3747 horarum
1472 3685 1574 3764 spatio
1595 3683 1739 3747 metiren-

387 3787 436 3838 tur
458 3776 607 3855 majorem
629 3774 734 3836 Lunae
758 3784 881 3847 motum,
904 3794 992 3855 quam
1016 3776 1123 3858 reliqui
1148 3796 1167 3837 a
1190 3786 1237 3841 ὲ
1261 3775 1301 3836 ad
1324 3779 1358 3851 ᾖ
1381 3774 1501 3835 veloces
1525 3773 1659 3853 ejusdem
1683 3791 1740 3834 uu·

387 3864 470 3927 meri.
519 3863 630 3926 Cetera
654 3862 791 3926 similiter
814 3864 1030 3944 intelligantur.
1077 3866 1155 3928 Utra
1178 3864 1255 3926 ratio
1275 3863 1406 3925 valitura
1419 3862 1469 3932 sit,
1493 3861 1598 3944 etqui
1621 3862 1741 3941 placeat

387 3963 527 4033 utraque,
561 3952 599 4013 ab
620 3951 681 4013 Er.
706 3952 740 4012 T.
768 3952 913 4031 judicium
944 3963 1098 4034 exspecto.
1145 3955 1257 4015 Fateor
1280 3951 1426 4036 quidem,
1447 3950 1473 4012 si
1505 3970 1575 4013 vere
1609 3950 1741 4012 variaret

388 4060 529 4103 mensura
551 4048 665 4114 motus,
694 4058 782 4120 quam
806 4060 909 4102 omues
933 4043 1177 4122 aequalissimam
1200 4049 1314 4122 ponunt
1336 4049 1369 4101 et
1390 4039 1561 4120 philosophi
1584 4048 1616 4101 et
1639 4048 1739 4100 00100-

389 4130 484 4204 norui,
509 4148 546 4190 ex
570 4145 605 4189 00
629 4147 688 4189 000
712 4130 816 4189 Lunae
841 4131 950 4192 saltem
974 4131 1028 4192 sed
1052 4140 1219 4193 oeteromm
1241 4128 1546 4209 etiam'plauetarum
1568 4136 1669 4190 motus
1691 4127 1740 4205 in-

388 4218 531 4298 aequales
556 4216 755 4297 appariturus.
805 4216 866 4279 Sed
886 4218 914 4280 iu
938 4219 1026 4282 Luna
1049 4219 1164 4282 duabus
1187 4218 1269 4280 horis
1292 4237 1367 4279 unus
1391 4217 1503 4298 gradus
1522 4217 1686 4291 conficitur,
1710 4217 1740 4278 iu

388 4305 459 4369 Sole
484 4304 504 4366 5
528 4306 683 4385 scrupula,
716 4326 793 4386 quae
822 4327 841 4367 a
863 4307 1009 4389 principio
1032 4309 1149 4371 Arietis
1177 4314 1334 4369 numerata
1361 4305 1594 4369 declinationem
1622 4304 1742 4387 pariunt
1795 4352 1802 4361 .

349 4475 353 4481 ι
388 4414 446 4456 000
469 4391 653 4475 majorem2
677 4394 839 4475 scrupulis,
874 4397 998 4475 etquid
1022 4406 1099 4470 tum,
1135 4395 1160 4458 01
1184 4395 1317 4457 dicamus
1339 4395 1371 4458 iu
1395 4394 1609 4457 constitutione
1635 4394 1740 4477 aequi-

388 4477 554 4546 noctiorum
584 4483 623 4545 ab
655 4483 900 4547 observatoribus
932 4492 1062 4547 erratum
1095 4504 1162 4547 esse
1190 4485 1337 4547 hacteuus
1370 4484 1409 4546 ad
1441 4481 1575 4545 2110000
1608 4492 1640 4546 01
1672 4502 1738 4545 0000

391 4569 433 4635 10
456 4572 605 4653 scrupulis
637 4573 780 4653 majorem
799 4573 1019 4636 semicirculum
1043 4574 1205 4649 aestivum,
1240 4592 1329 4653 quam
1356 4579 1481 4654 putatus
1504 4571 1546 4634 sit
1573 4572 1741 4635 hactenus?
1766 4584 1775 4597 ·

387 4663 472 4724 Haeo
496 4662 573 4724 euim
598 4668 686 4724 tauta
708 4679 766 4723 uon
790 4669 873 4737 sunt,
904 4670 938 4724 ut
964 4663 1003 4724 ab
1027 4663 1292 4727 instrumentorum
1315 4662 1487 4725 subtilitate
1515 4661 1638 4741 coargui
1667 4679 1741 4740 pos-

388 4752 459 4817 0101.
506 4752 541 4814 10
566 4751 686 4814 Veuere
709 4759 741 4812 01
754 4751 902 4814 Mercurio
924 4752 1059 4833 pauxillo
1083 4751 1178 4834 major
1200 4752 1253 4816 liet
1273 4750 1445 4815 differentia
1467 4747 1487 4815 5
1506 4750 1663 4831 scrupulis,
1688 4748 1744 4813 sed
