3788 5828
733 412 818 478 omer
836 410 903 465 m·
1439 412 1502 483 151

136 573 282 636 atriensis
299 573 410 655 aliquis
425 573 507 636 circa
521 574 635 647 berum,
660 580 715 633 ant
728 572 821 634 ueluti
836 572 930 653 quiin
955 572 1026 634 navi
1048 573 1254 649 obambulant,
1278 592 1374 655 neque
1398 582 1501 639 tamen

136 682 207 725 sese
231 662 390 741 fatigando
413 662 574 742 proficiunt
595 663 625 723 in
650 661 769 735 itinere,
800 660 857 722 nisi
881 679 992 741 magna
1014 661 1061 722 vis
1086 680 1230 743 aquarum
1253 665 1385 725 incertos
1409 684 1502 744 qnor-

136 770 203 813 snm
227 760 300 813 eant
323 758 356 813 et
377 750 428 811 vel
453 751 572 831 quietos
594 756 782 830 promoveat.
821 749 923 829 Atque
946 759 981 811 ut
1003 751 1133 829 spatium
1157 750 1243 813 Luna
1266 771 1305 813 ex
1327 752 1399 814 orbe
1424 754 1502 815 Ter-

135 854 210 901 reno
233 847 407 920 motumque
431 838 544 900 sortita
566 846 624 912 est,
649 838 692 899 sio
707 846 739 899 et
754 838 865 899 multas
881 837 1069 901 conditiones
1084 836 1165 917 globi
1180 840 1304 902 Terreni
1320 840 1501 920 adeptam,⁰)

135 936 211 1009 puta
238 927 444 1002 continentes,
472 926 582 1001 maria,
612 934 745 1000 montes,
775 922 891 1001 aerem,
923 927 972 988 vel
1001 927 1049 989 his
1080 927 1182 1006 aliqua
1211 947 1384 1008 quocunque
1413 930 1501 991 modo

137 1015 418 1096 correspondentia,
442 1015 545 1078 multis
564 1013 747 1094 conjecturis
761 1015 941 1079 Maestlinns
955 1015 1075 1096 probat,
1100 1034 1156 1077 nec
1179 1014 1278 1077 nullas
1303 1035 1359 1097 ego
1383 1017 1479 1079 habeo
1491 1038 1501 1092 3

136 1113 172 1167 ut
194 1104 245 1167 vel
269 1103 309 1166 ob
332 1104 390 1165 boc
412 1104 511 1166 solum
533 1102 724 1166 verisimilior
746 1102 788 1165 sit
812 1100 1012 1184 Comminus,
1038 1102 1087 1184 qui
1111 1105 1238 1167 eandem
1261 1104 1319 1167 loci
1342 1118 1501 1188 motusque

136 1192 376 1255 communionem
399 1192 516 1255 duobus
539 1192 621 1253 hinne
642 1191 818 1270 corporibus
837 1191 975 1271 largitur.
1007 1194 1056 1254 Ac
1075 1200 1157 1254 certe
1172 1195 1386 1274 φιλαιθριιιιοι
1401 1193 1500 1258 Crea-

14 1356 17 1359 Α
136 1290 188 1343 ιιι
215 1280 320 1343 ultimo
351 1280 514 1343 vestivisse
542 1280 662 1343 videtur
685 1279 836 1342 Tellurem
863 1280 921 1343 boc
947 1280 1020 1343 orbe
1043 1279 1177 1343 Lunari:
1211 1282 1282 1363 quia
1312 1283 1442 1347 similem
1472 1283 1501 1345 ei

136 1369 228 1431 situm
247 1370 414 1431 attribuere
431 1368 528 1432 voluit
546 1367 618 1430 situi
632 1367 728 1431 Solis:
754 1377 788 1429 nt
811 1369 837 1431 si
860 1375 893 1430 et
913 1368 983 1449 ipsa
1006 1368 1087 1431 orbis
1111 1368 1237 1448 alicujus
1261 1380 1396 1434 centrum
1418 1382 1502 1434 esset

136 1460 185 1529 (nt
207 1456 261 1520 Sol
285 1466 335 1520 est
357 1465 494 1531 centrum
517 1458 663 1530 omnium)
686 1457 783 1519 instar
806 1456 889 1519 Solis
912 1456 1069 1536 cujusdam
1092 1457 1195 1519 haberi
1219 1470 1335 1537 posset,
1359 1461 1397 1521 ob
1422 1462 1501 1541 quod

135 1548 205 1627 ipsa
227 1547 324 1608 totins
347 1546 480 1607 universi
504 1563 659 1606 commune
682 1555 818 1606 centrum
843 1544 1039 1606 communiter
1061 1545 1148 1625 qnasi
1172 1545 1277 1607 habita
1300 1548 1366 1610 init.

224 1634 284 1696 Est
307 1635 446 1706 omnino,
476 1644 510 1694 ut
538 1635 634 1694 denuo
664 1633 764 1693 ludam
793 1634 957 1712 allegoria,
987 1633 1075 1695 homo
1103 1633 1223 1713 quidam
1249 1635 1334 1714 qnasi
1360 1635 1444 1696 Deua
1468 1635 1497 1696 in

138 1724 257 1798 mondo,
281 1731 315 1785 et
337 1723 404 1801 ejus
427 1722 609 1785 domicilium
633 1721 756 1794 Tellus;
780 1719 939 1794 sicutDei,
965 1721 990 1782 si
1015 1720 1106 1783 ullum
1130 1740 1313 1802 corporeum,
1339 1733 1420 1785 certe
1444 1722 1498 1784 Sol

137 1810 190 1874 illa
212 1811 265 1874 lux
286 1811 455 1873 inaccessa.
501 1810 545 1873 Ut
567 1808 660 1889 igitur
683 1809 771 1870 homo
795 1809 870 1885 Deo,
895 1810 938 1871 sio
962 1808 1065 1871 Tellus
1089 1807 1154 1871 Soli
1177 1808 1360 1889 respondere
1385 1811 1498 1872 debuit.

137 1898 326 1979 Argumento
359 1908 408 1960 est
440 1899 527 1979 hujus
559 1898 603 1960 rei
634 1897 740 1958 eadem
775 1897 837 1958 iere
870 1898 1023 1980 proportio
1056 1897 1138 1978 globi
1166 1898 1297 1961 Telluris
1329 1902 1368 1962 ad
1398 1899 1501 1961 orbem

136 1988 252 2062 Lunae,
277 2007 353 2068 quae
377 1987 459 2067 globi
484 1986 603 2049 Solaria
626 1986 665 2047 ad
689 1986 818 2048 mediam
841 1980 983 2048 Mercurii
1008 1986 1227 2066 digressionem
1251 2008 1271 2049 a
1293 1986 1420 2062 Sulci)

224 2077 330 2158 Neque
354 2094 426 2138 vero
450 2075 642 2138 metuendum
666 2083 723 2149 est,
748 2093 785 2134 ne
800 2074 937 2137 Lunares
961 2076 1049 2136 nrbes
1073 2097 1093 2137 a
1117 2074 1224 2137 vicinis
1247 2082 1409 2156 corporum
1427 2094 1500 2157 pro-

135 2165 324 2246 portionibus
347 2165 511 2243 compressi
536 2163 702 2238 elidantur,
733 2163 762 2224 si
789 2182 847 2224 non
876 2164 940 2225 sint
966 2164 996 2225 in
1024 2165 1097 2225 orbe
1121 2163 1187 2243 ipso
1216 2164 1385 2227 absconditi
1409 2174 1500 2246 atque

135 2254 254 2317 inclusi.
301 2254 380 2315 Nam
402 2253 566 2315 absurdum
591 2260 624 2314 et
646 2261 848 2313 monstrosum
871 2261 934 2325 est,
963 2270 1092 2332 eorpora
1120 2251 1195 2315 baec
1218 2253 1348 2315 mateda
1371 2253 1501 2334 quadam

135 2341 268 2416 vestim
293 2361 371 2423 qrsae
394 2342 493 2403 alisna
517 2336 638 2420 corpori
659 2338 821 2402 transitum
843 2358 902 2401 non
925 2340 1111 2419 praebeant,
1141 2339 1170 2402 in
1199 2341 1317 2404 coelum
1339 2342 1499 2405 collocare.

135 2428 230 2492 Certe
252 2430 340 2492 multi
364 2447 421 2490 non
445 2439 586 2491 verentur
610 2427 764 2504 dubitare,
795 2446 833 2489 an
858 2428 978 2489 omnino
1003 2429 1117 2490 sintin
1142 2430 1227 2491 coelo
1249 2431 1399 2509 ejusmodi
1422 2431 1501 2492 ada-

135 2519 262 2580 mantini
286 2518 395 2592 orbes;
424 2536 462 2578 an
486 2517 589 2578 divina
612 2517 743 2597 quadam
766 2516 894 2591 virtute,
919 2517 1096 2579 moderante
1119 2532 1224 2579 onnus
1249 2517 1404 2581 intellectu
1427 2537 1500 2599 pro-

135 2608 307 2686 portionum
335 2605 603 2685 geometricarmn,
634 2605 743 2667 stellae
772 2619 828 2683 per
855 2622 978 2689 campos
1008 2612 1039 2668 et
1062 2617 1166 2667 auram
1190 2607 1365 2669 aetheream
1387 2606 1500 2669 liberae

135 2695 204 2757 istis
228 2696 344 2756 orbium
369 2694 563 2774 compedibus
588 2697 883 2772 transportentur.·)
930 2694 1053 2755 Nullum
1081 2693 1219 2774 equidem
1246 2695 1363 2774 pondus
1393 2695 1501 2757 dubins

135 2791 168 2845 et
191 2783 361 2845 titubantes
385 2782 493 2843 motori
517 2801 642 2861 gressus
667 2780 786 2855 efficiet,
813 2800 871 2861 quo
895 2782 1057 2862 aliquando
1082 2801 1101 2842 a
1123 2781 1236 2843 circulo
1259 2802 1313 2845 auo
1337 2781 1499 2845 exorbitet.

134 2872 259 2935 Nullum
283 2871 363 2934 enirn
385 2880 542 2951 puuctum,
573 2869 687 2931 nullum
715 2877 850 2930 centmm
878 2887 971 2949 grave
995 2866 1090 2941 est¹)
1137 2869 1283 2933 Centrum
1306 2890 1378 2933 vero
1401 2871 1503 2933 omnia

136 2961 271 3040 ejusdem
300 2980 368 3021 cum
395 2977 519 3038 corpore
548 2965 675 3019 naturae
704 2963 877 3037 sequuntur.
923 2957 989 3020 Nec
1012 2958 1129 3036 pondus
1151 2976 1191 3019 ex
1214 2976 1250 3019 eo
1274 2959 1404 3039 acquirit
1426 2978 1499 3020 oen-

135 3058 234 3124 trum,
267 3049 349 3129 quod
375 3056 481 3109 cetera
509 3047 549 3109 ad
572 3065 606 3108 se
630 3045 727 3107 allicit
750 3053 802 3107 aut
826 3044 865 3107 ab
892 3045 954 3107 illis
982 3045 1155 3126 appetitur:
1188 3064 1247 3108 non
1277 3046 1376 3128 magis
1407 3055 1501 3128 atque

134 3155 280 3218 magnes,
308 3138 381 3199 durn
408 3144 479 3197 netu
502 3136 614 3197 ierrurn
643 3133 755 3209 trabit,
787 3134 983 3214 ingravescit.
998 3139 1027 3209 ¹)
1072 3134 1133 3196 Vel
1156 3134 1232 3197 baec
1255 3135 1378 3208 Tellus,
1410 3154 1502 3216 qnam

134 3226 255 3291 omniuo
277 3242 345 3288 enm
369 3222 537 3304 Gopcrnico
561 3222 630 3286 rabi
654 3222 825 3298 statuimus,
850 3223 958 3303 quibus
980 3222 1133 3299 vectibus,
1158 3223 1266 3303 quibos
1289 3224 1416 3296 catonis,
1439 3240 1499 3304 qno

136 3315 300 3376 adamante
324 3313 451 3376 coelesti
474 3312 504 3374 ln
529 3312 631 3373 orbem
655 3326 740 3373 sunm
762 3312 878 3374 inserta
901 3312 972 3373 est?
1002 3309 1050 3373 Eo
1073 3328 1179 3392 nempe
1198 3328 1287 3391 quern
1309 3330 1414 3374 omnes
1437 3312 1500 3373 eir-

135 3404 284 3466 cumcirca
307 3402 336 3464 ln
361 3401 518 3481 superficie
541 3400 671 3462 Telluris
695 3401 830 3462 homines
858 3400 1010 3462 bandinus
1040 3399 1269 3474 (fermentatum
1296 3409 1329 3463 et
1351 3401 1499 3465 commix-

135 3501 199 3554 tum
222 3491 402 3572 vaporibus)
427 3492 546 3551 aerem:
571 3507 659 3569 quem
677 3507 777 3563 manu,
801 3506 889 3568 quem
907 3506 1031 3569 corpore
1049 3497 1254 3569 penetramus,
1278 3494 1373 3571 neqtle
1397 3498 1499 3552 tamen

135 3577 332 3642 discindimus
355 3587 409 3641 ant
432 3594 631 3653 removemus,
657 3595 724 3639 cum
748 3576 789 3638 sit
810 3577 973 3641 indnxunm
996 3578 1174 3641 coelestium
1197 3578 1227 3639 in
1251 3576 1351 3640 media
1373 3597 1501 3661 corpora

135 3665 355 3741 vehiculum.¹')
392 3664 458 3728 Hoc
482 3666 562 3728 enirn
585 3666 702 3727 coelum
725 3673 782 3739 est,
807 3665 836 3725 in
853 3685 910 3745 quo
925 3666 1063 3742 vivimus,
1088 3685 1243 3729 movemur
1265 3675 1297 3729 et
1320 3686 1422 3730 snmus
1445 3687 1501 3730 nos

136 3766 168 3820 et
182 3756 283 3819 omnia
296 3757 447 3819 mundana
462 3773 599 3835 corpora.
638 3752 786 3824 Quamvis
810 3754 880 3832 qnid
902 3773 979 3835 opus
1003 3764 1050 3816 tot
1072 3755 1199 3817 verbis?
1215 3756 1310 3819 'Nam
1333 3756 1393 3818 etsi
1415 3756 1500 3818 orbi-

137 3847 222 3908 culus
241 3838 347 3908 Lunae
371 3862 463 3923 supra
477 3842 607 3905 Telluris
631 3842 733 3905 orbem
757 3841 898 3916 emineat,
923 3843 992 3923 quid
1017 3852 1066 3904 est
1089 3844 1126 3906 de
1150 3844 1340 3906 dodeoaedrn
1362 3845 1412 3907 vel
1435 3844 1501 3906 ieo-

136 3934 264 4008 saedro‚
298 3933 379 4014 quod
410 3933 494 3995 illurn
526 3931 659 3993 traunitu
693 3929 877 4010 prohibeat?
923 3931 1040 3993 Vidisti
1068 3950 1161 4011 supra
1186 3950 1255 4012 cap.
1283 3932 1317 3994 11
1353 3951 1411 4013 quo
1436 3933 1500 3995 loco

136 4022 254 4085 zodiaci
276 4023 401 4102 planum
424 4021 500 4082 baec
524 4019 582 4081 duo
606 4034 733 4100 corpora
756 4027 851 4092 secat,
876 4019 988 4081 nullum
1012 4019 1164 4098 agotum,
1187 4020 1301 4083 nullutn
1319 4021 1409 4083 boici
1427 4038 1501 4083 oeu-

135 4120 216 4173 trum
239 4124 416 4184 occanere,
448 4109 501 4171 sed
526 4107 658 4169 existere
681 4126 720 4169 ex
743 4106 879 4169 sectione
902 4107 1100 4186 decangnlum
1128 4109 1284 4189 utrinqne,
1316 4110 1400 4190 cnjus
1424 4129 1501 4189 qnae

135 4216 173 4261 ex
196 4206 302 4261 centro
330 4199 370 4259 ad
402 4198 482 4260 latus
512 4195 771 4276 perpendicularis
800 4195 900 4268 saon,
935 4196 1022 4299 longe
1053 4197 1149 4275 major
1175 4205 1224 4258 est
1251 4198 1281 4258 in
1310 4197 1500 4261 doneeaedro

136 4288 221 4349 radio
244 4286 394 4367 inscripti,
419 4285 507 4364 longe
530 4284 681 4346 brevior
672 4303 702 4344 m
725 4284 883 4345 icosaedro
902 4282 986 4346 radio
1005 4283 1230 4366 circumscripti,
1256 4291 1288 4347 et
1310 4285 1386 4347 adeo
1410 4287 1502 4365 longa

136 4376 266 4459 quidem,
291 4385 327 4437 nt
350 4393 408 4435 non
433 4373 579 4435 coelnlnnr
599 4372 672 4434 illud
687 4373 792 4433 Lunae
810 4380 938 4446 tantum,
963 4372 1016 4434 sed
1041 4372 1130 4453 longe
1153 4375 1249 4453 majus
1274 4373 1386 4455 aliquid
1410 4394 1502 4456 supra
1555 4436 1585 4449 ,,

136 4465 240 4527 orbem
261 4471 388 4526 exstans
411 4482 466 4543 per
484 4460 615 4523 mediam
629 4459 754 4522 illam
725 4479 806 4522 vram
824 4461 961 4541 interque
980 4461 1033 4523 illa
1051 4461 1219 4543 decangula
1238 4463 1366 4525 transire
1384 4468 1501 4543 posset.

136 4548 200 4616 Sed
222 4553 300 4616 baec
324 4553 426 4614 omnia
449 4549 585 4632 quamvis
609 4568 663 4610 suo
692 4550 757 4610 loco
781 4548 1001 4631 relinquantur,
1030 4549 1124 4613 nihilo
1151 4550 1240 4630 pejus
1267 4570 1301 4613 ae
1325 4569 1374 4613 res
1397 4552 1501 4616 babet.

137 4628 236 4704 Vides
251 4641 336 4703 enim
347 4659 401 4720 per
415 4636 675 4720 interpositionem
688 4637 803 4711 Lunae,
826 4647 1040 4719 praeterquam
1058 4638 1236 4714 invenere
1259 4657 1348 4719 quarn
1365 4640 1502 4720 proxime

138 4720 1151 4810 waediaiproditoepersiuusOepernioinumeroearauum.
