3814 5818
742 360 825 415 tw
843 363 959 415 ΕΜ·
1464 364 1525 432 oet

170 524 265 580 oouloe
286 530 386 594 oporto
406 522 579 594 perepioere.
611 523 640 578 in
659 524 753 579 orulte'e
780 524 932 589 muttire,
962 525 991 581 in
1010 524 1150 598 plerisque
1170 526 1282 597 penitus
1307 542 1406 582 oeeooe
1427 527 1530 582 eonor·

169 611 209 660 At
229 605 293 659 illoe
315 611 360 658 tot
379 604 533 658 eeoulornru
553 603 729 675 experienti·
749 610 853 669 tuetur,
875 622 947 677 quoe
966 606 1044 660 nullo
1064 621 1157 669 oeneu,
1179 607 1256 662 nullo
1269 607 1452 663 instrumento
1471 625 1528 663 mo·

168 684 334 747 thennim,
362 682 581 737 nullorutionie
601 685 764 739 deductione
783 701 904 756 uuquam
925 685 1048 740 convinci
1068 691 1180 755 potest?
1220 687 1370 741 Praeclare
1391 704 1472 753 eene,
1498 695 1530 743 ut

168 766 248 820 nobie
268 770 377 819 nomm
390 765 571 834 pertundens,
593 780 654 819 unm
668 780 770 819 eurora
783 764 919 829 illuxerit,
939 766 1077 820 loomim
1092 766 1198 820 ebodio
1219 784 1271 820 neo
1292 783 1413 837 unquam
1428 768 1529 838 operiri

168 845 244 899 einie.
286 848 326 897 At
345 861 401 897 nou
419 842 510 906 ridee,
541 845 637 898 eodem
658 844 810 915 negutione
830 853 859 899 te
879 845 1035 901 universum
1058 846 1253 901 astronomiam
1274 853 1418 901 everteret
1460 848 1528 911 Quid

169 926 257 998 igion
277 925 377 979 luudei
397 923 569 993 Tyohouem,
599 923 663 995 quid
691 925 829 993 prueoleri
851 926 888 979 ub
908 925 968 995 ipso
997 926 1026 978 in
1046 926 1216 979 uetronomio
1235 943 1350 996 eperore
1378 933 1475 998 poteo.
1507 928 1530 982 ei

171 1013 218 1068 ..te
237 1021 293 1058 non
313 1004 387 1057 lutet
406 1002 504 1057 toliuru
524 1003 662 1057 retionum
682 1004 884 1059 ineertitudo?“
928 1006 983 1059 Cur
996 1005 1157 1059 Ptolemaeo
1175 1008 1210 1059 de
1225 1005 1412 1069 oonoentrioie‚
1434 1025 1530 1063 eooen·

169 1084 254 1146 brieio,
275 1082 408 1153 epieyolie
429 1083 531 1145 oredie,
557 1082 672 1137 eihoeo
695 1083 900 1146 „hemmeutie
921 1085 1010 1148 oerni,
1032 1091 1083 1137 out
1103 1085 1162 1137 ullo
1183 1102 1267 1140 eeneu
1287 1087 1333 1140 vel
1353 1087 1462 1140 ratione
1483 1090 1530 1141 de·

168 1162 321 1235 prebeudi⁴⁴
344 1168 508 1233 nequeunt?
550 1163 620 1225 Quid
642 1163 748 1217 hubent
768 1164 845 1217 uliud
866 1164 1032 1228 uetrououri,
1054 1181 1108 1234 quo
1129 1164 1156 1217 in
1177 1166 1363 1236 cognitionem
1384 1166 1529 1221 distentiu-

165 1261 227 1299 rum
239 1243 356 1297 veniunt
368 1242 572 1312 ultieeiuroeque
586 1243 679 1296 eoeloe
693 1250 854 1313 perrepunt,
882 1245 934 1298 nini
948 1243 1133 1298 instrumente
1147 1249 1217 1299 eun?
1254 1245 1359 1308 Quibus
1376 1247 1399 1300 ei
1414 1254 1532 1316 possunt

169 1324 197 1379 iu
219 1323 364 1378 stella-nur
385 1320 570 1393 oognitionern
591 1329 681 1377 mutue
702 1330 731 1376 et
751 1322 805 1377 loei
825 1324 934 1388 venire.
966 1329 1083 1395 poeeunt
1103 1331 1133 1379 et
1153 1325 1182 1379 in
1202 1332 1379 1380 oometurum.
1420 1326 1480 1381 Neo
1500 1334 1529 1381 te

166 1404 212 1457 hio
232 1403 328 1457 oudiet
348 1402 499 1473 quiequenu
521 1403 593 1473 quod
613 1402 666 1456 illu
685 1419 803 1472 oorporu
822 1406 981 1461 oomtuutie
994 1405 1059 1467 eint,
1080 1411 1170 1459 metue
1185 1406 1302 1476 perfeoti
1323 1412 1353 1460 et
1372 1406 1529 1477 reguleroe,

166 1490 292 1539 oonetue
312 1487 483 1536 emenount
501 1490 532 1535 et
551 1488 692 1553 regentur
712 1481 819 1538 incerti.
861 1485 933 1540 Nem
953 1499 1007 1556 quo
1027 1500 1112 1539 eeneu
1143 1490 1235 1539 eertue
1254 1491 1378 1540 motuum
1399 1486 1478 1556 legen
1499 1486 1529 1541 in

167 1563 258 1617 etellie
277 1561 447 1632 deprehendi
467 1576 550 1630 poree
571 1561 667 1625 credie,
689 1564 784 1616 eodem
798 1564 894 1634 Tyoho
914 1567 1025 1619 eundem
1041 1563 1070 1619 in
1084 1564 1198 1619 oometie
1213 1565 1380 1634 deprehendi
1395 1565 1527 1620 affirmet.

166 1644 228 1698 nit
247 1642 379 1712 dyene,
400 1640 506 1711 peritus
528 1641 640 1704 nuder,
662 1642 709 1712 qui
729 1642 884 1712 hujumodi
899 1643 1063 1699 obeervendi
1076 1643 1287 1715 ooloulondique
1308 1645 1420 1698 loboree
1441 1644 1529 1699 totino

165 1722 258 1777 mundi
277 1721 358 1776 venie
378 1720 488 1792 goudiie
510 1720 671 1790 anteponit:
691 1730 802 1792 negot
820 1723 985 1788 medioue,
1007 1723 1051 1777 oui
1071 1723 1098 1777 in
1115 1724 1284 1779 uebouomio
1297 1723 1402 1778 veretri
1416 1724 1525 1779 minime

165 1810 262 1865 rooet,
293 1801 339 1872 qui
371 1816 429 1855 rene
457 1800 623 1854 levieeimum
651 1818 703 1854 neo
726 1802 818 1856 verbis
839 1803 952 1875 dignum
981 1821 1019 1858 ex
1039 1804 1093 1857 hoe
1123 1803 1287 1867 observondi
1312 1804 1421 1857 ratione
1451 1803 1529 1858 fueit.

166 1882 228 1939 Utri
248 1882 341 1952 potine
364 1881 527 1935 eredendum
548 1880 621 1934 eritt
662 1885 707 1934 Au
728 1881 794 1951 quie
810 1882 1057 1945 Mueetliuum,
1079 1883 1146 1953 quie
1164 1883 1331 1937 (remmom
1352 1882 1479 1937 iueoitiee
1500 1889 1531 1937 et

89 1976 94 1983 ·
165 1962 295 2018 mdioetie
317 1961 345 2015 iu
366 1962 538 2015 obeerruudo
559 1960 665 2032 ergab,
687 1961 742 2015 hoo
761 1962 904 2030 pruetorie
924 1962 1051 2018 erutione
1073 1970 1101 2016 te
1122 1963 1195 2017 inter
1208 1963 1315 2031 peritos
1329 1963 1449 2017 urtidoee
1464 1980 1527 2017 eon·

166 2042 280 2098 etiuiie?
321 2040 434 2096 Seilioet
453 2041 479 2094 id
499 2040 620 2110 populus
635 2046 722 2102 erret
744 2049 847 2096 temere
862 2042 926 2113 quid
950 2043 1070 2097 ommes
1090 2058 1128 2096 en
1145 2043 1325 2097 demonstres.
1366 2044 1529 2097 Heueerunt

166 2130 260 2181 tomen
280 2122 323 2175 illi
342 2121 474 2175 decem
495 2126 560 2190 poet
579 2136 644 2173 euoe
664 2120 776 2175 leboree
796 2122 954 2190 publioetoe
974 2140 1012 2177 ex
1033 2129 1062 2175 te
1081 2128 1265 2193 preeoeptore
1289 2121 1426 2176 rationem
1446 2137 1526 2191 eepo·

165 2202 245 2258 moi
273 2207 364 2255 notun
385 2206 509 2255 oornetee
538 2199 643 2269 proprii
670 2215 689 2253 u
707 2201 823 2273 negotio
853 2203 1053 2272 purelluxeoet
1095 2199 1267 2264 omiseras,
1299 2201 1346 2272 qui
1365 2218 1419 2255 non
1450 2201 1527 2271 priue

165 2290 244 2337 tuen
265 2281 468 2351 Copnuruniem
482 2278 608 2334 viderint.
651 2280 729 2342 Quod
743 2280 869 2336 uinitori
881 2282 1050 2337 oonddenter
1063 2288 1093 2335 te
1107 2287 1266 2351 perteeeunr
1287 2289 1363 2335 oeeet
1386 2283 1526 2357 πολυρῤη·

163 2382 262 2436 τοριας
282 2360 493 2432 Tyohoniunee.
515 2376 569 2413 non
585 2358 646 2428 jum
667 2376 716 2414 noe
737 2360 850 2431 pigeret
862 2361 946 2431 hujue
961 2362 1085 2416 orumbee
1102 2360 1178 2428 bie'e
1200 2366 1229 2414 to
1252 2367 1365 2432 oootue;
1387 2363 1421 2415 ud
1444 2378 1526 2432 quum

167 2442 208 2497 ite
227 2441 377 2512 diligenter
396 2446 427 2494 et
447 2439 534 2494 eolide
554 2438 692 2508 Tyohonie
714 2440 849 2511 upologie
866 2440 1016 2512 reepondit,
1037 2449 1071 2495 ut
1090 2447 1122 2495 tu
1141 2440 1256 2495 verbum
1276 2441 1321 2494 bie
1342 2457 1395 2495 non
1412 2442 1524 2505 dixeris.

165 2525 236 2594 qood
258 2521 340 2576 iethio
360 2520 494 2575 inteotum
507 2518 690 2590 relinquetur.
731 2519 855 2574 Vidieeee
868 2521 916 2585 ibi,
938 2539 992 2576 non
1015 2520 1077 2575 ideo
1098 2519 1165 2591 quie
1177 2519 1271 2590 Tyoho
1285 2521 1321 2574 oh
1336 2521 1525 2575 inetroureutie

164 2601 325 2657 inetruotior
354 2599 433 2654 etin
453 2600 532 2663 ooelo
562 2598 731 2669 inepioiendo
760 2601 864 2655 multet
885 2603 921 2656 ob
942 2600 1163 2662 commoditotee‚
1195 2600 1293 2669 quibus
1316 2599 1398 2653 elteri
1419 2609 1524 2663 curent.

164 2681 332 2755 diligentior,
350 2679 415 2749 jure
436 2681 553 2750 quodem
574 2695 624 2733 euo
644 2679 674 2732 in
693 2680 844 2734 alterorum
858 2681 1067 2735 obeemtiooee
1081 2678 1277 2734 uuimedrertit
1291 2695 1394 2750 eosque
1408 2680 1523 2734 limitet:
1609 2693 1614 2704 ·

164 2780 220 2817 noo
239 2761 352 2833 inquom
371 2759 433 2814 ideo
452 2759 498 2812 rel
519 2760 554 2812 de
574 2764 637 2813 totu
655 2774 742 2812 ooueu
762 2764 854 2814 uotum
873 2777 946 2823 eene,
968 2759 1014 2813 vel
1028 2759 1142 2813 ouilibet
1156 2759 1267 2812 eaedem
1281 2758 1416 2829 eugillure
1429 2759 1524 2821 lioere,

165 2841 245 2913 quui
265 2848 326 2896 toto
346 2840 424 2893 ooelo
445 2841 585 2893 oberrent.
628 2838 705 2899 Quoe
725 2837 796 2892 enirn
822 2838 896 2894 inter
919 2839 1030 2894 illorum
1051 2850 1081 2892 et
1100 2836 1237 2908 'lyobonie
1265 2839 1417 2891 obeerrote
1437 2838 1523 2892 minu·

164 2923 226 2976 urle
245 2919 403 2975 differentia
421 2917 582 2979 iuteroedit‚
613 2917 674 2987 ejus
696 2918 810 2987 oulpuru
831 2918 892 2988 quie
918 2935 1022 2989 quoeeo
1042 2917 1089 2970 vel
1110 2916 1138 2971 in
1158 2917 1230 2970 huno
1250 2916 1296 2968 vel
1327 2917 1354 2971 in
1375 2917 1438 2970 illoe
1460 2934 1522 2970 oon·

163 3003 237 3056 ferre
257 3002 367 3061 uudeut,
389 2998 435 3070 qui
455 3016 512 3053 non
531 3015 570 3051 ex
589 2996 660 3050 libro
674 2997 811 3066 Tyohonie
833 2997 923 3052 obiter
937 2998 1061 3068 perleoto
1075 2994 1216 3051 balbutire
1235 2994 1311 3065 priue
1325 2997 1359 3047 de
1374 2996 1418 3049 hie
1432 3003 1522 3050 eetro·

164 3082 272 3138 hemlee
301 3078 440 3150 mynteriie
470 3077 580 3132 didioitt
628 3075 751 3130 Vidieeee
782 3075 880 3141 etiem,
916 3079 940 3132 ei
969 3077 1021 3131 tibi
1044 3075 1222 3146 ‘lyehoniuuo
1252 3073 1341 3129 lobori
1371 3074 1524 3144 pluouieeet

164 3161 312 3234 invigilure
342 3161 474 3230 legendo,
506 3173 589 3228 quum
616 3152 684 3210 nihil
714 3155 788 3211 obeit
807 3157 1003 3228 Tyehonienue
1034 3154 1289 3228 orgrunueutetioni,⁴
1315 3155 1387 3225 quod
1408 3157 1522 3209 eundem

165 3241 290 3296 laborem
308 3238 474 3295 Meeetliuue
500 3236 620 3291 teutuvit
640 3237 668 3290 in
696 3237 782 3306 poulo
803 3236 863 3290 ulio
888 3238 1054 3309 hypothesi:
1085 3236 1181 3306 ituque
1209 3234 1293 3304 hujue
1324 3234 1428 3303 injectu
1448 3251 1522 3288 eoru·

165 3320 224 3392 puli
243 3322 280 3374 ed
299 3319 468 3389 euepioiouee
488 3316 665 3372 oouoitendue
685 3316 714 3371 iu
733 3318 788 3371 heo
806 3317 973 3387 repetitione
993 3324 1046 3372 tue
1064 3315 1276 3385 eupereedieeeo.

234 3449 281 3500 flie
299 3450 422 3513 ebrumplt
439 3460 576 3497 sermonem
593 3446 730 3511 Koplerue.
749 3462 829 3513 neque
846 3447 948 3498 ulterim
966 3448 1000 3499 od
1017 3447 1084 3500 buno
1100 3445 1171 3497 litem
1188 3445 1269 3504 redllt.
1287 3445 1393 3496 libenter
1410 3458 1461 3494 reru
1479 3445 1518 3493 ln·

164 3528 263 3588 gratum
281 3535 298 3570 o
315 3519 433 3585 'ly-chone
450 3520 555 3583 petitum
572 3516 614 3567 illo
632 3524 727 3567 mortuo
746 3518 874 3582 thioleue.

236 3678 266 3742 b)
287 3695 312 3743 p.
331 3675 392 3727 232.
431 3676 502 3738 Quee
512 3674 635 3739 Keplerue
655 3674 765 3733 „entet“
786 3682 874 3726 ooutru
885 3675 976 3727 Urium
988 3677 1141 3741 coneedpeb,
1160 3676 1296 3741 dlequleltu'o
1309 3675 1372 3725 forte
1386 3680 1432 3733 eet,
1451 3688 1525 3741 quoin

164 3753 223 3803 dum
242 3752 267 3800 in
284 3750 435 3800 bibliothece
447 3747 631 3797 Vienneoel
649 3747 820 3811 manuscripto
828 3747 930 3811 Kopleri
943 3749 1132 3812 quoerobumue.
1151 3749 1293 3811 uooephnue
1306 3748 1377 3810 quoni
1393 3744 1525 3810 oKopleri

164 3838 240 3874 manu
260 3823 384 3884 seriptum.
421 3818 496 3869 Hono
514 3817 614 3881 quidem
631 3831 681 3866 uon
700 3818 765 3867 illiue
781 3831 859 3868 runnu
877 3819 996 3882 eorlpteru
1011 3819 1185 3881 lineatione,
1205 3824 1234 3866 ot
1252 3815 1403 3879 dereriptom
1422 3829 1477 3864 eree
1497 3816 1528 3865 nb

164 3891 320 3959 autographo
337 3890 441 3955 Keplerl
458 3889 494 3940 nil
513 3888 581 3939 dubii
599 3889 691 3939 obttut.

236 4034 385 4098 lmoripm
402 4038 442 4082 eet
459 4030 545 4081 lolium
563 4031 693 4082 oontiueue
710 4030 776 4081 boue
795 4029 1005 4095 dbquititlonem:

244 4142 283 4196 M.
304 4143 353 4195 Jo.
374 4139 523 4210 Kepleri
551 4140 627 4194 Ord.
654 4139 749 4193 Pror.
772 4136 924 4209 Styriue
943 4135 1183 4193 Methennutioi
1209 4135 1382 4206 judioium
1412 4135 1451 4189 de
1472 4134 1527 4207 hy·

164 4221 378 4295 potboeibue
408 4218 660 4289 Tyohonienie,
691 4234 775 4290 quee
805 4219 946 4289 quidem
974 4217 1148 4272 Niooluue
1178 4217 1284 4272 Ureue
1305 4216 1528 4270 Dithmereue
1580 4280 1593 4296 ·

164 4302 235 4357 eibi
258 4315 430 4371 arrogare
450 4298 666 4369 proesumit,
697 4306 747 4352 out
767 4297 791 4351 ei
811 4297 838 4352 id
860 4300 933 4368 opud
954 4298 1123 4353 oordutioree
1145 4297 1271 4352 obtinere
1291 4314 1345 4350 non
1366 4300 1476 4365 posset,
1496 4303 1530 4349 ut

117 4370 124 4381 ⁸
163 4384 266 4437 nollem
287 4380 425 4453 Tyohouie
446 4378 586 4432 inventum
607 4394 662 4430 uon
682 4392 753 4439 esee,
774 4380 823 4432 eed
844 4394 881 4431 ex
901 4376 1041 4432 Murtieno
1056 4378 1183 4448 Gepellu,
1206 4374 1356 4446 Copornioo
1378 4381 1429 4428 out
1442 4375 1528 4444 Apol·

163 4461 238 4518 lonio
260 4461 388 4532 Pergeeo
409 4460 562 4533 deeumtum
582 4456 662 4509 fidem
683 4456 799 4513 feceret.
844 4458 929 4520 Qune·
943 4456 1035 4511 omnio
1055 4472 1073 4510 e
1092 4455 1165 4510 dioto
1186 4456 1311 4526 Keplero
1333 4453 1528 4509 mathematico

163 4540 266 4597 eximio
290 4546 319 4593 et
339 4539 367 4591 in
388 4538 548 4592 Ptolemaeo
570 4542 656 4606 etque
678 4536 829 4604 Copernioo
850 4538 920 4590 bene
941 4546 1054 4590 verneto
1075 4537 1212 4590 euooinote
1234 4542 1264 4589 ot
1282 4534 1368 4588 solide
1389 4534 1435 4587 hio
1454 4534 1527 4588 rolu-

163 4628 270 4676 tuntur.
313 4619 544 4681 Quemadmodum
565 4615 663 4679 etium,
696 4620 845 4685 antequam
876 4615 1077 4686 ieTyohonem
1107 4617 1141 4668 de
1162 4614 1234 4668 fuoie
1255 4619 1365 4675 noeeet,
1397 4615 1431 4667 od
1461 4615 1525 4667 nob.

162 4709 194 4755 et
213 4704 320 4770 preest.
342 4697 429 4750 virum
450 4699 485 4750 D.
507 4698 550 4750 Jo.
573 4696 606 4748 G.
629 4696 805 4748 llerwertum
826 4697 861 4750 ub
883 4692 1071 4763 Hohe‘nburg,
1099 4700 1222 4748 etntuuur
1242 4692 1452 4763 provincialium
1472 4693 1528 4745 Bu·

161 4780 260 4836 ruriue
282 4775 493 4839 annonarium,
525 4777 597 4829 huno
618 4773 808 4845 quaestionem
829 4780 997 4835 moventem,
1019 4773 1230 4842 perscripserit,
1262 4788 1335 4842 quoe
1356 4771 1457 4824 literae
1478 4785 1528 4822 eno

165 4865 293 4931 ternpore
315 4854 415 4910 hiberi
437 4860 467 4909 et
483 4855 515 4910 rin
535 4853 663 4909 veritatis
685 4852 834 4908 subsidium
854 4853 969 4919 proferri
989 4859 1115 4925 poeeunt.
