3786 5808
668 392 670 401 ·
723 367 885 419 Pmfflm·
1438 367 1476 433 21

135 542 197 593 pce.
232 526 290 591 lpse
308 528 390 582 enirm
407 527 471 577 dent
487 528 514 577 in
532 518 682 578 Tabularum
699 525 887 580 Prutenicsrnm
904 530 1057 595 prmtstione
1074 533 1237 592 nommetur,
1263 534 1289 578 et
1306 541 1390 578 aarum
1408 529 1480 580 tebn-

134 600 209 651 hren
233 599 332 648 meri
356 604 520 656 Manem,
547 600 728 649 obsonetiones
753 608 779 649 et
801 603 1023 653 demonstrationes
1048 600 1064 648 l
1087 599 1220 663 Copernico
1242 600 1378 663 propositus
1404 601 1481 651 multo

134 672 239 722 motin·
257 676 285 719 et
303 672 457 731 nemetim,
483 685 557 734 quam
574 672 626 735 ipse
645 670 806 735 Copemicus.
830 673 959 731 discnssit,
983 673 1039 722 ideo
1056 686 1184 727 numeros,
1208 671 1295 734 quibus
1313 669 1480 723 Rheinlsoidus

133 742 213 793 mnndi
229 741 350 805 spem
368 740 491 791 dimensus
509 748 562 798 eet.
588 748 619 792 et
637 757 666 792 ex
684 743 771 807 quibus
789 743 845 794 illas
862 759 935 806 snas,
960 744 1105 794 Prnteoicas
1128 742 1223 798 dictas,
1248 740 1346 791 mbulet
1364 743 1479 801 confecit,

132 823 246 877 tanquam
267 813 428 876 perfectores
450 813 586 878 sequendos
604 815 723 863 existimo.
758 812 902 880 Optsndum
920 823 1003 866 sutem
1022 823 1095 871 esset,
1113 813 1261 864 Rheinholdi
1279 815 1480 864 commentarium

133 888 158 936 ln
174 885 302 949 Gcoernici
320 883 408 943 tuos,
436 884 475 934 rel
491 887 572 949 potins
589 886 615 934 in
632 899 691 935 suus
709 884 854 937 Pruteuicas
873 888 995 944 Tabulas,
1019 886 1148 951 aliquoties
1167 886 1198 934 ab
1216 887 1268 948 ipso
1286 886 1428 948 promissum
1453 888 1479 935 in

132 964 224 1022 pro-tu
241 966 306 1013 σιω,
327 970 358 1005 οι
375 970 405 1006 eo
424 957 489 1006 emm
506 971 556 1005 uon
573 962 672 1006 tantum
690 957 854 1009 dimensiones
872 959 917 1013 hee
936 958 1072 1009 describere
1090 971 1231 1021 possemus,
1251 956 1294 1005 sed
1312 956 1387 1006 etism
1404 956 1479 1020 pluri-

132 1030 176 1079 nb
192 1026 349 1077 mundam
366 1028 423 1091 ipsa
440 1029 604 1083 mnemia.
630 1043 673 1091 pro
692 1028 840 1087 defectibus,
866 1031 952 1094 quibus
970 1030 1051 1080 adhuc
1069 1029 1181 1086 laborat,
1199 1027 1296 1077 facilins
1313 1028 1479 1084 restituendis,

132 1112 276 1166 moenem
293 1097 364 1148 hand
381 1099 453 1149 dubio
472 1098 637 1160 adjnrsretur.
671 1098 738 1159 Quia
755 1107 840 1151 eutem
857 1102 986 1166 inopinata
1003 1108 1030 1150 et
1046 1102 1178 1149 immatura
1195 1100 1239 1148 riri
1257 1105 1336 1149 morte
1357 1106 1410 1149 tam
1432 1100 1478 1150 hoc

132 1185 200 1237 qnam
217 1169 269 1220 riis
286 1169 419 1219 utilissim
436 1184 511 1233 opera
527 1171 666 1234 interrupte
683 1171 790 1234 luerunt,
808 1172 888 1222 nitere
900 1187 964 1238 quae
977 1178 1055 1222 restat
1072 1172 1111 1221 ria
1128 1170 1252 1221 tentanda
1269 1176 1316 1227 est,
1335 1184 1384 1234 qna
1400 1177 1476 1220 retro·

132 1243 205 1308 gradu
217 1241 337 1291 metlrodo
352 1254 369 1290 a
385 1240 434 1292 fine
452 1240 485 1291 ad
502 1242 598 1291 initium
616 1244 754 1293 recurritur.
781 1242 883 1293 Numeri
901 1246 976 1310 igitur
993 1246 1019 1293 in
1032 1243 1122 1293 tabulis
1139 1243 1214 1306 ipsius
1231 1243 1316 1306 scripti
1333 1241 1477 1297 resolvendi.

132 1320 156 1363 et
174 1328 203 1365 ex
226 1313 263 1363 eis
284 1312 339 1368 illi.
365 1326 425 1375 ques
442 1311 612 1363 Blreinlroldus
634 1313 746 1378 diligenti
769 1314 966 1365 observationum
991 1322 1017 1366 et
1040 1315 1275 1364 demonstrationum
1297 1314 1410 1364 examine
1433 1328 1477 1378 pro

133 1383 257 1436 mendis
280 1383 333 1433 illis
354 1385 413 1447 ἱρά
437 1384 527 1434 tabuiis
548 1386 657 1440 invenit.
682 1385 783 1436 emeudi
800 1392 881 1435 eruut
917 1378 994 1451 Sp'ero
1012 1393 1096 1436 autem
1111 1388 1163 1435 ieta
1181 1384 1324 1436 admirando
1349 1384 1407 1434 hnic
1430 1384 1478 1436 hoc

132 1456 185 1506 stro
200 1455 291 1505 tradito
310 1454 346 1504 D.
366 1454 468 1520 Kepleri
484 1456 583 1505 torento
600 1471 650 1505 non
667 1470 754 1520 perum
772 1457 958 1507 commodatura
975 1456 1055 1508 esse.u

26 1558 27 1567 .
195 1526 304 1580 Numeri.
325 1541 386 1590 quos
399 1527 545 1578 Meeetlinm
557 1528 583 1576 in
594 1528 681 1576 nbula
691 1542 738 1578 sus
749 1527 876 1585 retulerat,
889 1529 997 1594 Keplero
1007 1530 1088 1579 minus
1101 1532 1218 1578 accurate
1230 1527 1342 1578 subducti
1355 1527 1475 1588 ridentur,

136 1606 160 1649 tt
173 1598 210 1649 ffle
225 1613 241 1648 s
257 1598 400 1662 Keplero
418 1601 503 1649 enoris
521 1599 673 1649 convincitur
689 1599 727 1649 his
744 1599 835 1650 literiu
1267 1592 1277 1607 ⁵

213 1756 390 1821 Clarissimo
405 1756 523 1819 domine
537 1766 732 1839 praeceptor:
756 1759 896 1821 Mercurii
907 1758 1126 1840 'importunitas
1145 1766 1178 1820 et
1199 1759 1368 1840 petulantia
1390 1759 1474 1836 lacit,

136 1858 165 1910 nt
188 1867 242 1910 non
274 1847 408 1928 poesim,
441 1848 576 1927 quamvis
606 1867 644 1909 ex
669 1849 829 1911 intervallo
858 1849 989 1910 locorum
1018 1867 1075 1910 non
1103 1850 1288 1928 importunus
1318 1868 1387 1911 esse
1415 1849 1477 1912 tuis

133 1936 380 2018 occupationibus.
426 1936 510 1998 Dicis
532 1936 562 1999 in
587 1937 691 1998 tabule
712 1936 843 2015 docimo
866 1946 898 1999 et
925 1936 1083 2017 eutyces,
1113 1937 1273 2000 maximam
1300 1938 1477 2001 distantiam

131 2030 186 2103 da
208 2023 258 2104 Θ,
283 2045 355 2088 cum
377 2026 402 2102 (5
426 2025 536 2088 triente
560 2026 599 2089 ab
622 2027 686 2107 ejus
708 2025 831 2106 ἅπογοιῳ
856 2027 951 2100 abest,
976 2046 1044 2089 esse
1068 2023 1188 2092 50580.
1228 2025 1327 2090 Credo
1350 2026 1475 2089 verissi-

127 2134 197 2179 mum
218 2115 305 2177 hunc
328 2134 396 2177 esee
420 2134 571 2192 numerum
595 2116 689 2177 etad
712 2116 893 2178 anomaliam
919 2117 1051 2179 eccentri
1073 2117 1122 2178 vel
1145 2116 1256 2179 Terrae
1280 2118 1318 2179 ab
1343 2135 1476 2198 apogaeo

127 2204 304 2268 mundam
319 2201 351 2266 2‘
364 2198 405 2266 0ο
417 2206 684 2267 accommodatum.
714 2204 776 2268 Sed
790 2205 840 2286 qui
858 2206 900 2280 fit,
925 2204 1003 2285 quod
1021 2205 1102 2267 idern
1121 2224 1180 2267 nou
1203 2205 1294 2283 etiam
1317 2225 1372 2268 usu
1394 2207 1479 2268 venit

127 2294 226 2358 intua
248 2293 361 2355 tabula
383 2293 494 2370 altera,
518 2294 568 2356 nbi
592 2294 754 2358 distantias
777 2296 966 2376 planetarum
990 2313 1028 2356 ex
1049 2294 1217 2358 Protenicie
1241 2295 1478 2358 demonstrasti?

207 2382 356 2448 Sumatur
377 2380 513 2445 ultimum
535 2383 576 2444 ibi
599 2385 729 2446 schema.
776 2384 873 2465 Igitur
899 2382 980 2446 linea
1008 2405 1084 2466 quae
1113 2385 1143 2446 in
1171 2405 1299 2464 περιγειῳ
1330 2385 1387 2447 fuit
1410 2384 1476 2459 PA,
1585 2432 1592 2451 .

127 2492 161 2534 es
183 2473 247 2554 jam
276 2472 363 2534 ultra
384 2471 414 2533 K
441 2470 537 2534 crevit
563 2472 602 2534 ad
625 2472 655 2535 R
682 2473 795 2554 usqne,
829 2482 861 2535 et
888 2481 937 2535 est
958 2473 1024 2537 PR.
1070 2472 1214 2537 Vicissim
1243 2474 1324 2535 linea
1346 2494 1422 2554 quae
1446 2474 1477 2536 in

126 2584 249 2643 noque>
270 2561 314 2622 ab
333 2561 363 2622 A
386 2569 489 2623 centro
512 2562 592 2646 oriris
616 2582 710 2644 usqne
734 2563 772 2625 ad
797 2560 827 2624 G
850 2572 985 2624 centrum
1007 2563 1087 2625 orbis
1110 2566 1132 2637 0
1155 2563 1246 2624 ducta
1269 2562 1334 2636 fuit,
1358 2582 1397 2624 ea
1420 2563 1476 2625 de-

126 2652 214 2714 crerit
226 2653 307 2732 jam,
332 2656 365 2710 ut
383 2651 424 2711 sit
442 2669 499 2712 non
519 2651 645 2729 longior,
670 2670 756 2732 quam
773 2651 837 2721 ΑΡ,
862 2659 894 2712 et
907 2651 1057 2714 invenitur
1072 2646 1166 2727 0549,
1192 2670 1258 2713 cum
1272 2651 1363 2714 inerit
1377 2647 1475 2727 9400,

126 2740 293 2805 differentia
312 2734 396 2801 2911
419 2740 609 2803 decrementi.
645 2740 706 2803 Sed
731 2738 791 2801 GK
814 2736 924 2889 33730

728 2917 852 2924 —----—-

838 2933 924 2999 2850
943 2934 1113 2997 differentia
1127 2934 1289 3015 augmenti,
1304 2952 1363 2995 non
1377 2940 1473 3010 tanto,

124 3034 232 3106 quanta
266 3022 461 3087 decrementi.
508 3022 568 3085 Est
599 3022 690 3103 igitur
723 3024 842 3086 breuior
874 3023 1021 3086 distantia
1052 3023 1081 3085 in
1115 3023 1224 3086 triente
1257 3022 1295 3083 ab
1328 3039 1473 3102 apogaeo.

123 3114 238 3178 Etenim
261 3111 328 3176 AG
350 3121 382 3173 et
404 3112 458 3174 PK
483 3113 511 3174 in
535 3121 649 3174 rectam
670 3120 815 3175 extensae
846 3112 979 3176 efficiunt
1001 3108 1125 3183 45190,
1156 3112 1210 3174 sed
1233 3111 1289 3173 ΑΡ
1308 3120 1343 3198 ‚et
1365 3108 1421 3173 PR
1444 3112 1474 3173 in

124 3212 231 3267 rectam
254 3211 402 3265 extensae
426 3202 559 3264 efficiunt
583 3209 700 3264 tantum
719 3200 838 3267 45129.
870 3203 929 3264 Ηίο
942 3202 1063 3264 haereo.
1097 3199 1160 3264 Oro
1179 3207 1281 3263 autem
1298 3200 1323 3262 ei
1343 3207 1474 3262 erratum

125 3300 170 3355 est
199 3293 229 3355 in
264 3290 394 3374 proditis
426 3290 556 3353 numeris
589 3291 801 3359 distantiarum
829 3314 847 3354 a
877 3299 980 3354 centro
1003 3290 1105 3371 magni
1129 3290 1223 3367 orbis,
1252 3309 1289 3352 ne
1312 3308 1359 3351 me
1383 3288 1472 3363 celes,

124 3390 217 3445 utrum
243 3382 326 3444 idem
354 3398 436 3440 error
459 3380 549 3442 etiarn
582 3381 736 3461 irrepserit
768 3382 798 3442 in
825 3381 959 3443 tabulam
984 3378 1126 3459 doctos,
1154 3397 1362 3460 numerumque
1390 3378 1474 3441 illum

124 3470 230 3534 dictum
257 3490 301 3532 sc.
325 3465 444 3533 50580.
491 3467 635 3541 (Schema
657 3489 713 3551 qno
738 3471 886 3551 Kepierus
908 3462 1052 3532 hic'usus
1076 3477 1139 3544 est,
1164 3470 1276 3543 deest.)
1500 3536 1504 3543 ,

202 3561 302 3623 Porro
325 3557 381 3620 ΔΡ
403 3557 447 3619 sic
470 3558 662 3640 investigavi.
699 3560 756 3622 ΑΕ
781 3560 868 3622 datur
891 3578 928 3620 ex
952 3567 1005 3621 tua
1027 3559 1260 3639 computatione.
1316 3588 1361 3637 η..
1375 3587 1397 3628 s,

123 3648 196 3711 uem
216 3648 277 3712 eu
293 3656 340 3710 eu
355 3643 452 3712 5231.
484 3641 692 3730 uurttll„
714 3647 909 3711 dimidiare
926 3641 1064 3730 10577..
1097 3646 1179 3729 ergo
1195 3655 1262 3710 too

122 3736 182 3801 etl
205 3733 306 3802 0288.
353 3734 410 3799 ΩΡ
435 3754 506 3798 vero
539 3745 589 3798 est
619 3738 862 3816 perpendiculum
895 3736 1073 3818 aequilateri
1104 3736 1258 3817 trianguli.

122 3825 199 3907 Ergo
222 3828 255 3889 in
274 3826 423 3906 tuaugulc
441 3825 530 3888 ΑΩΡ
549 3826 675 3906 angulus
694 3827 733 3888 ad
750 3825 781 3888 Ω
803 3835 913 3895 rectius,
938 3834 969 3889 et
991 3827 1089 3888 latera
1106 3824 1178 3900 ΑΩ,
1204 3823 1260 3887 ΩΡ

123 3915 201 3980 data.
244 3916 324 3978 Hinc
345 3914 403 3977 ΑΡ
426 3910 521 3979 0549.
564 3915 659 3996 Perge
682 3934 729 3977 me
748 3916 871 3996 juvare,
901 3922 932 3976 et
954 3914 1056 3977 rudem
1079 3914 1205 3976 tironem
1229 3914 1258 3975 in

121 4005 274 4087 principiis
302 4004 461 4067 instituere
488 4023 583 4086 aequo
613 4003 728 4080 auim03
759 4012 848 4085 etque
876 4003 953 4066 hunc
981 4004 1072 4066 etiam
1095 4003 1257 4066 Maestline

122 4094 189 4157 milri
211 4094 343 4157 concede
367 4094 519 4156 laborem:
552 4093 595 4156 sic
619 4094 718 4156 omnia
740 4102 794 4156 tna
816 4092 918 4155 studia
940 4092 1086 4169 foeliciter
1109 4092 1163 4155 tibi
1186 4111 1256 4154 suc·
1279 4041 1401 4212 ιβ

123 4184 237 4247 cedent.
909 4180 913 4189 '

205 4272 288 4334 Vale
312 4268 332 4335 3
357 4269 432 4344 (13)
455 4271 529 4351 Apr.
553 4264 682 4345 (1596).

206 4360 414 4442 Stutgurdiee.
471 4359 643 4440 Responde
665 4358 845 4423 brevissima
863 4366 896 4421 et
913 4358 965 4421 vili
985 4358 1144 4421 schedula:
1176 4358 1235 4419 non
1257 4362 1328 4440 peto
1351 4357 1466 4423 literas.

735 4450 773 4512 Η.
800 4449 834 4511 Τ.
1048 4447 1236 4527 gratissimus
1260 4446 1422 4528 discipulus

1101 4535 1148 4599 lt.
1172 4535 1224 4599 Jo.
1247 4535 1377 4618 Καρία.
1454 4540 1463 4549 “

187 4697 216 4747 ln
228 4696 356 4748 Henselsio
375 4696 427 4746 alis
444 4696 474 4747 de
492 4697 581 4747 eedem
598 4711 625 4747 ra
643 4698 747 4761 eputoia
763 4699 870 4749 occurrit
888 4696 912 4746 d.
925 4695 1019 4762 Stuttg.
1033 4696 1056 4746 d.
1072 4694 1083 4743 1
1100 4696 1167 4760 Apu,
1185 4710 1259 4761 quam
1277 4695 1399 4761 Keplerns
1416 4713 1466 4749 non

122 4768 185 4819 nint
200 4767 334 4821 ummo
352 4765 474 4833 (nuncet
492 4784 517 4837 p.
540 4766 592 4833 12).
628 4770 707 4835 Atque
724 4769 780 4819 illas
798 4770 883 4829 literas
900 4771 986 4818 stetim
1003 4768 1051 4818 hae
1069 4773 1171 4819 recutu
1189 4773 1261 4819 sunto
