3788 5828
747 379 830 447 ors
845 380 942 483 svm·
1465 381 1526 453 ιιι

165 542 210 605 sit
226 540 308 604 inter
326 558 431 605 rernm
451 541 551 605 locum
572 549 606 605 et
627 541 707 605 inter
728 560 806 617 enm,
831 562 919 624 quem
940 543 1076 608 caleulum
1098 543 1223 618 indicat,
1245 546 1424 625 differentis,
1450 567 1527 631 quae

160 630 317 693 'interdum
340 630 371 692 in
396 628 572 711 quibusdam
596 631 633 693 sd
658 629 679 695 2
702 631 885 712 integrorum
907 633 1055 713 gradrmm
1083 634 1300 714 longitudinem
1323 639 1481 704 excrescit.
1497 637 1526 715 1’)

165 717 256 791 Quod
278 738 347 781 cum
369 718 414 781 ita
438 719 493 795 sit,
518 720 642 801 expedit
664 721 735 783 mihi
759 721 890 784 nonnihil
916 743 934 784 a
957 721 1117 802 (loperniei
1141 725 1272 786 numeris
1296 725 1469 790 discedere:
1494 736 1527 791 et

98 809 228 891 jam
250 826 341 889 porro
364 807 553 889 diligentium
575 810 803 873 observatorum
820 810 934 891 jndicio
957 812 1144 892 relinquitur,
1168 813 1227 876 utri
1248 834 1335 909 arcus
1350 834 1417 878 cum
1440 817 1525 880 coelo

163 897 288 980 propius
310 898 505 974 conveniant,
529 899 587 961 mei
610 919 648 961 an
672 897 884 979 Copernioani.

254 987 394 1050 Alterum
413 995 632 1067 argumentum,
657 1007 715 1070 qno
734 988 921 1052 differentiae
939 988 1028 1069 hujus
1052 989 1201 1069 culpam
1194 1009 1223 1052 ιι
1247 992 1331 1071 ipsas
1345 992 1525 1058 Proteuicas

165 1076 328 1150 transfero,
350 1077 499 1157 praebent
520 1076 592 1139 mihi
617 1086 775 1158 suspectae
798 1080 987 1158 planetarum
1002 1078 1268 1142 eceentrieitates:
1293 1081 1371 1161 quod
1395 1101 1430 1144 eo
1453 1090 1524 1145 ten-

166 1166 231 1239 dit,
264 1174 298 1228 ut
325 1165 461 1247 quamvis
488 1185 543 1227 nec
565 1166 623 1229 mei
647 1187 736 1230 arcus
763 1166 884 1230 omnino
915 1166 1044 1249 perfecti
1066 1173 1099 1229 ιι
1122 1168 1196 1231 certi
1221 1169 1282 1232 sint
1306 1170 1411 1242 (sicuti
1434 1172 1526 1236 lateri

165 1256 272 1335 cogor)
295 1263 398 1317 ιιιιιιιι
421 1254 526 1319 vitium
549 1276 588 1318 ex
611 1257 789 1337 contagione
813 1256 1072 1319 eocentricitatum
1090 1257 1307 1321 contraxerint.
1340 1257 1374 1321 Si
1398 1278 1526 1340 corpora

165 1362 257 1424 snper
283 1343 399 1407 mediae
431 1344 621 1424 planetarum
650 1346 814 1408 distantiae
843 1346 1017 1426 superficies
1046 1345 1221 1425 sphaericae
1254 1356 1456 1423 struerentur,
1491 1357 1526 1412 nt

165 1430 271 1496 eadem
293 1432 469 1513 superficies
492 1433 708 1515 circumscripti
729 1435 863 1516 corporis
884 1442 992 1496 centra
1014 1443 1045 1496 et
1064 1433 1200 1515 inscripti
1219 1436 1345 1517 angulos
1364 1446 1522 1516 tangeret:

165 1530 231 1585 ιιιιιι
251 1520 326 1583 nihil
348 1521 420 1585 mihi
443 1521 492 1604 rei,
510 1532 594 1585 esset
615 1543 683 1586 cnm
706 1523 821 1587 orbium
843 1523 1001 1599 crassitie,
1033 1543 1121 1604 qnam
1148 1526 1302 1607 requirunt
1324 1526 1392 1588 viae
1416 1527 1523 1605 plane-

166 1620 264 1685 tarum
286 1610 480 1674 eccentricae.
528 1610 603 1674 Cum
627 1616 729 1676 autem
752 1613 825 1675 illud
848 1613 912 1675 lieri
936 1630 995 1675 non
1017 1612 1150 1691 potuerit
1165 1616 1201 1689 ο),
1227 1623 1259 1676 et
1281 1615 1412 1677 nondum
1436 1615 1523 1677 simi-

166 1700 235 1763 liter
257 1719 352 1763 causa
374 1700 648 1776 eccantricitatum,
673 1709 706 1765 ut
729 1709 761 1763 et
784 1701 1033 1774 differentiarum,
1057 1703 1217 1781 explorata
1240 1703 1294 1779 sit,
1319 1703 1453 1784 oportuit
1475 1722 1524 1766 me

166 1788 281 1853 orbium
308 1788 520 1870 spissitudines
543 1811 563 1852 ι
586 1787 754 1871 Gopemico
778 1799 924 1872 tanquam
946 1797 1048 1853 certas
1071 1792 1214 1855 mutuari:
1239 1811 1315 1872 quas
1338 1800 1441 1854 tamen
1465 1812 1525 1854 nen

165 1877 353 1941 certissimas
377 1898 445 1941 esse
468 1878 497 1940 in
521 1879 660 1942 confesso
684 1887 741 1942 est
789 1877 937 1950 Quamvis
961 1878 1040 1942 enim
1068 1881 1164 1944 omnis
1192 1881 1368 1943 coelestium
1390 1888 1523 1944 motuum

165 1965 293 2030 historia
316 1967 429 2030 lubrico
452 1976 502 2031 ιιι
524 1968 617 2043 aditu,
641 1987 696 2049 per
718 1968 874 2031 diuturnas
893 1978 925 2031 et
943 1966 1082 2035 difficiles
1100 1969 1339 2043 observationes,
1362 1970 1523 2053 praecipue

168 2065 268 2119 tamen
292 2056 349 2138 hpc
372 2056 402 2118 in
433 2057 651 2120 constituendis
679 2056 956 2121 eecentrioitatibus
983 2065 1015 2119 et
1042 2057 1117 2120 locis
1145 2077 1346 2140 apogaeornm
1374 2066 1521 2139 apparet:

166 2144 284 2208 Solaria
308 2145 372 2218 (vel
395 2145 578 2221 Terrestris)
602 2146 813 2209 eccentricitas
833 2148 962 2210 omnium
980 2148 1147 2210 rectissime
1162 2148 1273 2210 habere
1289 2147 1429 2219 debebat,
1453 2166 1524 2210 nam

166 2242 197 2296 et
215 2233 399 2297 vicinissime
413 2234 570 2298 stellarum
585 2244 634 2298 est
648 2235 751 2298 Tellus
773 2235 860 2298 nobis
884 2236 1000 2306 incolis,
1024 2243 1056 2298 et
1078 2236 1268 2317 paucioribus
1291 2257 1381 2318 qnam
1403 2244 1524 2298 ceterae

166 2323 297 2386 motibus
320 2323 449 2388 vehitur.
465 2322 492 2398 l)
539 2324 573 2386 In
598 2325 707 2387 mundo
730 2344 800 2386 vero
823 2344 877 2405 per
900 2325 1061 2404 interjecta
1089 2345 1217 2407 corpora
1244 2327 1402 2400 struendo,
1432 2344 1524 2404 supra

165 2432 232 2494 cap.
257 2408 306 2475 15.
331 2413 469 2489 vidimus,
493 2422 637 2495 quantum
661 2409 769 2476 afferat
791 2422 976 2477 momentum
999 2415 1037 2475 sd
1062 2434 1165 2477 omnes
1189 2415 1336 2495 sphaeras
1361 2414 1524 2477 arctandas
1583 2442 1637 2494 g·

165 2510 219 2565 aut
240 2502 390 2564 laxandas
413 2503 506 2565 solius
530 2501 668 2581 iponem
683 2503 813 2565 Lunaris
827 2503 978 2583 appositio
994 2504 1041 2566 vel
1060 2505 1200 2579 exemtis,
1227 2506 1276 2585 qui
1299 2505 1388 2567 valde
1413 2503 1524 2582 exigua

164 2590 354 2673 portiuncula
376 2591 544 2654 Terrestris
566 2592 649 2654 orbis
677 2592 848 2655 crassitiem
870 2593 1000 2655 excedit
1045 2592 1103 2655 Hic
1136 2593 1227 2673 igitur
1259 2595 1358 2669 orbis,
1374 2596 1401 2665 ⁶)
1435 2610 1523 2671 quem

165 2680 334 2744 certissime
353 2681 518 2743 dimensum
539 2681 649 2743 habere
669 2681 831 2761 oportebat
854 2690 887 2743 et
908 2700 998 2761 posse
1022 2681 1185 2744 verisimile
1208 2690 1284 2756 erat,
1309 2683 1367 2756 hic,
1392 2682 1523 2761 inquam,

165 2769 274 2842 vides
265 2789 297 2831 ιιι
319 2779 434 2849 quauta
455 2779 593 2832 versetur
616 2770 795 2832 difficultate
819 2771 899 2851 apud
914 2769 1122 2849 Cupernicum,
1147 2771 1195 2849 qni
1217 2771 1283 2849 ipse
1307 2770 1359 2833 lib.
1375 2771 1432 2833 111.
1457 2769 1523 2832 Re-

164 2859 223 2922 vel.
244 2877 309 2939 cap.
325 2855 377 2922 20.
394 2858 534 2940 queritur,
552 2859 651 2940 „qnod
667 2878 721 2939 per
737 2858 859 2921 minima
873 2860 1021 2942 quaedam
1034 2866 1067 2920 et
1080 2858 1131 2920 vix
1145 2859 1399 2941 apprehensibilis
1412 2877 1524 2938 magna

164 2947 339 3012 ratiocinari
368 2967 524 3028 cogemur,
558 2949 636 3028 qnod
664 2947 814 3010 interdum
842 2950 898 3010 sub
926 2968 984 3010 uno
1013 2947 1198 3009 diversitatis
1222 2948 1361 3028 scrupulo
1385 2945 1404 3008 5
1428 2938 1522 3010 velli

163 3038 276 3119 gradus
293 3045 498 3118 praetereant,
523 3045 555 3100 ιι
568 3037 703 3099 modicus
717 3055 799 3099 error
819 3037 849 3099 in
868 3037 1043 3099 immensum
1058 3054 1126 3097 sese
1141 3040 1321 3117 propaget.u
1336 3036 1360 3109 ἴ)
1398 3033 1521 3136 Quanto
1584 3089 1587 3096 .

164 3127 252 3208 pejus
275 3126 366 3206 igitur
388 3126 543 3189 habebunt
566 3125 778 3207 spissitudines
801 3126 917 3189 orbium
941 3134 973 3205 et
1003 3124 1197 3188 remotiorum
1225 3147 1244 3188 a
1270 3125 1375 3199 nobis,
1409 3133 1441 3186 et
1471 3123 1521 3203 qui

164 3215 298 3297 pluribus
320 3224 453 3278 motuum
476 3215 676 3279 varietatibus
700 3223 771 3277 sunt
793 3215 923 3277 obnoxii.
971 3213 1060 3286 Quod
1089 3213 1116 3275 si
1145 3222 1198 3277 ant
1226 3215 1342 3277 orbium
1370 3214 1424 3276 illa
1446 3234 1522 3293 ιιηχι

164 3303 331 3367 certissime
355 3305 530 3385 explorata,
565 3313 618 3369 ant
640 3323 751 3367 causae
773 3305 884 3367 saltem
907 3303 1079 3387 probabiles
1106 3305 1280 3383 patefactae
1309 3303 1438 3375 inerint,
1469 3320 1521 3363 cur

163 3402 252 3457 tanta
274 3392 400 3473 singulis
424 3394 572 3459 attributa
594 3394 656 3457 sint
679 3392 888 3469 aConditore,
913 3404 975 3457 tum
999 3412 1055 3474 ego
1080 3394 1213 3473 spondeo
1237 3414 1284 3456 me
1308 3393 1521 3473 producturum

164 3502 200 3545 ex
223 3483 270 3545 his
295 3483 470 3564 corporibus
493 3503 582 3548 arem
604 3503 658 3564 per
682 3483 783 3547 omnia
805 3483 936 3548 motibus
951 3485 1154 3557 consoneat)
1191 3482 1243 3546 Sic
1266 3482 1345 3545 enim
1368 3480 1520 3553 existimo,

163 3571 304 3653 quicquid
327 3572 498 3651 posthanc
520 3574 744 3653 proportionem
774 3574 926 3636 coelorum
954 3574 1108 3636 inventam
1135 3572 1233 3635 adhuc
1264 3569 1429 3652 impediat,
1463 3586 1520 3649 quo

162 3661 259 3725 minus
282 3661 323 3722 ad
341 3671 482 3725 exsctam
500 3671 634 3725 motuum
648 3661 848 3741 cognitionem
863 3663 1001 3725 veniatur
1007 3682 1017 3737 ;
1041 3663 1073 3724 id
1095 3682 1182 3725 omne
1205 3663 1236 3723 in
1260 3659 1520 3723 eceentricitatum

162 3751 239 3813 vitia
265 3749 539 3825 conterendumzl)
572 3750 679 3831 quibus
711 3749 851 3825 sublatis,
885 3770 992 3831 magno
1023 3752 1198 3828 adjumento
1226 3749 1390 3812 artificibus
1420 3748 1522 3810 lutura

160 3847 235 3921 puto
259 3840 357 3902 solida
379 3840 455 3903 haec
478 3840 606 3922 quinque
630 3838 669 3901 ad
690 3839 906 3902 correctionem
925 3848 1067 3912 motuum,
1091 3859 1179 3919 qnam
1202 3839 1316 3919 passim
1337 3836 1521 3900 meditantur

162 3948 219 3992 non
242 3929 331 4009 pauci
366 3926 401 4003 ¹).

251 4017 295 4080 Ut
316 4018 373 4081 hoc
396 4018 454 4081 illie
474 4018 640 4098 spondeam
659 4018 696 4079 de
717 4014 993 4079 ecoentricitatibns
1017 4016 1112 4079 movit
1133 4035 1180 4078 me
1204 4026 1236 4077 et
1257 4017 1323 4089 hoc,
1348 4013 1429 4094 quod
1452 4013 1520 4074 ubi-

162 4125 218 4187 que
242 4107 280 4169 de
307 4106 415 4171 minori
440 4107 608 4188 particula,
643 4125 733 4186 quam
763 4115 811 4168 est
837 4097 928 4187 ιηχός
958 4103 1039 4167 orbis
1062 4105 1212 4183 integrum
1235 4103 1478 4167 controvertitur
1489 4099 1520 4175 ¹¹)

160 4194 252 4277 Eripe
277 4216 404 4277 namque
427 4198 564 4261 omnibus
588 4216 642 4258 sex
666 4193 789 4265 orbibus
812 4215 867 4256 sua
888 4213 963 4275 anrJ
985 4202 1067 4270 ιιοιι,
1092 4202 1145 4257 ιιι
1168 4193 1259 4274 dupla
1280 4192 1503 4272 singulisrr
1430 4190 1521 4253 attri-

160 4286 238 4349 bue:
263 4285 379 4349 videbis
393 4287 534 4350 mnndum
549 4293 581 4347 et
598 4289 878 4365 spondoqmpscssa
900 4301 1004 4345 omnes
1027 4282 1055 4345 in
1080 4281 1257 4345 immensum
1280 4282 1342 4344 illic
1365 4280 1520 4342 considero

162 4383 194 4437 ιι
226 4375 348 4456 angeri,
382 4375 429 4438 hic
462 4374 590 4438 distrahi
623 4382 655 4435 et
683 4373 824 4436 deminui.
871 4372 915 4435 Ut
936 4371 982 4433 ita
1004 4371 1118 4434 veritas
1142 4371 1220 4433 inter
1248 4371 1320 4434 nihil
1343 4378 1376 4431 et
1399 4356 1529 4450 duplum.

162 4464 320 4539 consistat,
344 4482 439 4544 neque
463 4463 657 4527 metuendum
679 4461 734 4537 sit,
759 4482 796 4525 ne
819 4461 940 4525 nimiam
963 4461 1077 4523 habeat
1099 4460 1210 4522 artifex
1234 4459 1386 4523 licentiam
1409 4476 1519 4520 eccen-

161 4552 313 4615 tricitates
336 4552 486 4631 mutandi,
511 4551 538 4613 si
561 4550 627 4631 qnis
650 4550 720 4613 illas
743 4551 790 4613 his
814 4550 917 4631 figuris
940 4558 1047 4630 aptare
1072 4558 1205 4612 conetur.
1252 4549 1354 4650 Atque
1378 4547 1421 4609 sic
1445 4547 1528 4608 haec

161 4640 260 4705 altera
291 4638 369 4703 ratio
403 4649 469 4717 ιιι,
504 4660 580 4722 quae
612 4659 660 4702 me
688 4640 725 4701 de
754 4639 905 4703 discordia
933 4639 1012 4702 inter
1035 4658 1119 4702 meos
1143 4648 1175 4700 et
1197 4628 1356 4718 Cepernici
1380 4655 1519 4698 numeros

160 4749 304 4794 excusare
327 4737 441 4811 potest.

249 4818 386 4882 Tertiam
409 4817 481 4882 mihi
503 4815 681 4900 praebent
673 4815 732 4896 rpsi
754 4817 867 4879 numeri
891 4817 1119 4880 Prntenicarum
1143 4814 1304 4878 etiamnum
1328 4811 1439 4885 crassi,
1464 4829 1519 4871 nec

161 4907 204 4971 ita
232 4906 388 4990 expressi,
422 4916 456 4969 nt
483 4926 541 4969 nnn
568 4907 668 4988 possit
695 4904 855 4985 aliquando
883 4906 962 4968 hona
985 4925 1053 4968 cum
1076 4905 1165 4967 venia
1187 4904 1235 4966 vel
1258 4901 1384 4965 semisse
1407 4898 1519 4978 gradus
