3814 5818
690 404 698 419 ,
731 361 820 408 sona·
836 353 934 407 nm
1448 356 1515 435 245

152 528 217 574 sum
242 527 361 593 qnoque
384 510 549 587 concludit,
583 513 661 593 quod
684 490 891 577 consideranti
920 515 1008 578 facile
1031 523 1128 599 patet.
1173 516 1325 581 Numerus
1350 520 1514 599 quaeritur,

153 599 202 680 qui
226 599 345 680 legibus
368 599 524 679 imperatis
549 609 700 666 tractatus
723 610 841 667 certum
864 605 935 685 qnid
961 605 1082 669 efficiat
1129 604 1284 689 Arripitur
1309 607 1412 669 obvius
1429 610 1514 689 quis·
1603 679 1608 689 ,

152 686 223 768 due,
257 696 408 752 mactatur
430 691 497 773 lege
521 690 680 770 imperata,
704 693 730 754 si
755 694 834 775 quod
852 694 978 773 jubetur
1001 695 1110 770 efficit,
1136 694 1219 774 ipsus
1240 702 1289 756 est
1312 694 1362 776 qui
1385 715 1515 776 quaere-

150 776 256 852 batur,
280 778 327 840 sin
349 779 457 853 miuus,
482 779 578 840 falsus
602 789 660 844 est
706 782 773 845 Hoc
796 783 877 845 idem
900 782 929 845 in
947 783 1045 847 altero
1069 793 1214 856 tentatur,
1239 784 1357 863 utrique
1380 784 1458 848 inter
1481 806 1514 848 se

151 874 363 947 comparantur
391 875 423 929 et
445 874 636 949 utrorumque
666 880 808 951 peccata,
849 890 973 952 quorum
995 870 1105 933 intuitu
1128 891 1219 933 verus
1241 871 1363 934 tandem
1386 873 1515 937 elicitur.

151 954 230 1019 Huic
254 955 325 1035 quid
348 956 378 1018 in
401 958 612 1050 astropomicis
637 960 853 1042 hypothesibus
877 960 975 1022 simile
999 961 1049 1035 sit,
1074 961 1181 1022 iisdem
1204 961 1361 1023 verborum
1376 963 1515 1044 vestigiis

152 1045 263 1107 dicam.
308 1042 504 1126 Hypotheses
528 1057 723 1126 quaeruntur,
753 1068 829 1129 quae
853 1049 930 1111 coeli
951 1050 1082 1111 motibus
1112 1050 1325 1129 respondeant.
1372 1050 1515 1131 Alphon-

152 1133 237 1195 sinae
260 1152 388 1215 peccare
412 1133 689 1214 deprehenduntur,
713 1135 940 1218 Copemicaoae
964 1138 1079 1200 itidem.
1126 1138 1172 1200 At
1194 1138 1291 1200 solers
1315 1138 1426 1201 artifex
1448 1142 1515 1202 col-

152 1222 266 1285 latione
295 1232 487 1305 utrarumque
515 1224 659 1288 instituta
686 1235 719 1288 et
746 1226 903 1289 subductis
932 1226 1156 1289 aberratiounm
1188 1226 1356 1290 rationibus
1392 1229 1516 1293 tertium

152 1309 266 1391 aliquid
289 1312 408 1387 statuit,
434 1312 513 1393 quod
536 1333 667 1377 errorem
689 1335 807 1378 omnem
830 1315 912 1378 circa
934 1316 1152 1396 praedicendus
1177 1315 1254 1378 coeli
1275 1324 1375 1377 motus
1398 1318 1513 1398 effugit,
1567 1362 1574 1369 -

152 1418 246 1481 eoque
269 1401 359 1462 modo
383 1410 524 1481 utrasque
548 1402 617 1465 illas
640 1404 824 1487 hypotheses
839 1403 973 1486 corrigit.
1019 1401 1100 1474 Quid
1115 1403 1163 1466 hic
1188 1412 1245 1478 est,
1271 1404 1347 1484 quod
1366 1424 1420 1484 pro
1435 1406 1514 1468 Urso

153 1488 266 1550 faciat?
311 1489 494 1570 Proponitur
524 1492 610 1553 uobis
639 1492 669 1554 io
697 1494 763 1573 ejus
786 1495 924 1573 exemplo
952 1493 1058 1555 modus
1082 1511 1175 1565 unus,
1207 1493 1291 1573 isque
1322 1493 1460 1574 obliquus
1484 1503 1516 1556 et

151 1576 287 1659 despue,
311 1595 369 1658 quo
382 1578 481 1639 solent
506 1580 669 1642 astronomi
694 1581 877 1664 hypotheses
901 1582 1095 1662 investigare.
1143 1579 1229 1643 Atia
1253 1582 1411 1644 ostendere
1427 1584 1513 1644 vole·

149 1666 217 1739 bat,
251 1666 399 1745 quomodo
428 1687 466 1728 ex
494 1668 559 1747 jam
589 1670 757 1732 constituta
790 1671 869 1733 salsa
901 1670 1060 1752 hypothesi
1088 1688 1190 1731 verum
1223 1677 1254 1730 et
1282 1669 1358 1731 coeli
1383 1670 1514 1732 motibus

149 1755 300 1834 analogon
325 1755 556 1818 demonstretur.
604 1759 639 1820 In
663 1759 769 1838 regula
797 1759 868 1820 salsi
892 1777 1032 1820 uumerus
1062 1759 1156 1821 falsus
1185 1758 1294 1820 falsum
1323 1758 1392 1838 quid
1422 1759 1514 1821 etiam

150 1842 313 1907 concludit.
347 1844 445 1906 Ursus
460 1845 616 1908 contendit
634 1866 672 1908 ex
686 1847 773 1908 falsis
787 1848 1006 1930 hypothesibus
1021 1847 1233 1909 astronomicis
1247 1865 1350 1909 verum
1364 1845 1512 1909 concludi.

236 1933 373 2006 Decimo,
402 1941 563 2014 postquam
577 1955 662 1997 suam
679 1936 777 1999 Ursus
792 1936 973 1998 senteutiam
993 1936 1023 1998 iu
1039 1936 1136 1998 aciem
1150 1934 1301 2015 produxit,
1318 1953 1385 2013 eam
1400 1945 1510 1997 aucto-

149 2022 240 2085 ritate
264 2022 360 2085 mouit
379 2022 517 2084 ridicula.
565 2022 647 2093 Quid
672 2024 751 2086 enim
775 2044 821 2086 me
836 2033 958 2086 moreat
976 2024 1120 2105 ignotus?
1166 2025 1274 2105 Itaque
1289 2024 1385 2086 Ursus
1400 2032 1509 2086 aucto-

149 2111 233 2175 ritati
257 2130 330 2173 suae
354 2112 567 2174 auctoritatem
599 2112 663 2191 ipse
697 2112 853 2181 conciliat,
891 2122 1044 2175 auctorem
1068 2113 1171 2175 dicens
1196 2130 1263 2173 esse
1296 2112 1511 2192 pereruditom.

146 2198 265 2262 Juvabo
281 2200 469 2261 laborantem
483 2201 610 2275 Ursum;
643 2202 700 2265 init
715 2202 781 2279 ejus
796 2202 995 2282 praelationis
1014 2210 1129 2275 auctor,
1153 2200 1179 2263 si
1199 2200 1313 2275 nescis,
1338 2200 1512 2262 Andreas

148 2287 352 2363 Osiauder,
376 2297 410 2350 ut
423 2289 596 2373 Hieronymi
615 2289 786 2354 Schreiberi
809 2291 1042 2371 Noribergeusis
1066 2291 1121 2362 (ad
1144 2309 1231 2371 quem
1245 2287 1392 2351 Schoneri
1416 2309 1510 2370 qnae-

148 2377 218 2440 dam
240 2377 448 2458 praefationes
471 2382 610 2453 exstant)
633 2398 740 2442 manns
763 2380 794 2441 in
818 2398 882 2442 meo
897 2379 1061 2460 exemplari
1078 2378 1205 2441 visenda
1223 2372 1406 2451 testatum)
1453 2376 1513 2448 Qui

149 2485 327 2549 quamquam
351 2466 421 2530 Ursi
445 2467 614 2530 sententiae
640 2468 887 2549 quamproxime
910 2469 1109 2546 suffragatur,
1135 2475 1236 2529 tamen
1261 2476 1293 2529 et
1316 2466 1441 2547 aequior
1464 2475 1513 2528 est

149 2575 184 2618 eo
208 2563 240 2618 et
264 2553 423 2617 dilucidius
447 2575 479 2617 se
504 2557 647 2637 explicat.
695 2556 775 2628 Quid
798 2558 897 2637 ipsum
910 2558 1048 2629 moverit,
1071 2576 1130 2618 non
1147 2565 1195 2617 est
1210 2555 1379 2618 obscurum.
1416 2555 1511 2619 Nori-

147 2645 258 2725 bergas
283 2643 533 2717 domiciliabatur‚
559 2645 608 2707 ubi
632 2655 697 2708 tum
720 2646 867 2707 edebatur
882 2665 956 2726 opus
972 2642 1141 2725 (lopernici.
1190 2641 1266 2707 Cum
1287 2636 1379 2721 igitu'r
1393 2652 1512 2706 amaret

148 2734 352 2803 mathemata,
383 2752 442 2794 non
471 2735 571 2814 potuit
601 2727 658 2796 ooo
689 2754 789 2796 amare
817 2742 882 2796 tam
908 2735 1097 2813 praeclarum
1125 2751 1215 2812 opus;
1246 2740 1281 2793 at
1303 2751 1370 2794 cnm
1392 2734 1512 2794 videret

147 2820 394 2901 παραδοξοιατοι
416 2827 510 2901 dcypa
539 2823 575 2883 de
599 2832 683 2885 motu
706 2824 831 2896 Terrae,
861 2824 905 2884 sic
929 2822 1042 2884 statuit
1064 2820 1287 2901 infringendam
1311 2818 1510 2900 cupiditatem

148 2912 177 2974 in
208 2911 371 2973 lectoribus
394 2928 492 2973 rerum
514 2929 668 2979 novarum.
714 2911 809 2993 Atqui
833 2929 851 2972 o
874 2909 1040 2984 Osiandar,
1071 2908 1142 2990 quid
1165 2927 1200 2969 eo
1229 2916 1260 2969 te
1288 2906 1509 2989 desperationis

147 3000 261 3078 adegit,
287 3009 319 3062 ut
342 3000 589 3062 ex'astronomia
613 3001 650 3062 de
673 3019 746 3062 vera
768 2999 868 3064 mundi
893 2998 971 3060 lacis
995 2998 1068 3060 nihil
1082 2997 1158 3059 certi
1182 2996 1283 3075 colligi
1307 3015 1398 3076 posse
1422 2997 1507 3057 dice-

147 3088 220 3153 res?
244 3090 305 3163 An,
330 3088 379 3168 qui
402 3088 604 3168 peritissimus
629 3108 697 3150 eras
721 3089 827 3151 barum
849 3106 958 3158 rerum,
984 3087 1147 3149 etiamnum
1171 3084 1333 3148 dubitabas
1356 3085 1394 3145 de
1418 3083 1507 3145 rebus

147 3176 404 3241 evidentissimis?
458 3178 580 3239 Incerta
611 3177 666 3240 tibi
705 3178 867 3240 etiamnum
906 3184 973 3238 erat
1008 3175 1162 3256 proportio
1196 3171 1279 3236 Solis
1312 3173 1351 3234 ad
1382 3173 1507 3235 Terram

146 3266 269 3348 prodita
293 3266 332 3327 ab
356 3267 537 3327 astronomis
562 3275 593 3327 et
616 3276 762 3329 sexcenta
784 3265 974 3345 hujusmodi?
1020 3263 1054 3326 Si
1079 3264 1154 3326 haec
1175 3283 1225 3324 ars
1249 3281 1359 3324 causas
1374 3270 1508 3324 motuum

147 3355 324 3435 simpliciter
346 3354 476 3435 ignorat,
501 3365 665 3436 propterca
690 3357 760 3436 quia
782 3356 854 3416 nihil
880 3354 988 3429 credis,
1013 3354 1071 3415 nisi
1095 3352 1172 3433 quod
1196 3351 1290 3425 vides,
1316 3351 1386 3432 quid
1409 3349 1508 3412 medi·
1534 3402 1538 3405 Α

147 3446 232 3508 cinae
256 3445 324 3518 fiet,
358 3443 388 3505 iu
413 3463 472 3524 qua
494 3445 561 3525 quis
585 3464 715 3525 uuquam
738 3445 870 3507 medicus
894 3462 1017 3506 causam
1041 3441 1137 3505 morbi
1158 3441 1236 3503 vidit
1257 3440 1338 3502 intus
1362 3441 1508 3501 latentem

146 3536 250 3606 aliter,
280 3531 338 3594 nisi
362 3552 401 3594 ex
423 3532 520 3613 signis
544 3541 576 3594 et
598 3534 808 3614 symptomatis
833 3541 921 3595 extra
948 3550 1055 3612 corpus
1084 3532 1113 3593 in
1141 3549 1249 3591 seusus
1276 3527 1506 3601 incurrentibus,

147 3622 271 3704 perinde
295 3629 329 3683 nt
351 3628 543 3684 astronomus
567 3641 604 3683 ex
627 3621 783 3683 stellarum
809 3621 868 3683 situ
892 3618 1072 3701 aspectabili
1096 3618 1133 3681 de
1161 3619 1257 3681 forma
1281 3626 1381 3679 motus
1404 3634 1506 3678 eorum

146 3710 355 3774 ratiocinatur.
403 3708 465 3771 Sed
488 3711 528 3772 ad
551 3710 661 3773 Ursum
685 3719 888 3790 revertamur:
922 3709 968 3771 cui
998 3709 1053 3770 hoc
1078 3709 1114 3769 de
1138 3716 1218 3768 teste
1248 3725 1302 3767 suo
1331 3706 1412 3780 dico,
1447 3723 1508 3766 non

77 3861 83 3871 ,
148 3819 218 3862 esse
256 3799 334 3860 omni
368 3800 548 3879 exceptione
580 3798 734 3878 majorem.
791 3797 868 3857 Vult
900 3796 929 3857 in
963 3797 1068 3859 eadem
1100 3793 1289 3875 praelatione
1325 3793 1508 3873 persuadere

149 3888 266 3963 lectori,
292 3905 351 3949 non
375 3887 469 3949 fuisse
492 3888 522 3949 in
548 3888 604 3949 hac
628 3885 782 3949 sententia
805 3882 1014 3964 Copemicnm‚
1038 3902 1109 3945 vere
1125 3883 1249 3944 Terram
1271 3881 1393 3943 moveri.
1431 3879 1509 3943 Sta-

148 3978 203 4039 tim
227 3977 324 4056 ipsum
348 3975 377 4036 in
402 3975 502 4037 limine
520 3976 635 4038 refutat
656 3977 721 4056 ipse
737 3973 949 4053 Copemicus..
979 3970 1140 4053 Suggessit
1154 3971 1283 4032 Fuuccio
1303 3967 1505 4048 chronologo,

150 4067 176 4128 si
198 4067 276 4127 fides
297 4063 341 4125 illi
363 4065 428 4125 viro
451 4065 618 4139 tribuenda,
643 4084 701 4127 non
726 4074 943 4142 retrogressum
959 4080 1025 4123 esse
1041 4060 1142 4122 Solem
1158 4059 1185 4119 in
1202 4058 1331 4137 gratiam
1345 4057 1505 4132 Ezechiae,

148 4155 203 4215 sed
233 4161 352 4215 tantum
382 4153 518 4214 umbram
546 4154 711 4232 gnomonis.
760 4150 856 4222 Quasi
884 4151 958 4211 haec
991 4151 1029 4212 ab
1061 4148 1188 4210 invicem
1221 4148 1356 4226 separari
1384 4153 1506 4227 queant,

148 4263 215 4305 cum
246 4249 368 4304 constet
391 4261 428 4302 ex
458 4241 585 4303 lectione
613 4241 647 4304 S.
677 4240 865 4321 Scripturas,
899 4238 1112 4300 universaliter
1143 4235 1382 4298 animadversum
1414 4235 1507 4296 fuisse

149 4332 336 4396 miraculum.
383 4328 534 4392 Graviora
556 4331 701 4403 absurda,
735 4349 811 4410 quae
834 4328 890 4390 hoc
913 4327 1005 4389 etiam
1028 4326 1179 4405 ingenium
1203 4342 1348 4403 occupare
1371 4331 1506 4403 potuere,

149 4420 285 4500 relinquo
310 4419 379 4481 aliis
402 4419 596 4500 exquirenda.
643 4417 725 4489 Quid
747 4419 851 4480 mirum
875 4434 961 4495 ergo,
995 4416 1020 4477 si
1050 4415 1078 4475 in
1104 4413 1233 4475 mathesi
1257 4431 1387 4493 quoque,
1418 4430 1508 4492 quom

149 4511 266 4573 amavit
288 4527 347 4569 non
372 4508 527 4585 professus
546 4517 604 4583 sst,
629 4506 820 4569 exorbitavit.
869 4503 985 4567 Contra
1009 4523 1077 4566 euru
1098 4503 1174 4565 sisto
1189 4500 1396 4575 Aristotelem,
1422 4499 1508 4579 cujus

148 4597 405 4662 existimationem
428 4597 464 4658 de
488 4596 669 4659 astronomis
693 4595 781 4674 longe
804 4593 1036 4675 praeclariorem
1058 4610 1150 4671 supra
1172 4589 1271 4667 tetigi.

237 4688 308 4752 Nou
333 4691 504 4747 esttamen
528 4682 777 4765 praetereundum
803 4693 833 4746 et
857 4683 1030 4751 notandum,
1055 4679 1149 4742 videri
1169 4675 1348 4740 Osiandmm
1368 4674 1507 4737 simulate

147 4777 310 4859 scripsisse
342 4792 401 4834 non
430 4793 469 4835 ex
497 4773 589 4837 animi
612 4771 782 4848 sententia,
810 4791 896 4835 nsum
919 4789 1025 4849 nempe
1049 4766 1254 4832 Ciceronianis
1279 4765 1316 4826 ds
1339 4763 1509 4841 Republica

148 4866 306 4940 consiliis,
340 4880 406 4924 cum
431 4860 596 4945 Goperoico
626 4868 774 4924 metueret
797 4882 815 4922 a
838 4861 927 4940 vulgo
957 4857 1219 4939 philosophorum,
1253 4873 1289 4916 ne
1318 4850 1507 4949 absurditate
