3838 5824
971 1315 1091 1413 Caput
1114 1314 1147 1387 1.

523 1493 645 1587 Quibus
666 1489 844 1577 reducebam
868 1488 1035 1571 Ooperuici
1057 1472 1241 1571 hypotheses
1255 1489 1340 1570 finnt
1362 1497 1594 1552 conuentoucoe.

721 1595 767 1656 Et
788 1593 959 1677 euphrasio
982 1593 1199 1675 hypothesium
1224 1592 1398 1675 Ooperuict‘.

467 1752 537 1814 Etsi
560 1751 640 1831 pium
664 1759 722 1823 est,
746 1752 850 1813 statim
874 1750 912 1813 ab
936 1750 1021 1811 initio
1044 1748 1132 1830 huius
1156 1751 1193 1811 de
1213 1759 1322 1813 natura
1336 1749 1549 1831 disputationis
1565 1751 1675 1826 videre,
1700 1771 1737 1813 an

380 1842 452 1903 nihil
476 1839 580 1903 Sacris
603 1839 716 1901 Litoris
729 1839 922 1905 ,contrarium
946 1839 1080 1900 dicatur:
1104 1838 1350 1919 intempestivum
1373 1847 1474 1899 tamen
1498 1835 1738 1911 existimassem

380 1927 615 1991 controversiam
637 1927 684 1988 hic
704 1946 823 1989 movere
848 1926 930 2007 prius
954 1933 1044 2005 atque
1068 1925 1222 1988 solliciter.
1237 1931 1265 1999 ⁸)
1298 1927 1375 1987 iliud
1399 1927 1428 1986 in
1451 1944 1562 2005 genere
1585 1928 1737 2006 promitto,

379 2018 452 2078 nihil
475 2036 523 2078 me
548 2015 705 2088 dicturum,
731 2015 809 2094 quod
833 2015 861 2075 in
888 2013 999 2075 Saccas
1022 2013 1144 2075 Literas
1167 2014 1303 2093 injurium
1323 2013 1381 2087 sit,
1407 2020 1438 2073 et
1461 2013 1486 2073 si
1511 2015 1594 2092 cujus
1619 2013 1737 2093 Ceper-

381 2106 463 2166 nicus
487 2122 602 2165 mecum
626 2102 830 2176 convincatur,
854 2120 908 2181 pro
933 2101 1013 2162 nullo
1037 2101 1216 2163 habiturum.
1250 2104 1351 2180 Atque
1371 2120 1408 2163 ea
1422 2120 1506 2161 mens
1524 2101 1596 2163 milri
1619 2120 1739 2182 semper

382 2193 452 2266 luit,
479 2193 547 2252 inde
571 2213 590 2250 a
613 2210 670 2269 quo
696 2189 852 2269 Oopernici
877 2188 1108 2251 Revolutionum
1132 2189 1224 2250 libros
1248 2208 1429 2267 cognoscere
1453 2189 1546 2269 coepi.
1589 2200 1591 2205 ⁴

469 2277 545 2341 Cum
569 2278 660 2357 igitur
683 2278 739 2339 hae
763 2277 792 2338 in
816 2288 903 2358 parte
927 2278 1010 2338 nulla
1033 2276 1175 2356 religione
1198 2275 1368 2356 impedirer,
1392 2293 1449 2357 quo
1473 2275 1570 2338 minus
1590 2275 1737 2356 (loperni-

302 2446 309 2453 ι
380 2389 446 2430 crim
471 2367 495 2430 si
520 2374 724 2427 consentanea
748 2366 862 2428 diceret
886 2365 1035 2435 audirem,
1065 2364 1192 2445 primam
1216 2366 1304 2426 fidem
1327 2364 1398 2426 mihi
1424 2363 1496 2425 iecit
1519 2365 1571 2427 illa
1594 2367 1736 2444 pulcher-

380 2456 455 2518 rima
478 2453 617 2528 omnium,
643 2474 719 2536 quae
744 2454 773 2515 in
796 2454 881 2541 coelo
905 2460 1063 2533 apparent,
1087 2473 1153 2515 cum
1176 2453 1297 2532 placitis
1323 2451 1480 2532 Gopemici
1504 2453 1679 2515 consensio:
1704 2462 1738 2515 ut

381 2543 430 2624 qui
454 2563 512 2605 nou
536 2544 632 2604 solum
656 2552 755 2604 motus
778 2542 960 2622 praeteritos
975 2559 1013 2601 ex
1028 2539 1134 2602 ultima
1148 2542 1329 2622 antiquitate
1344 2540 1490 2620 repetitos
1505 2542 1737 2613 demonstraret,

380 2634 435 2693 sed
459 2631 552 2694 etiam
576 2631 692 2693 futuros
716 2639 825 2699 autea,
855 2649 913 2691 uon
937 2629 1055 2708 quidem
1079 2628 1261 2704 certissime,
1295 2630 1348 2691 sed
1377 2638 1477 2691 tamen
1503 2631 1592 2710 longe
1616 2629 1736 2703 certius,

380 2741 467 2800 quam
491 2719 700 2793 Ptolemaeus,
731 2720 906 2799 Alphonsns
933 2727 965 2778 et
987 2717 1097 2787 ceteri,
1120 2716 1245 2779 diceret.
1292 2718 1493 2780 illudentem
1517 2719 1605 2797 longe
1629 2717 1736 2797 majus,

381 2810 458 2890 quod
483 2826 559 2887 quae
588 2827 626 2867 ex
654 2806 722 2868 aliis
755 2806 856 2868 mirari
888 2804 1050 2878 discimus,
1084 2823 1186 2866 eorum
1220 2806 1302 2866 solus
1327 2803 1511 2886 (lopernicus
1538 2805 1737 2885 pulcherrime

381 2897 526 2959 rationem
550 2896 658 2970 reddit,
684 2913 864 2975 causamque
880 2892 1097 2968 admirationis,
1123 2913 1198 2974 quae
1222 2902 1270 2954 est
1288 2892 1438 2973 ignoratio
1454 2913 1620 2967 causarum,
1645 2893 1735 2955 tollit.

379 2987 537 3065 Nunquam
567 2984 597 3043 id
632 2983 749 3044 facilius
782 2984 908 3044 docuero
942 2981 1105 3055 lectorem,
1140 3001 1229 3061 qnam
1262 2981 1288 3043 si
1317 2982 1355 3042 ad
1378 2982 1592 3043 Narrationem
1615 2981 1736 3043 Rhetici

379 3071 604 3155 legendamilli
629 3078 734 3132 auctor
758 3078 789 3132 et
811 3089 973 3150 persuasor
998 3070 1138 3131 existam.
1176 3069 1255 3130 Nam
1280 3069 1363 3148 ipsos
1379 3069 1537 3150 Ceperuici
1562 3070 1653 3132 libros
1670 3068 1736 3130 Re-

379 3161 562 3223 rciutionum
587 3160 688 3238 legere
713 3178 771 3219 non
795 3158 931 3219 omnibus
954 3167 1055 3218 vacat.

468 3251 570 3325 Atque
593 3247 649 3307 hoc
675 3248 739 3307 loco
764 3265 912 3324 uunquam
936 3243 1078 3305 assentiri
1101 3242 1184 3320 potui
1209 3241 1283 3317 illis,
1319 3243 1367 3325 qui
1396 3245 1465 3306 freti
1494 3244 1630 3322 exemplo
1654 3243 1735 3305 acci-

381 3335 535 3397 dentariac
560 3333 840 3407 demonstrationis,
874 3350 950 3411 quae
974 3350 1012 3390 ex
1036 3329 1121 3391 falsis
1144 3330 1320 3409 praemissis
1343 3333 1526 3395 necessitate
1551 3330 1738 3411 syllogistica

381 3443 482 3485 rerum
506 3421 618 3501 aliquid
640 3421 749 3494 infert,
765 3418 794 3493 1’)
827 3419 894 3499 qni,
920 3418 1059 3496 inquam,
1083 3418 1138 3478 hoc
1162 3419 1299 3498 exemplo
1325 3420 1393 3482 freti
1417 3419 1649 3492 contendebant,
1674 3419 1737 3481 fieri

380 3529 479 3593 posse,
507 3520 540 3570 ut
563 3510 659 3569 salsae
683 3508 752 3581 siut,
779 3526 854 3587 quae
879 3505 1047 3584 Copernico
1070 3505 1192 3584 placent
1214 3508 1412 3588 hypotheses,
1436 3518 1591 3570 ettamen
1616 3526 1654 3568 ex
1678 3508 1737 3569 illis

381 3619 453 3660 cera
477 3618 639 3674 qorvopeeo
661 3604 805 3683 tanquam
830 3614 866 3655 ex
890 3593 1026 3673 genuinis
1050 3594 1203 3675 principiis
1226 3605 1398 3675 sequantur.

470 3684 649 3763 Exemplum
673 3682 752 3743 euim
776 3702 834 3744 non
859 3682 996 3762 quadrat.
1044 3680 1123 3745 Nam
1152 3683 1213 3745 ista
1240 3686 1363 3765 sequela
1391 3702 1428 3742 ex
1452 3683 1538 3744 falsis
1561 3682 1737 3761 praemissis

381 3774 506 3844 turtuita
530 3779 595 3845 est,
626 3780 657 3833 et
681 3789 756 3850 qnae
781 3771 849 3833 falsi
873 3779 982 3832 natura
1010 3779 1071 3848 est,
1103 3772 1231 3851 primum
1255 3782 1344 3852 atque
1369 3770 1419 3831 alii
1443 3772 1484 3832 rei
1510 3781 1657 3850 cognatae
1682 3790 1737 3832 ac-

382 3861 597 3932 commodatur,
622 3880 654 3921 se
669 3859 765 3941 ipsam
780 3859 894 3941 prodit:
919 3859 976 3921 nisi
1000 3868 1106 3940 sponte
1126 3860 1273 3922 concedas
1294 3860 1531 3937 argumentatori
1555 3859 1607 3935 illi,
1633 3871 1667 3922 ut
1689 3860 1736 3920 in-

382 3951 483 4012 finitas
503 3949 580 4010 alias
595 3949 690 4010 salsas
704 3948 924 4028 propositiones
940 3957 1084 4022 assumat,
1110 3968 1164 4008 nec
1189 3966 1318 4027 unquam
1341 3947 1369 4008 in
1394 3967 1556 4029 progressu
1579 3968 1736 4029 regressu-

382 4059 438 4119 que
463 4036 600 4116 sibiipsi
625 4045 754 4100 constet.
801 4036 901 4099 Aliter
929 4057 961 4099 se
991 4058 1039 4099 res
1067 4035 1160 4097 habet
1186 4054 1253 4095 cum
1287 4051 1342 4111 eo,
1376 4036 1425 4116 qui
1450 4036 1553 4100 Solem
1581 4036 1609 4097 in
1634 4044 1736 4097 centro

382 4128 521 4189 collocat.
570 4126 648 4187 Nam
666 4125 739 4206 jube
763 4126 910 4207 quidlibet
933 4145 1054 4200 corum,
1087 4142 1163 4202 quae
1195 4141 1301 4184 revera
1328 4124 1358 4185 in
1387 4127 1471 4187 coelo
1500 4133 1665 4205 apparent,
1700 4142 1738 4184 ex

382 4215 476 4276 semel
499 4214 600 4294 posita
624 4214 781 4295 hypothesi
806 4217 1027 4285 demonstrare,
1050 4209 1186 4289 regredi,
1209 4212 1368 4291 progredi,
1392 4234 1483 4276 unum
1506 4233 1543 4275 ex
1567 4212 1625 4274 alio
1649 4210 1737 4273 colli·

382 4321 463 4382 gere,
488 4312 520 4363 et
544 4302 660 4383 quidvis
685 4324 785 4381 agere,
811 4322 885 4382 quae
910 4302 1023 4362 veritas
1047 4317 1145 4360 rerum
1168 4298 1303 4377 patitur:
1328 4321 1422 4382 neque
1446 4301 1496 4363 ille
1521 4300 1685 4362 haesitabit
1707 4301 1738 4361 in

384 4393 462 4466 ullo,
487 4389 511 4453 si
535 4390 693 4470 genuinum
718 4391 771 4463 sit,
795 4400 827 4452 et
850 4388 898 4450 vel
921 4408 959 4450 ex
983 4385 1217 4449 intricatissimis
1241 4388 1529 4452 demonstrationum
1552 4388 1738 4451 anfractibus

384 4481 411 4541 in
437 4499 470 4541 se
493 4499 583 4541 unum
607 4478 850 4541 constantissime
870 4484 1047 4538 revertetur.
1086 4471 1223 4544 Quodsi
1248 4476 1380 4555 objicias,
1405 4478 1484 4539 idem
1507 4475 1616 4557 partim
1641 4478 1738 4539 adhuc

382 4587 493 4648 posse,
526 4566 636 4647 partim
659 4567 728 4629 olim
751 4565 885 4646 potuisse
910 4562 968 4624 dici
992 4563 1029 4623 de
1053 4562 1163 4624 tabulis
1187 4573 1219 4627 et
1241 4565 1457 4645 hypothesibus
1481 4566 1631 4646 antiquis,
1660 4566 1738 4646 quod

383 4675 489 4736 nempe
522 4676 708 4735 poeoparou
740 4651 949 4725 satisfaciant,
984 4660 1075 4731 atque
1106 4650 1177 4714 illas
1209 4662 1359 4715 tamena
1382 4653 1548 4734 Copemico
1581 4665 1614 4717 ut
1643 4657 1738 4717 falsas

383 4744 487 4827 rejici;
511 4763 600 4824 posse
625 4742 715 4821 igitur
739 4740 844 4800 eadem
868 4737 984 4800 ratione
1009 4748 1041 4800 et
1065 4737 1231 4820 Ccpernico
1254 4742 1447 4822 responderi,
1471 4738 1738 4825 nempe'quamvis

383 4832 504 4916 egregie
528 4850 643 4904 eornm,
669 4847 743 4909 quae
767 4834 916 4905 apparent
937 4826 1085 4890 rationem
1108 4829 1230 4907 reddat,
1255 4838 1356 4893 tamen
1379 4831 1408 4893 in
1432 4832 1593 4917 hypothesi
1617 4851 1736 4896 errare:
