3814 5818
756 360 846 413 mo
863 354 960 409 nm
1471 354 1536 427 css

175 512 239 577 sins
265 511 345 575 ratio
373 518 432 575 ost.
473 511 553 574 Nam
579 512 747 577 rationibus
769 512 889 579 Eudoxi
913 521 1148 579 consentaneum
1170 522 1232 590 est,
1262 521 1296 576 nt
1317 513 1365 577 hic
1390 514 1458 594 jam
1477 535 1536 587 nou

174 592 268 664 vehat
290 601 394 676 nodos,
419 600 473 663 sed
497 602 669 663 revolvatur
692 602 723 663 in
746 600 879 665 Saturno
903 603 1024 683 quidem
1045 603 1133 671 annis
1157 599 1209 677 30,
1234 601 1356 664 inJove
1379 604 1467 667 annis
1485 602 1535 680 12,

173 692 204 752 in
225 691 329 755 Marte
351 688 505 752 mensibus
529 686 581 764 23,
607 690 636 752 in
661 691 783 752 Venere
807 698 840 752 et
861 692 1012 754 Mercurio
1034 692 1188 755 mensibus
1216 689 1265 755 12.

263 778 313 842 Sit
335 797 453 841 rursum
476 780 540 859 (hg.
565 776 600 852 2)
624 777 708 845 ABG
732 780 831 860 portio
860 782 986 857 &mum
1010 780 1158 861 sphaerae
1183 788 1215 843 et
1242 780 1273 843 in
1296 798 1334 841 ea
1355 778 1451 847 coluri
1472 781 1535 848 soh·

88 921 92 927 .
175 868 340 944 stitiomm,
366 866 413 929 cui
436 868 618 946 respondeat
643 866 731 933 DEG
754 868 868 948 primus
890 869 1009 935 Eudoxi
1033 868 1128 944 orbis,
1158 889 1246 951 quem
1269 869 1382 931 habent
1405 868 1424 931 5
1449 888 1535 937 erro·

175 976 238 1033 nea,
263 957 313 1037 qni
335 958 476 1019 volvatur
499 976 589 1036 super
613 956 671 1019 ΒΗ
693 956 771 1036 polis
795 967 827 1019 et
852 977 919 1031 axe,
944 958 993 1019 axi
1015 959 1103 1039 primi
1124 967 1225 1023 motus
1248 957 1448 1020 coincidente.
1487 957 1537 1020 Sit

174 1045 246 1109 'HV
267 1047 419 1109 secundus
442 1044 533 1120 orbis,
558 1046 641 1124 cnjus
663 1046 726 1125 poli
748 1046 784 1117 T,
810 1047 840 1107 V
862 1047 993 1126 figantur
1010 1047 1041 1109 in
1062 1048 1184 1127 punctis
1205 1049 1240 1121 F,
1267 1046 1297 1108 G
1319 1045 1415 1126 primi,
1441 1055 1472 1111 et
1495 1046 1537 1109 sit

174 1133 229 1197 DF
251 1134 415 1215 obliquitas
441 1133 610 1214 eclipticas.
658 1132 757 1214 Super
780 1134 818 1196 iis
840 1135 919 1215 polis
946 1137 1073 1215 planeta
1095 1145 1233 1199 moretur
1257 1136 1286 1199 in
1311 1135 1534 1215 consequentia,

175 1242 201 1284 r.
218 1242 246 1285 c.
270 1219 291 1301 b
315 1223 402 1285 annis
426 1220 470 1286 30
494 1223 532 1284 ad
551 1223 632 1285 idem
652 1223 741 1302 primi
765 1224 814 1285 vel
837 1223 954 1285 zodiaci
967 1233 1111 1304 puuctum
1126 1224 1259 1288 rediens.
1306 1224 1399 1291 KML
1413 1224 1454 1289 sit
1468 1233 1534 1289 ter·

173 1313 232 1375 tius
256 1313 347 1387 orbis,
372 1313 458 1391 cujus
480 1311 543 1392 poli
564 1313 608 1384 K,
632 1313 659 1373 L
683 1320 754 1373 sunt
777 1313 805 1374 in
830 1312 985 1393 superficie
1005 1314 1129 1375 secundi
1151 1313 1326 1394 permedia
1349 1313 1438 1395 signa
1458 1332 1534 1377 enn-

174 1400 214 1461 tis
244 1401 333 1476 ‘trv3
375 1420 466 1480 super
502 1400 539 1461 iis
572 1408 711 1463 movetur
741 1401 889 1481 superiori
920 1408 1009 1480 parte
1052 1402 1082 1464 in
1116 1403 1333 1482 consequentia
1371 1403 1535 1467 secundum

174 1497 305 1552 tractum
334 1488 437 1551 circuli
464 1488 588 1551 maximi
621 1489 712 1563 YIX,
745 1499 778 1551 et
805 1491 850 1555 sic
876 1498 1014 1553 movetur
1043 1499 1078 1553 ut
1106 1492 1261 1572 requirunt
1290 1490 1370 1555 nodi.
1418 1488 1535 1565 Quodsi

174 1577 275 1653 YXZ,
314 1597 387 1660 pars
418 1578 515 1639 lineae
543 1578 803 1657 repraesentantis
831 1578 1016 1658 eclipticam,
1058 1580 1225 1660 explicetur
1256 1589 1290 1643 nt
1317 1581 1372 1641 liat
1394 1580 1532 1655 circulus,

173 1669 292 1731 colurus
307 1667 380 1730 TIV
403 1666 456 1728 tiet
477 1667 507 1728 in
530 1666 650 1745 pictura
672 1667 761 1742 linea,
786 1666 925 1733 similiter
942 1675 975 1729 et
988 1668 1076 1730 KYL
1091 1679 1123 1731 et
1140 1669 1183 1744 Κ,
1208 1669 1235 1731 L
1256 1669 1321 1750 poli
1344 1688 1410 1731 cum
1429 1678 1534 1735 centro

173 1755 352 1821 coincident.
400 1755 484 1817 PRO
513 1755 555 1817 sit
584 1763 725 1834 quartus,
758 1757 844 1836 cujas
872 1758 934 1835 poli
953 1757 992 1832 P,
1017 1756 1047 1818 0Ὶ
1075 1758 1127 1823 tsi
1156 1758 1220 1820 sint
1246 1758 1276 1820 in
1303 1757 1387 1820 tertii
1413 1757 1533 1839 penoris

150 1846 221 1919 m,
246 1845 293 1920 N,
323 1863 413 1924 snper
436 1843 543 1924 quibus
565 1852 703 1907 moretur
725 1844 829 1907 itidem
852 1844 882 1907 in
906 1848 1122 1924 consequentia
1152 1847 1316 1915 secundum
1338 1854 1470 1911 tractum
1488 1847 1534 1908 sui

172 1934 276 1997 circuli
303 1933 428 1996 maximi
450 1932 523 2007 RS,
554 1935 719 1995 secundnm
742 1951 832 2013 quam
855 1934 934 1997 viam
968 1936 1062 1997 stella
1089 1936 1297 2003 circumfertur
1326 1942 1461 2015 tempore
1486 1953 1531 2008 eo,

174 2024 252 2105 qnod
273 2023 412 2104 postulat
435 2022 587 2083 anomalia
610 2021 862 2086 commutationis.
909 2022 995 2084 Haec
1008 2023 1126 2085 Eudoxi
1138 2024 1310 2107 philosophi
1323 2023 1533 2105 philosophica

173 2114 273 2196 opinio
297 2112 334 2173 de
360 2107 380 2172 5
404 2110 589 2179 errantibus,
617 2112 667 2190 qui
691 2112 819 2173 alteram
838 2110 1087 2193 inaequalitatem
1109 2112 1277 2194 ignoravit,
1308 2130 1384 2194 quae
1408 2123 1459 2175 est
1480 2130 1531 2175 re-

172 2210 278 2284 spectu
302 2200 384 2262 orbis
406 2199 559 2279 planetae.

262 2290 409 2366 „Tertiae
430 2306 503 2349 vero
527 2286 658 2351 omnium
681 2287 830 2367 sphaerae
853 2288 942 2368 polos
965 2308 1033 2351 esse
1056 2288 1086 2350 in
1111 2306 1147 2350 eo
1170 2288 1291 2365 circulo,
1316 2289 1367 2370 qui
1390 2307 1444 2369 per
1465 2308 1532 2352 me-

172 2379 254 2442 dium
286 2379 440 2458 signorum
472 2376 604 2439 transit:
639 2382 673 2437 at
705 2384 830 2457 quartae
858 2377 1084 2440 conversionem
1113 2395 1182 2438 esee
1209 2397 1264 2459 per
1290 2378 1448 2457 circulum,
1483 2378 1533 2459 qui

171 2469 310 2549 obliquus
334 2476 384 2528 est
411 2465 450 2527 ad
473 2466 602 2527 medium
624 2465 768 2527 circutum
790 2465 889 2546 hujus.
934 2465 1014 2528 Esse
1036 2484 1126 2545 porro
1149 2467 1259 2529 tertiae
1274 2467 1421 2547 sphaerae
1444 2468 1531 2549 potos

171 2558 354 2637 reliquarum
378 2554 497 2634 quidem
518 2554 673 2615 stellarum
696 2554 849 2634 proprios,
879 2554 1009 2619 Veneris
1032 2563 1136 2617 autem
1159 2564 1191 2616 et
1211 2555 1352 2618 Mercurii
1376 2556 1533 2621 eosdem.“

172 2647 213 2711 Ut
235 2646 315 2708 hunc
337 2662 408 2707 vere
433 2641 579 2704 Gordium
601 2642 712 2703 nodum
735 2660 801 2704 cum
824 2643 942 2704 ratione
966 2651 999 2705 et
1020 2644 1072 2705 via
1095 2650 1180 2705 certa
1202 2643 1390 2709 adoriamur:
1414 2644 1459 2713 sic
1483 2653 1532 2717 ost

27 2700 29 2717 Ι
81 2740 85 2744 ’
170 2736 257 2799 nohis
288 2733 449 2813 agendum.
504 2732 539 2792 In
562 2731 650 2792 Luna
676 2729 754 2792 vidit
779 2730 924 2793 Eudoxus
951 2727 973 2794 3
1002 2740 1117 2794 motus:
1154 2732 1187 2804 1)
1211 2732 1349 2795 diurnum
1385 2729 1421 2805 2)
1444 2752 1530 2799 uren·

170 2834 289 2887 etrunm
313 2822 342 2883 in
367 2820 538 2901 oppositum
571 2819 668 2899 primo
702 2826 734 2880 et
755 2819 908 2899 obliquum
931 2820 987 2883 snb
1010 2821 1135 2882 andiaco
1170 2816 1206 2895 3)
1231 2820 1280 2900 qui
1311 2821 1529 2901 digressionem

171 2915 238 2993 ejus
262 2913 301 2975 ab
325 2909 471 2990 ecliptica
496 2909 639 2971 variaret.
685 2908 737 2969 Ad
766 2926 920 2969 numerum
947 2909 1024 2971 hunc
1052 2915 1187 2972 motuum
1209 2909 1338 2971 totidem
1361 2909 1454 2973 etiam
1471 2928 1529 2991 po·

170 3003 265 3064 nebat
288 3000 388 3063 orbes.
435 2999 469 3061 ln
498 2997 631 3077 planetis
655 2995 764 3058 ceteris
788 2993 810 3059 4
833 2995 1017 3059 observabat
1036 3004 1145 3072 ⁸motus
1174 2997 1334 3061 admodum
1356 2997 1530 3067 evidentes:

171 3092 204 3165 1)
228 3090 366 3153 diurnum
393 3088 449 3149 sub
473 3093 638 3167 aequatore
667 3086 695 3147 in
721 3085 934 3147 antecedentia
969 3083 1005 3159 2)
1028 3085 1084 3147 sub
1106 3086 1231 3149 zodiaco
1258 3086 1288 3149 in
1312 3088 1531 3167 consequentia
1563 3150 1565 3155 ,

170 3178 207 3255 3)
230 3176 402 3245 latitudinis
435 3176 474 3238 ab
497 3174 639 3254 ecliptica
667 3169 705 3248 4)
730 3193 787 3254 quo
813 3174 957 3254 planetae
979 3173 1026 3239 illi
1041 3193 1117 3256 prae
1138 3175 1332 3241 luminaribus
1355 3176 1413 3238 hoc
1435 3195 1530 3256 pecu-

170 3269 245 3332 liare
272 3266 459 3339 obtinerent,
490 3272 525 3325 ut
551 3266 658 3325 fierent
684 3263 865 3345 retrogradi.
910 3264 958 3326 De
983 3264 1080 3346 primo
1108 3272 1140 3327 et
1166 3265 1299 3329 secundo
1321 3272 1420 3337 motu,
1451 3266 1531 3346 quod

168 3359 190 3420 ii
213 3359 277 3421 sint
299 3355 435 3419 omnibus
459 3372 639 3426 communes,
664 3352 734 3433 ipsa
747 3354 843 3421 verba
853 3352 1032 3421 Aristotelis
1046 3353 1125 3417 satis
1145 3362 1307 3419 testantur.
1354 3352 1444 3428 Quot
1457 3372 1530 3418 vero

168 3457 201 3510 et
221 3446 331 3509 tertius
354 3443 524 3507 latitudinis
539 3443 643 3504 Lunae
667 3462 734 3505 cum
757 3442 805 3504 his
828 3438 848 3507 5
873 3443 1029 3507 erronibus
1051 3444 1216 3509 communis
1239 3443 1290 3521 sit,
1315 3445 1373 3507 etsi
1396 3462 1435 3505 ex
1456 3462 1528 3506 ver·
1597 3518 1612 3537 ἢ

169 3536 216 3598 bia
238 3533 419 3597 Aristotelis
442 3550 499 3595 non
524 3531 677 3612 sequitur,
708 3549 767 3592 non
792 3530 917 3594 latuisse
940 3540 1042 3597 tamen
1063 3533 1222 3599 Eudoxum
1249 3532 1328 3595 ratio
1355 3532 1528 3614 persuadet.

167 3625 248 3687 Nam
267 3624 293 3686 si
316 3643 374 3685 non
397 3622 466 3702 plus
489 3619 664 3700 diligentiae
687 3619 716 3680 in
740 3620 929 3682 observando
952 3621 1104 3697 adhibuit,
1129 3642 1218 3704 quam
1241 3630 1386 3703 quantum
1409 3622 1449 3685 ad
1472 3623 1528 3685 de-

168 3711 398 3792 prehendendas
421 3707 702 3789 retrogradationes
725 3708 851 3784 sufficit,
880 3728 938 3770 non
962 3711 1061 3790 potuit
1088 3729 1146 3773 non
1170 3712 1291 3790 saepius
1318 3712 1348 3779 in
1372 3730 1451 3773 anno
1474 3730 1528 3774 re·

168 3802 285 3881 spicere
314 3801 354 3862 ad
380 3801 571 3880 planetarum
599 3795 839 3878 conjunctiones,
878 3816 1001 3877 quornm
1030 3819 1105 3865 unns
1136 3799 1195 3861 alio
1223 3799 1272 3860 vel
1301 3800 1451 3864 borealior
1478 3802 1529 3863 vel

168 3890 344 3964 austraiior,
378 3896 411 3951 et
434 3887 477 3949 sic
505 3887 643 3949 diversae
672 3885 710 3947 ab
734 3886 830 3949 altero
855 3886 1024 3953 latitudinis
1048 3896 1146 3962 esset,
1177 3906 1232 3948 nec
1260 3887 1300 3953 ad
1323 3906 1452 3969 unguem
1474 3906 1529 3970 per

169 3980 299 4043 medium
329 3979 483 4059 signormn
512 3978 650 4039 ferretur.
696 3974 738 4037 Et
765 3974 796 4036 in
825 3974 1027 4055 descriptione
1055 3975 1175 4057 quidem
1198 3976 1299 4057 quarti
1328 3996 1396 4040 cnm
1423 3978 1529 4041 eadem

167 4068 230 4131 sint
252 4068 355 4144 verba,
380 4085 455 4148 quae
479 4085 571 4145 supra
593 4066 624 4128 in
647 4064 848 4144 descriptione
873 4064 973 4127 tertii:
997 4064 1148 4139 „medium
1167 4066 1310 4129 creatum
1325 4067 1425 4148 quarti
1448 4066 1528 4129 obli-

168 4176 256 4238 quum
284 4176 352 4221 esse
383 4156 421 4217 ad
446 4155 575 4217 medium
599 4154 714 4231 tertii“,
739 4160 826 4215 tanto
850 4153 948 4217 minus
972 4162 1020 4216 est
1043 4173 1096 4215 cur
1118 4153 1302 4231 dubitemus,
1337 4157 1467 4221 alterum
1491 4175 1528 4217 ex

127 4243 132 4249 ’
167 4247 214 4310 his
238 4245 390 4309 latitudini
412 4245 565 4324 planetae,
590 4243 717 4305 alterum
745 4242 1000 4322 retrogradatioui
1014 4243 1162 4321 deputari.
1208 4244 1315 4326 Itaque
1335 4244 1394 4307 non
1416 4253 1466 4313 eat
1479 4242 1528 4308 hic

167 4335 334 4399 audiendus
361 4335 596 4404 Fracastoreus,
633 4331 683 4411 qui
710 4331 886 4395 latitudines
920 4330 1111 4411 planetarum
1139 4331 1178 4395 ab
1205 4332 1332 4395 Eudoxo
1359 4334 1526 4416 neglectas,

167 4425 313 4488 ambobus
345 4442 417 4486 vern
449 4422 502 4484 his·
521 4418 641 4483 circulis
673 4439 763 4482 unam
791 4420 1082 4500 retrogradationem
1111 4428 1374 4503 repraesentatam
1405 4423 1526 4500 asserit,

165 4514 325 4577 Eudoxum
349 4512 389 4574 ad
411 4531 467 4573 sna
489 4510 724 4572 Homocentrica
748 4510 846 4591 adque
870 4511 995 4573 formam
1018 4518 1154 4579 motuum
1183 4531 1203 4572 a
1226 4530 1259 4575 se
1283 4530 1358 4577 sane
1379 4529 1526 4593 perquam

166 4603 323 4683 ingeniose
355 4601 508 4664 inventam
536 4599 684 4661 violenter
712 4598 951 4661 accommodans.
1006 4599 1049 4661 Et
1076 4597 1196 4667 obtinet
1220 4600 1273 4665 ille
1305 4600 1425 4680 quidem
1451 4620 1525 4682 pro.

165 4691 307 4772 positum,
336 4690 372 4752 fit
392 4690 518 4770 planeta
538 4687 734 4768 retrogradus
761 4693 794 4748 et
816 4687 905 4748 velox
927 4694 960 4748 et
982 4687 1193 4762 stationarius,
1224 4688 1373 4769 positione
1401 4689 1527 4755 duorum

164 4782 284 4844 mum
306 4780 433 4842 Terram
456 4780 487 4842 in
508 4786 610 4841 centm
635 4776 819 4849 habentium,
853 4794 978 4857 quornm
1001 4776 1126 4839 alterius
1149 4776 1211 4858 poli
1233 4776 1264 4838 in
1288 4777 1430 4856 ecliptica
1450 4778 1525 4866 sint.

162 4880 266 4936 motus
288 4887 395 4954 versus
417 4869 505 4948 polos
529 4865 703 4949 eclipticas,
734 4864 862 4929 alterius
883 4883 955 4948 uero
978 4864 1040 4945 poli
1064 4864 1102 4928 ab
1125 4866 1183 4933 hoo
1205 4865 1453 4930 circumferantur
1476 4863 1525 4926 di-
