3838 5824
724 418 728 423 .
791 367 873 434 casus
888 367 933 420 ιι.
1482 369 1543 438 ier

182 530 215 584 de
230 528 304 583 thesi
318 529 396 598 ipsa:
415 544 487 600 quae
502 535 596 583 tanim
610 530 646 583 ad
658 528 828 600 hypothesin
842 531 870 585 in
883 532 936 586 lroo
951 532 1058 603 quidem
1072 538 1164 602 caput,
1179 538 1212 587 ut
1226 531 1304 602 coepi
1319 533 1418 597 dicere,
1434 552 1489 589 non
1503 535 1543 589 fe·
1559 534 1568 553 ‘

182 609 273 664 liciter
293 608 348 662 ruit
367 608 520 679 applicata

263 682 290 753 o)
310 688 370 742 Hoc
385 689 417 743 de
433 689 465 742 iis
480 689 648 752 dictumest,
664 688 779 758 quaein
792 707 896 760 genere
915 692 1102 753 quantitatum
1122 691 1257 746 rationem
1271 693 1378 746 habent
1401 694 1543 747 materiae.

184 769 269 823 Verbi
283 784 377 832 causa,
398 768 572 839 sphaericum
590 768 679 837 ipsum
697 785 747 839 per
761 787 790 822 se
807 787 890 823 unum
904 778 992 825 totum
1013 772 1119 842 sibique
1133 770 1252 842 undique
1272 772 1359 826 simile
1381 780 1425 826 est
1443 773 1544 829 torma·

183 851 260 909 litem
283 856 314 902 at
332 849 524 913 materialiter,
539 856 571 901 ut
589 849 756 917 superficies,
780 850 868 903 habet
888 857 998 919 partem
1018 859 1101 905 extra
1121 859 1238 921 partem.
1281 852 1334 905 Hic
1353 870 1413 906 cum
1435 854 1544 907 ratione

183 928 305 1000 partium
319 928 473 982 dominetur
487 928 514 981 in
529 928 673 998 sphaerico
693 929 814 982 infinitas
829 929 977 995 divisionis,
1002 932 1175 1001 sphaericum
1196 931 1283 1001 igitur
1299 933 1407 985 ratione
1421 949 1464 995 ea,
1487 949 1545 1003 qua

184 1010 212 1063 in
224 1016 321 1079 partes
337 1016 381 1062 est
395 1009 540 1071 dividuum,
565 1026 620 1061 non
635 1009 823 1063 consideratur
838 1010 999 1074 formaliter,
1022 1013 1069 1064 sed
1089 1011 1279 1075 materialiter,
1304 1011 1362 1064 sire
1384 1014 1454 1082 quod
1474 1013 1545 1067 idem

183 1094 236 1150 est,
257 1094 353 1156 partes
378 1088 515 1157 sphaerici
538 1087 669 1141 formales
690 1089 784 1143 nullae
807 1100 884 1160 sunt3
910 1107 980 1161 qnae
1001 1108 1066 1145 vero
1089 1092 1116 1144 in
1140 1092 1187 1144 illo
1211 1092 1419 1145 considerantur
1438 1098 1543 1161 partes,

183 1168 343 1223 materiales
363 1176 435 1230 sunt,
459 1168 488 1221 in
512 1175 645 1237 quantum
667 1169 759 1239 figura
782 1169 921 1238 sphaerici
944 1171 1033 1224 utitur
1055 1170 1173 1225 materia
1195 1170 1384 1240 quantitative
1407 1171 1543 1241 dividique

184 1253 287 1319 potest.
328 1248 392 1302 lam
409 1264 474 1302 rere
494 1255 558 1301 actu
580 1248 738 1303 inscribitur
751 1251 837 1302 cubus
859 1251 1022 1320 sphaerico,
1045 1251 1068 1303 si
1090 1251 1264 1320 sphaericum
1287 1250 1443 1304 formaliter
1456 1252 1543 1305 consi·

184 1330 298 1381 deretur
311 1334 344 1380 ut
355 1328 455 1398 ligura,
472 1328 547 1380 locus
563 1329 717 1398 quaestioni
733 1344 786 1382 uon
801 1336 853 1393 est,
877 1331 1041 1400 quibusnam
1054 1331 1082 1383 in
1097 1331 1206 1400 punctis
1221 1332 1362 1385 statuendi
1377 1331 1434 1383 sint
1447 1330 1544 1401 anguli

184 1398 256 1469 sabi,
277 1407 320 1461 sin
339 1414 433 1462 auteur
455 1407 640 1462 materialiter
661 1409 825 1473 consideres,
848 1416 882 1463 ut
904 1411 1076 1480 superficiem
1098 1411 1262 1464 intuitorum
1282 1418 1458 1481 punctorum:
1481 1420 1546 1464 tunc

184 1488 293 1558 quinem
312 1487 468 1556 penatium
490 1489 566 1540 locus
584 1494 637 1551 est,
658 1488 758 1558 quibus
779 1489 807 1542 in
821 1491 950 1559 punctis?
971 1497 1004 1544 at
1022 1491 1184 1560 responderi
1198 1506 1253 1543 non
1266 1496 1369 1559 potest,
1391 1507 1453 1544 cum
1472 1491 1544 1543 ratio

184 1567 264 1623 nnlla
286 1566 332 1629 sit,
358 1584 408 1621 our
429 1567 522 1636 potins
535 1566 573 1619 'in
594 1565 639 1620 bis
660 1568 779 1638 puncta,
800 1585 883 1639 qnam
906 1570 933 1623 in
957 1569 1035 1624 aliis:
1057 1570 1159 1640 quippe
1179 1577 1274 1639 potest
1296 1570 1324 1623 in
1346 1569 1459 1623 infinitis
1482 1570 1544 1623 aliis

184 1656 268 1717 atque
287 1646 360 1700 aliis.

263 1725 356 1794 Hnjns
376 1725 488 1799 generis
511 1734 577 1781 sunt
596 1735 628 1781 et
647 1729 721 1782 istae
742 1729 931 1798 quaestiones:
956 1745 1017 1783 cum
1036 1727 1152 1799 tingitur
1169 1729 1289 1798 spatium
1303 1730 1545 1784 ultramnndsunm

185 1805 326 1870 inlinitum,
348 1817 380 1861 et
399 1808 432 1860 de
448 1823 481 1859 eo
504 1807 655 1876 quaeritur,
678 1826 726 1862 car
739 1809 832 1878 potius
850 1808 878 1861 in
891 1808 945 1862 bac
958 1817 1040 1878 parte
1054 1808 1150 1878 spatii,
1173 1825 1255 1879 qnam
1273 1809 1301 1863 in
1320 1809 1379 1862 alis
1393 1808 1544 1863 collocatur

185 1887 223 1940 sit
235 1887 366 1948 mundns:
389 1888 455 1941 itern
475 1903 536 1941 cunr
554 1895 664 1957 tempus
679 1896 822 1942 aeternum
837 1887 1005 1957 (oppositam
1025 1890 1052 1942 in
1067 1886 1188 1957 adjecto)
1202 1890 1318 1960 tingitur
1332 1888 1543 1959 quaeriturque:

185 1982 233 2020 an·
253 1967 362 2021 denium
382 1974 448 2021 ante
472 1985 523 2020 sex
544 1967 632 2022 millia
652 1985 786 2022 annorum
808 1968 933 2022 conditus
956 1969 993 2023 sit
1013 1971 1141 2030 mundns,
1163 1968 1224 2022 Deo
1239 1970 1276 2023 ab
1290 1969 1362 2022 omni
1377 1968 1546 2021 aeternitate

184 2046 344 2100 abstinente
358 2061 377 2099 a
390 2049 526 2101 creando?
566 2048 638 2101 Nam
653 2056 683 2102 et
696 2048 818 2118 spatium
837 2055 868 2102 et
881 2054 998 2118 tempus,
1023 2046 1051 2102 in
1065 2065 1169 2119 genere
1190 2048 1385 2118 quantitatum,
1409 2048 1546 2101 rationem

183 2126 290 2181 babent
307 2128 451 2190 materiae,
471 2134 601 2197 respectu
624 2129 733 2199 quidem
747 2130 930 2199 figuratarum
950 2128 1146 2199 quandtatnm.
1187 2127 1309 2181 Materia
1321 2144 1388 2180 vero
1408 2126 1486 2180 dese
1500 2143 1546 2181 ra·

184 2206 273 2260 sones
287 2206 380 2260 nullas
395 2208 564 2277 suppeditat,
593 2209 656 2278 ipsa
678 2209 705 2261 in
719 2225 751 2261 se
772 2224 857 2262 unaru
879 2214 909 2262 et
928 2208 1018 2263 solam
1040 2209 1241 2277 proprietatem
1262 2207 1358 2269 babet,
1384 2207 1548 2261 infinitatem

184 2286 313 2355 partium,
333 2287 473 2341 acmalem
487 2288 603 2357 quidem,
626 2289 671 2341 rel
686 2288 790 2342 numeri
803 2288 850 2340 rel
864 2288 1039 2357 quantitate,
1061 2287 1085 2341 si
1106 2287 1194 2356 ipsum
1216 2295 1304 2342 totum
1318 2295 1384 2340 actu
1398 2285 1546 2341 indultum:

183 2366 365 2435 potentialem
378 2383 444 2421 rero
459 2369 572 2432 numeri,
597 2369 622 2421 si
635 2375 724 2423 totum
738 2374 803 2421 acto
816 2368 931 2431 finitam,
954 2370 1025 2437 quod
1042 2368 1130 2421 solum
1144 2375 1189 2421 est
1201 2367 1341 2437 possibile,
1367 2383 1427 2420 oum
1437 2367 1547 2436 quanti·

184 2452 228 2500 tas
246 2452 293 2499 est
312 2447 340 2500 in
353 2447 473 2502 materia
485 2449 622 2517 corporali
641 2448 760 2517 physica
781 2448 826 2501 vel
840 2447 964 2502 coelesti.
1005 2448 1076 2501 Vide
1093 2447 1213 2517 Epitom.
1228 2450 1304 2501 Astr.
1325 2446 1372 2499 lib.
1388 2446 1418 2509 1,
1439 2447 1487 2499 ubi
1508 2447 1543 2499 de

183 2525 275 2595 figlina
295 2528 365 2580 ΜΘΗ
385 2527 512 2598 &gitur-1

263 2616 295 2692 d)
316 2624 398 2678 Ratio
412 2624 559 2680 Aristoteli
573 2624 717 2678 familiaris
731 2624 776 2678 bic
790 2625 999 2693 impertinenter
1013 2624 1173 2686 adhibetur;
1191 2625 1242 2678 imo
1257 2642 1291 2677 ne
1310 2622 1474 2693 principium
1488 2622 1546 2693 qui-

184 2706 246 2758 dem
259 2705 342 2758 dstrrr
356 2705 475 2774 alicujus
489 2720 634 2776 regressus
649 2705 677 2758 in
691 2704 866 2774 assignandis
881 2706 1045 2767 rationibus,
1062 2705 1108 2758 ubi
1122 2705 1194 2758 ratio
1209 2704 1294 2773 plane
1309 2704 1388 2756 nulla
1402 2710 1453 2756 est.

264 2798 292 2867 e)
314 2800 350 2865 Si,
375 2801 494 2872 inquam,
518 2819 572 2855 non
596 2808 641 2855 est
663 2801 770 2856 initium
794 2801 884 2871 operis
908 2801 1063 2855 faciendum
1084 2802 1143 2855 sine
1166 2802 1282 2863 ratione,
1308 2801 1414 2853 nullum
1427 2815 1549 2871 unquam

186 2881 293 2937 initium
315 2882 369 2935 erit
391 2882 560 2943 faciendum:
582 2881 704 2935 rationes
728 2882 800 2935 enim
824 2883 858 2934 ad
881 2882 934 2935 hoc
958 2883 1002 2934 vel
1017 2881 1085 2934 illud
1109 2880 1223 2945 initium,
1247 2880 1296 2933 ubi
1318 2882 1418 2933 dantur
1432 2879 1547 2943 infinita,

184 2962 270 3032 plane
289 2961 383 3014 nullae
403 2968 477 3016 sunt.
519 2962 596 3024 Quod
621 2961 708 3030 igitur
731 2961 759 3015 in
780 2960 891 3014 infinitis
912 2961 1021 3030 punctis
1036 2961 1094 3014 lieri
1114 2977 1202 3031 acque
1217 2968 1320 3029 posset,
1346 2960 1371 3012 id
1391 2976 1452 3012 cnm
1475 2959 1507 3014 ut
1521 2959 1550 3013 in

184 3058 279 3095 eorum
292 3058 347 3094 uno
371 3041 472 3112 aliquo,
496 3048 610 3112 praeter
633 3057 739 3094 omnem
759 3040 894 3096 rationem
918 3048 975 3105 est,
1001 3042 1071 3111 quod
1094 3041 1122 3094 in
1142 3054 1175 3094 eo
1196 3039 1367 3110 potissimum
1389 3038 1443 3092 fuit
1463 3054 1545 3107 prae·

189 3120 278 3176 teritis
300 3121 371 3175 aliis.

265 3193 291 3269 t)
312 3201 398 3270 Atqui
418 3200 575 3271 geometria
593 3202 674 3254 docet
693 3199 859 3255 locationem
882 3199 1031 3271 pyramidis
1053 3199 1081 3251 in
1103 3200 1172 3252 cubo
1194 3199 1278 3269 longe
1298 3197 1497 3251 concinniorem
1520 3206 1550 3250 et

186 3278 392 3351 perfectiorem:
408 3279 614 3343 concinniorem,
638 3281 704 3350 quia
718 3297 789 3350 quae
803 3279 875 3334 rat-io
890 3288 935 3333 est
948 3279 1133 3350 inscriptionis
1147 3278 1334 3350 geometricae
1355 3277 1428 3331 illius
1444 3277 1472 3330 in
1486 3277 1549 3337 isto,

186 3361 283 3415 eadem
301 3360 385 3413 etiam
408 3360 434 3413 in
456 3361 554 3413 mundo
579 3360 712 3414 concinna
725 3361 794 3415 erit:
819 3368 850 3414 at
863 3360 1031 3430 geometrice
1054 3359 1176 3430 pyramis
1192 3360 1261 3412 cubo
1276 3359 1315 3411 sic
1330 3357 1494 3422 inscribitur,
1519 3364 1550 3411 ut

187 3440 331 3510 quodlibet
344 3441 419 3493 latus
433 3439 585 3509 pyramidis
599 3441 650 3494 fiat
663 3441 808 3512 diagonios
823 3441 903 3494 unius
923 3441 1001 3509 plani
1023 3439 1124 3492 cubici:
1146 3439 1338 3509 perfectiorem
1352 3455 1426 3501 sero,
1448 3438 1513 3509 quia
1528 3437 1550 3491 si

186 3521 306 3574 maxime
321 3520 396 3573 basis
410 3535 468 3573 una
480 3521 630 3589 pyramidis
644 3521 695 3574 liat
707 3521 849 3591 parallelo
862 3521 923 3573 basi
938 3522 984 3573 nni
1000 3521 1071 3583 cubi,
1087 3527 1179 3573 tamen
1194 3521 1284 3573 adhuc
1299 3519 1405 3572 incerto
1418 3525 1462 3571 est
1476 3518 1550 3571 loca-

189 3600 227 3653 tio
251 3600 369 3653 laterum
391 3599 466 3652 basis
490 3599 651 3669 triangulae
673 3600 764 3665 trium,
790 3607 918 3669 respect-n
943 3600 1062 3654 laterum
1089 3600 1164 3653 basis
1189 3599 1399 3670 quadrangulae
1423 3605 1551 3668 quatuor.

188 3680 287 3734 Potest
300 3679 372 3732 enim
387 3679 529 3749 quodlibet
543 3679 653 3734 illorum
673 3679 789 3734 cuilibet
808 3680 905 3733 horum
919 3680 1085 3747 parallelum
1107 3679 1208 3740 statui;
1231 3687 1326 3750 potest
1341 3688 1370 3731 et
1385 3678 1550 3748 angulorum

186 3761 234 3813 uni
249 3759 375 3813 obtendi:
399 3766 432 3812 nt
444 3759 681 3828 perpendicularis
696 3759 788 3830 potius
803 3759 881 3829 plani
896 3758 1076 3830 triangularis
1092 3777 1152 3812 cum
1173 3759 1263 3811 latere
1278 3761 1339 3812 cubi
1363 3759 1388 3811 in
1404 3758 1474 3810 idem
1489 3757 1549 3825 pla-

186 3857 251 3893 num
272 3848 422 3908 competat.
463 3836 589 3908 Denique
615 3840 742 3909 perfecta
763 3838 866 3893 locatio
887 3856 941 3890 non
964 3847 1017 3900 est,
1042 3839 1090 3891 ubi
1112 3855 1165 3891 non
1190 3839 1313 3891 omuibus
1335 3838 1424 3906 platus
1446 3836 1549 3889 similes

188 3920 257 3973 situs
272 3919 451 3990 contingunt;
474 3926 506 3971 at
528 3936 589 3972 cum
603 3935 686 3973 unum
706 3918 857 3991 pyramidis
872 3919 986 3987 planum
1008 3919 1040 3970 tit
1059 3918 1226 3988 parallelum
1248 3920 1332 3988 plano
1349 3919 1419 3980 cubi,
1441 3916 1551 3986 reliqna

188 3999 276 4063 illius,
292 3998 360 4051 nulli
375 3998 458 4067 hqjus
474 4005 557 4051 erunt
570 3999 728 4068 parallela;
750 3999 821 4053 idem
836 4000 911 4051 etde
927 3997 1061 4050 lateribus
1078 4006 1108 4050 et
1121 3999 1154 4049 de
1170 3998 1281 4066 angulis
1297 3999 1397 4051 dictum
1413 4002 1482 4050 esto.

212 4096 215 4107 ·
266 4073 301 4150 g)
326 4079 379 4132 Hic
398 4077 459 4146 jam
478 4078 547 4131 situs
567 4080 604 4132 ab
622 4087 740 4148 utraque
763 4080 855 4151 figura
869 4078 1009 4140 abhorret,
1032 4084 1062 4130 et
1084 4094 1101 4130 a
1121 4077 1261 4146 pyramide
1281 4086 1311 4131 et
1325 4095 1342 4129 a
1358 4079 1437 4130 cubo.
1480 4077 1551 4130 Nam

187 4158 328 4228 inscriptio
343 4156 514 4230 geometrica
527 4159 615 4222 docet,
631 4159 749 4229 angulos
763 4159 856 4230 potins
871 4163 990 4229 quatuor
1003 4157 1155 4227 pyramidis
1169 4157 1270 4212 debere
1280 4155 1365 4227 jungi
1380 4152 1439 4224 (vel
1453 4173 1549 4225 super-

187 4320 376 4373 dodecatdron
398 4320 486 4381 docet,
502 4317 646 4389 diagonios
662 4320 826 4373 dodecaedri
841 4326 902 4372 octo
919 4319 951 4371 de
966 4318 1115 4380 duodecim,
1137 4317 1195 4371 fieri
1215 4326 1277 4372 octo
1292 4318 1386 4371 latera
1400 4317 1475 4371 cubi:
1497 4317 1549 4369 ita·

188 4416 240 4469 que
256 4399 280 4452 si
294 4400 483 4452 dodecatdron
497 4398 617 4451 vicissim
638 4399 675 4451 sit
696 4399 770 4453 intra
789 4400 896 4461 cubum,
922 4402 1033 4466 oportet
1052 4399 1086 4449 de
1101 4395 1218 4467 triginta
1237 4395 1371 4451 lateribus
1387 4396 1549 4450 dodeceedri

188 4495 256 4533 sens
270 4478 443 4532 subordinari
457 4478 530 4531 senis
545 4478 636 4546 planis
651 4479 714 4531 cubi
729 4480 784 4532 situ
798 4478 946 4548 parallelo.

267 4554 298 4623 h)
317 4559 378 4612 Hoc
391 4566 475 4628 pacto
489 4557 669 4627 respondebit
678 4558 786 4629 quidem
800 4558 869 4612 situs
884 4558 1007 4613 octaedri
1020 4557 1108 4611 intimi
1129 4556 1156 4609 in
1172 4556 1241 4609 cubo
1255 4555 1366 4609 extimo
1379 4553 1550 4623 inscriptioni

188 4638 374 4709 geometricae
388 4638 512 4706 ejusdem
526 4637 553 4690 in
569 4639 651 4692 cubo:
668 4645 699 4691 at
708 4637 851 4709 pyramidi,
874 4640 1052 4700 dodecatdro,
1076 4637 1219 4691 icosac'idro
1234 4652 1288 4689 nou
1302 4633 1428 4706 legitime
1443 4651 1548 4688 accom-

188 4717 353 4779 modabitur,
378 4717 430 4771 nisi
454 4717 523 4772 situs
542 4717 649 4772 illorum
671 4718 698 4771 in
722 4718 791 4771 cubo
815 4719 850 4771 ad
874 4706 953 4789 leges
972 4718 1032 4787 jorn
1055 4714 1242 4787 praescriptas
1262 4715 1431 4769 emendetur.
1474 4714 1551 4767 Tunc

109 4794 114 4801 '
188 4798 260 4853 enim
281 4804 447 4852 concurrent
469 4796 498 4850 in
516 4814 573 4852 una
592 4806 672 4851 recta
695 4797 770 4851 linea
792 4815 830 4851 ex
851 4804 946 4851 centro
968 4796 1102 4852 communi
1128 4797 1279 4866 figurarum
1298 4793 1415 4848 omnium
1440 4793 1548 4855 educta,

193 4873 219 4943 l)
231 4878 366 4953 'angulus
381 4876 513 4951 octaedri,
538 4877 570 4948 2)
585 4878 705 4935 latensm
719 4876 862 4944 icossodri,
885 4873 915 4947 3)
930 4876 1101 4940 ἀοάεοιιὲἀιί,
1125 4874 1154 4941 4)
1169 4874 1318 4950 pyramidis
1333 4871 1422 4927 media
1435 4876 1547 4939 puncta,
