3872 5836
402 377 470 447 360
557 410 567 425 ι
640 396 643 401 ’
823 375 1340 444 uumxeplutadomqnennauae

400 541 493 620 longa
514 546 641 619 usurpat
662 537 784 600 horaria
807 543 956 616 tempora,
978 537 1058 598 infra
1080 536 1180 599 subito
1203 490 1377 598 breuia-
1401 534 1464 597 Sed
1482 533 1686 597 examinemus
1700 554 1759 615 pa-

401 647 521 708 rumper
544 626 667 690 Stadii
694 625 796 687 verba.
846 625 1007 700 „Meminit
1036 626 1229 689 Ptolemaeus
1261 623 1533 715 hemicyclioromf‘
1580 622 1664 687 Saue
1690 643 1759 687 me-

400 717 495 790 minit,
522 725 556 778 at
577 736 637 778 non
660 716 689 776 in
714 713 852 775 doctrina
876 715 980 775 domos
995 713 1137 793 erigendi,
1163 714 1249 776 sed
1241 734 1270 775 ιιι
1287 706 1424 776 doctriua
1440 713 1599 791 dirigendi.
1636 714 1757 793 Pergit.

402 806 497 882 „hora
522 803 737 885 aequinoctiali
760 803 968 864 distantium*⁴
1017 800 1098 872 Quid
1112 803 1169 864 hoc
1193 803 1232 865 ad
1252 822 1324 871 rem,
1348 801 1375 863 si
1389 820 1492 862 rerum
1509 802 1641 863 maxime
1657 803 1759 864 esset?

401 897 490 957 Anna
514 889 558 957 24
581 895 686 956 domos
710 890 836 953 Stadios
861 891 1041 953 fabricavit?
1087 891 1172 953 Duas
1195 893 1296 970 potins
1320 892 1411 953 horas
1431 890 1628 952 Ptolemaeus
1659 890 1759 952 nomi·

400 990 520 1056 nasset,
554 984 581 1044 si
604 983 641 1043 de
665 980 802 1042 domibus
831 981 956 1060 egisset.
1003 979 1065 1043 Sed
1095 998 1154 1042 oon
1175 980 1323 1061 ‘percepit
1346 978 1472 1041 Stadios
1495 986 1627 1040 mentem
1651 987 1756 1041 textus

402 1070 541 1135 Graeci:
563 1067 605 1133 nis
633 1065 738 1142 ὄιαςοι
761 1090 836 1131 κατα
859 1090 910 1144 rqr
936 1068 1027 1146 αὖιηι
1048 1073 1136 1130 deors
1165 1069 1231 1146 lopo
1253 1068 1354 1148 a’yyuca
1383 1089 1434 1144 ιιι
1456 1063 1541 1144 oipar
1561 1089 1646 1129 aaran
1694 1068 1760 1130 Hoc

401 1161 467 1222 vult
490 1160 694 1232 Ptolemaeus,
719 1165 860 1219 manente
884 1158 942 1218 lixo
966 1157 1151 1239 hemicyclio,
1178 1177 1372 1239 quaecunque
1395 1174 1467 1235 pars
1491 1156 1607 1218 zodiaci
1630 1156 1661 1217 in
1684 1157 1758 1219 illud

399 1249 529 1324 incidat,
569 1248 687 1328 aequali
720 1247 862 1307 horarum
893 1246 1081 1326 propriarum
1114 1266 1168 1308 seo
1198 1245 1407 1324 temporalium
1439 1263 1562 1306 numero
1595 1246 1707 1308 abesse
1740 1265 1760 1307 a

400 1337 582 1413 meridiano,
617 1344 665 1410 ut,
695 1334 755 1396 etsi
778 1329 822 1397 0⁰
845 1350 877 1401 ee
902 1335 1086 1397 constitutos
1115 1334 1145 1396 iu
1169 1335 1224 1397 tali
1247 1335 1306 1397 fixo
1339 1333 1532 1416 hemicyclio,
1566 1352 1760 1415 quaecunque

400 1444 473 1507 pars
498 1425 615 1487 zodiaci
639 1384 721 1486 absit
743 1444 763 1484 a
785 1424 950 1485 meridiano
973 1424 1075 1503 pluras
1099 1424 1190 1485 horas
1214 1423 1467 1504 aequinoctiales,
1493 1422 1634 1504 quamsi
1657 1418 1702 1485 0⁰
1726 1427 1760 1499 ᾖ

401 1533 436 1576 eo
461 1515 680 1588 transferatur,
710 1523 811 1573 tamen
835 1512 969 1574 vicissim
1000 1512 1091 1573 horae
1120 1511 1342 1591 temporales
1333 1511 1430 1590 ipsios
1453 1505 1499 1574 0⁰
1521 1526 1554 1576 ee
1578 1518 1667 1572 tanto
1689 1510 1759 1572 lou-

401 1603 501 1684 giores
530 1603 593 1665 sint
622 1601 703 1663 horis
731 1601 984 1681 temporalibus
976 1600 1071 1681 ipsios
1094 1595 1214 1677 0⁰5,
1243 1621 1302 1681 qna
1327 1599 1446 1662 ratione
1476 1600 1614 1661 tandem
1623 1599 1761 1680 aequalis

400 1700 451 1755 est
473 1690 612 1772 utrinque
645 1692 785 1753 horarum
815 1690 1020 1771 inaequalium
1051 1708 1201 1753 numeros.
1247 1688 1361 1751 Vox’
1350 1710 1416 1765 eope
1445 1688 1496 1750 hic
1526 1687 1672 1768 iutelligit
1702 1706 1761 1751 non

399 1803 496 1858 aqna,
530 1782 586 1843 sed
615 1778 752 1858 ἀριθμῳ,
785 1780 879 1841 ιιιιιΙιο
912 1778 1010 1840 minus
1042 1778 1217 1858 ι’σημιριηι.
1271 1777 1413 1840 Stadios:
1449 1777 1678 1857 ,Aequatorem
1709 1777 1763 1838 illa

399 1869 509 1949 ubique
533 1870 720 1949 temporibus
742 1867 949 1947 praetergredi
974 1867 1160 1947 aequalibus,
1186 1868 1341 1930 zodiacum
1364 1865 1503 1946 partibus
1518 1865 1760 1968 inaequalibusf‘

399 1958 459 2022 Est
490 1958 536 2019 ita
558 1975 616 2018 uon
640 1965 757 2019 tantum
789 1948 819 2018 in
844 1956 981 2017 doctrina
1010 1956 1154 2017 rationali
1177 1957 1330 2029 domuum,
1365 1956 1419 2017 scd
1442 1955 1535 2018 etiam
1567 1954 1597 2016 in
1622 1954 1762 2016 doctrina

400 2047 588 2110 Ptolemaica
610 2045 820 2108 directionum.
867 2042 949 2115 Quid
971 2063 1044 2105 vero
1068 2044 1242 2106 subaudivit
1265 2043 1412 2107 Stadios?
1457 2044 1535 2105 An
1527 2043 1586 2123 rpsi
1608 2043 1688 2105 idem
1712 2050 1762 2105 est

400 2134 609 2218 praetergredi
633 2141 665 2195 et
687 2131 845 2212 intercipi?
890 2134 956 2193 Hoc
980 2133 1089 2194 fuisset
1112 2134 1151 2194 ad
1175 2142 1278 2195 votum
1302 2132 1418 2202 Stadii,
1448 2131 1475 2193 si
1499 2133 1644 2212 scriptum
1668 2140 1761 2206 esset,

402 2223 546 2303 aequales
571 2241 659 2284 arcus
683 2222 857 2301 aequatoris
880 2221 959 2283 inter
973 2222 1045 2283 biua
1067 2229 1100 2282 et
1113 2221 1184 2283 bina
1198 2221 1377 2303 hemicyclia
1400 2220 1548 2301 intercipi,
1573 2220 1689 2283 zodiaci
1711 2221 1762 2281 iu-

402 2313 557 2392 aequales.
603 2311 674 2373 Nou
704 2318 806 2371 autern
828 2310 886 2372 hoc
918 2310 993 2372 dicit
1015 2310 1222 2387 Ptolemaeus,
1256 2311 1310 2371 sed
1334 2310 1407 2372 illud
1430 2310 1568 2391 utrinque
1592 2328 1760 2371 commune.

401 2401 557 2463 Breviter·
589 2401 626 2463 de
649 2405 732 2461 moto
756 2399 903 2478 loquitur,
933 2399 1004 2478 quia
1026 2400 1056 2460 in
1081 2399 1246 2461 directione
1268 2407 1424 2474 versatur,
1453 2417 1520 2461 cum
1544 2397 1682 2460 doctrina
1705 2399 1763 2460 do·

401 2508 506 2552 muum
524 2489 566 2551 sit
590 2489 626 2550 de
650 2486 722 2550 sito.
769 2485 904 2567 Colliges
927 2487 983 2549 hoc
1006 2488 1084 2561 inde,
1110 2488 1182 2568 quia
1203 2487 1338 2550 nominat
1359 2508 1504 2569 gpoeooo,
1528 2487 1578 2568 qui
1601 2495 1674 2548 sunt
1685 2506 1761 2567 par

398 2586 452 2640 ιιι
476 2577 659 2681 aequatoris.
705 2575 762 2637 Ait
784 2575 884 2657 igitur,
910 2583 1104 2656 aequatorem
1120 2575 1297 2671 aequalibus
1316 2576 1447 2638 transire
1467 2575 1663 2656 temperibos,
1688 2585 1764 2655 puta

404 2667 468 2729 suis
491 2666 638 2769 propriis,
662 2664 816 2727 zodiacum
840 2663 1064 2745 inaequalibus,
1087 2672 1163 2745 puta
1186 2685 1245 2727 non
1268 2665 1347 2740 suis,
1372 2666 1425 2728 sed
1450 2665 1572 2738 alienis,
1606 2663 1763 2745 aequatori

403 2754 567 2836 inscriptis.
615 2753 740 2818 Zodiaci
764 2754 843 2816 euim
865 2754 1007 2817 transitio
1031 2755 1113 2817 nulla
1135 2774 1169 2816 se
1192 2755 1261 2834 ipsa
1274 2754 1398 2816 metitur
1421 2761 1569 2835 tempora,
1594 2753 1666 2834 quia
1679 2772 1758 2817 sem·

403 2863 458 2924 per
481 2852 513 2906 et
536 2844 643 2925 ubique
668 2843 834 2923 inaequalis
854 2852 913 2907 est.
961 2842 1102 2906 Stadios:
1130 2844 1315 2919 „Praeterea
1334 2842 1437 2922 spatia
1468 2844 1547 2905 inter
1564 2842 1764 2905 meridianum

407 2942 440 2995 et
473 2934 659 2995 horizontem
687 2931 867 2994 intennedia
899 2951 953 3012 per
976 2933 1152 3013 inaequales
1176 2933 1266 2994 horas
1299 2933 1484 2994 mensurat.“
1532 2929 1663 2993 Omnino
1687 2929 1762 2993 Sta-

404 3023 472 3085 dios
495 3024 596 3084 animo
619 3028 758 3084 versatur
782 3022 811 3083 in
837 3021 1047 3085 distributione
1072 3022 1226 3096 domuum,
1255 3020 1449 3082 Ptolemaeos
1477 3020 1507 3081 in
1536 3020 1763 3102 dispensatione

404 3119 548 3173 motuum.
594 3110 664 3175 Non
692 3109 817 3171 metitur
848 3110 951 3189 spatia
973 3110 1183 3184 Ptolemaeus,
1218 3110 1273 3171 sed
1301 3117 1401 3171 motos
1430 3108 1562 3189 partium
1585 3108 1700 3171 zodiaci
1725 3108 1763 3170 ab

404 3200 560 3262 horizonte
585 3199 615 3260 in
639 3197 845 3273 meridianum,
870 3206 901 3260 et
924 3199 1047 3260 metitur
1070 3198 1189 3278 quidem
1217 3199 1362 3277 cujusque
1384 3198 1488 3278 puncti
1511 3197 1628 3259 zodiaci
1650 3205 1764 3260 motum

404 3288 532 3351 seorsim
560 3284 735 3367 aequalibus
765 3285 850 3347 horis
878 3286 1105 3366 temporalibus.
1149 3286 1218 3349 Non
1242 3287 1322 3347 enim
1350 3286 1456 3349 tribuit
1486 3285 1634 3366 principio
1664 3286 1764 3348 cancri

405 3376 572 3454 longiorem
599 3374 705 3435 boram
735 3373 764 3435 in
789 3380 872 3449 ortu,
905 3373 1073 3436 breviorem
1103 3375 1132 3436 in
1157 3375 1336 3449 meridiane,
1371 3376 1426 3437 sed
1453 3375 1621 3456 aequaliter
1645 3376 1765 3456 longam

405 3464 561 3543 ominque;
594 3462 779 3524 diversorum
802 3480 875 3524 varo
897 3468 1075 3542 punctorum
1098 3464 1229 3539 zodiaci,
1263 3482 1322 3526 non
1350 3463 1559 3539 autisoierom,
1590 3473 1691 3526 motus
1714 3463 1764 3525 in-

406 3551 581 3631 aequalibus
604 3550 727 3613 metitur
748 3551 841 3613 horis.
887 3551 999 3614 Verius
1023 3561 1054 3614 at
1077 3554 1197 3633 proprie
1226 3552 1324 3632 magis
1352 3553 1497 3634 cujusque
1520 3552 1625 3632 puncti
1647 3553 1764 3615 zodiaci

404 3646 519 3704 motum
543 3640 581 3703 ab
604 3639 759 3703 horizonte
782 3640 812 3701 in
836 3640 1006 3710 meridiem,
1039 3641 1103 3704 sive
1127 3643 1235 3721 longos
1258 3642 1312 3716 sit,
1348 3641 1413 3703 siva
1441 3640 1557 3709 brevis,
1591 3641 1763 3722 aequaliter

406 3729 560 3792 distribuit
591 3729 621 3791 io
649 3736 753 3809 partes
784 3749 857 3804 sex,
883 3749 958 3812 quas
981 3730 1118 3810 appellat
1139 3731 1230 3793 horas
1250 3730 1445 3810 temporales.
1493 3728 1636 3792 Stadios:
1664 3730 1764 3810 ,quod

406 3819 522 3899 arguit,
555 3818 638 3881 illum
666 3836 725 3880 non
749 3818 890 3880 divisisse
913 3818 1068 3881 zodiacum
1092 3820 1267 3900 aequalibus
1292 3818 1418 3899 spatiis,
1451 3818 1506 3881 aad
1534 3818 1740 3899 aequatorem.
1746 3819 1762 3848 “
1797 3848 1801 3853 ·

406 3909 482 3969 Tam
508 3927 579 3970 vere
603 3908 661 3969 hoc
684 3905 810 3970 Stadios
841 3907 942 3987 arguit
970 3926 1008 3968 ex
1030 3908 1169 3969 doctriua
1196 3906 1393 3970 directionum
1424 3927 1515 3988 super
1546 3908 1684 3971 doctriua
1706 3908 1763 3970 do-

406 4103 488 4146 rom:
513 4086 584 4163 quia
606 4084 648 4145 ibi
667 4083 725 4145 loci
750 4084 942 4147 Ptolemaeos
965 4101 1025 4145 non
1048 4086 1146 4187 magis
1168 4086 1234 4166 agit
1257 4085 1293 4147 da
1318 4086 1464 4161 domibus,
1490 4104 1581 4167 qoam
1606 4085 1682 4148 de
1657 4084 1764 4166 signia,
1863 4068 1869 4073 ’

410 4173 440 4234 h.
465 4191 491 4232 e.
514 4172 604 4251 plane
629 4171 701 4232 nihil
726 4171 807 4233 da''
787 4191 825 4233 us
848 4174 922 4252 agit.
969 4173 1034 4235 Nec
1058 4173 1135 4236 enim
1159 4173 1315 4237 zodiacum
1345 4194 1401 4237 nec
1433 4182 1628 4256 aequatorem
1656 4173 1766 4236 dividit

407 4260 582 4340 aequalibus
598 4259 716 4339 spatiis,
735 4260 795 4321 ae'd
810 4270 925 4323 motum
939 4262 1172 4343 uniuscujusque
1189 4262 1292 4342 puncti
1311 4263 1438 4327 zodiaci.
1486 4262 1628 4326 Stadios:
1654 4262 1765 4339 „Alio-

408 4350 459 4430 qui
492 4348 670 4427 aequalibus
702 4348 785 4410 horis
817 4350 893 4413 haec
925 4351 1066 4414 deductio
1103 4349 1221 4413 absolvi
1257 4360 1393 4431 poterat,
1431 4370 1488 4414 non
1526 4352 1763 4433 inaequalibus.“

407 4436 557 4517 Agnoscit
582 4436 723 4513 Stadios,
752 4438 959 4500 Ptolemaeum
986 4440 1017 4501 io
1046 4440 1225 4502 deductione
1252 4440 1384 4502 versari·
1415 4441 1487 4520 quid
1514 4441 1607 4520 igitur
1634 4440 1765 4503 somniat

408 4527 446 4588 de
469 4525 682 4588 distributione
706 4528 865 4589 domuum?
909 4528 952 4590 Ει
974 4529 1133 4590 manifeste
1156 4529 1277 4609 ignorat
1298 4547 1422 4609 ιοοριιιιι
1438 4529 1615 4605 Ptolemaei,
1640 4547 1693 4590 eor
1715 4527 1765 4590 in·

409 4615 552 4694 aequales
576 4615 667 4675 horas
691 4623 824 4695 usurpet.
870 4616 1020 4679 identitas
1043 4616 1182 4703 nimirum
1206 4636 1321 4680 numeri
1314 4618 1486 4692 horarum,
1510 4636 1568 4679 non
1584 4617 1764 4721 aequalium,

408 4704 463 4766 sed
488 4702 699 4783 inaequalium,
723 4704 854 4767 collocat
877 4705 1001 4767 diversa
1022 4705 1138 4767 zodiaci
1161 4696 1274 4785 puncta
1296 4706 1326 4767 in
1342 4706 1447 4769 eodem
1468 4706 1579 4769 circulo
1593 4706 1764 4786 positionis.

498 4790 639 4854 Stadios:
675 4793 745 4868 „Ad
769 4791 855 4865 haee,
878 4794 929 4856 nbi
951 4794 1145 4857 Ptolemaeus
1168 4795 1206 4856 de
1227 4795 1447 4875 prorogatoriis
1469 4795 1535 4875 agit
1558 4795 1642 4866 locis,
1665 4795 1763 4858 uude·

410 4881 520 4945 cimam
542 4881 661 4944 domum
684 4883 730 4944 ait
753 4881 911 4963 hexagono
935 4883 1070 4962 aspicere
1094 4884 1306 4965 horoscopum,
1330 4883 1374 4945 Μ.
1401 4882 1439 4947 O,
1461 4884 1683 4965 quadrangulo,
1706 4901 1764 4946 uo·
