3788 5828
848 440 854 451 .
912 415 1023 478 myrsam
1042 412 1241 503 Gomomaphiel

929 628 1049 728 Caput
1075 625 1216 701 XVIII.

366 746 372 753 ·
426 790 484 853 De
502 787 667 853 discordia
684 791 979 867 npoodaourpsosur
996 807 1037 851 ea
1055 788 1240 871 corporibus
1257 808 1280 849 a
1299 784 1580 869 superarcanum
1596 805 1719 868 penore,

808 885 838 940 et
859 876 900 939 cle
922 878 1134 939 astronomiae
1154 875 1336 974 subtilitate.

481 1016 581 1098 Supra
604 1018 669 1099 c'ap.
698 1015 747 1082 14.
773 1027 805 1080 et
831 1015 880 1081 15.
913 1037 979 1079 curu
1004 1018 1131 1097 alicujus
1154 1030 1247 1098 prope
1272 1014 1416 1079 falsitatis
1441 1014 1539 1077 teneri
1561 1015 1682 1078 viderer
1704 1014 1754 1077 in·

391 1110 468 1173 dicio
497 1108 727 1181 distantiarum,
763 1126 837 1186 quas
863 1105 1048 1188 Copernicus
1076 1107 1212 1168 diversas
1246 1106 1284 1168 ab
1317 1105 1365 1167 his
1393 1104 1568 1184 figuralibus
1597 1102 1753 1185 prodidit:

390 1197 554 1280 provocavi
577 1197 616 1258 ad
640 1199 919 1276 προσθαφαιρεσεις
949 1194 1105 1276 ἀπογειοςτ
1138 1214 1234 1276 neque
1265 1194 1542 1257 condemnationem
1572 1194 1755 1275 deprecatus

392 1306 472 1358 sum,
501 1286 528 1348 si
551 1305 636 1347 meae
661 1306 680 1347 a
704 1283 920 1365 Cuperuicauis
944 1285 1132 1365 aliquantum
1154 1285 1342 1346 recederent.
1389 1282 1484 1362 Atqui
1511 1291 1673 1364 postquam
1697 1280 1753 1343 sub

391 1377 480 1450 linem
507 1372 557 1436 15,
582 1374 691 1454 eapitis
716 1392 801 1437 arcus
831 1374 944 1435 similes
975 1376 1275 1455 cpondupurpeosorr
1303 1392 1339 1435 ex
1369 1372 1611 1453 elongationibus
1640 1392 1667 1453 a·
1683 1370 1755 1434 Sole

393 1464 487 1526 veluti
511 1471 607 1525 testes
633 1482 733 1524 coram
759 1463 814 1523 lroc
838 1463 953 1542 judicio
983 1463 1068 1524 stiti:
1102 1463 1161 1524 visi
1193 1471 1264 1525 suut
1297 1462 1340 1524 illi
1373 1469 1479 1523 contra
1511 1480 1559 1523 me
1592 1461 1753 1541 deponere.

392 1554 501 1615 Nullus
535 1552 613 1613 euim
646 1553 836 1631 planetarum
868 1551 943 1627 fuit,
977 1552 1026 1631 qui
1059 1550 1204 1614 tributum
1232 1548 1442 1632 aCo'pernico
1473 1569 1574 1612 arcum
1598 1549 1754 1611 retineret.

392 1642 524 1705 Saturno
549 1640 647 1703 ademi
671 1636 735 1713 211¹,
759 1638 829 1701 Jovi
846 1636 887 1715 6¹,
912 1639 1006 1701 Marti
1030 1640 1156 1720 apposui
1181 1637 1244 1716 30⁴,
1270 1638 1384 1702 Veneri
1406 1657 1478 1700 vero
1501 1640 1630 1701 immane
1656 1656 1754 1718 quau-

392 1738 456 1793 tum
480 1729 575 1791 demsi
599 1725 640 1791 2⁰
657 1726 718 1805 18¹,
743 1736 775 1790 et
788 1728 938 1791 Mercurio
958 1724 1021 1792 61‘.
1054 1728 1283 1791 Existimabunt
1305 1729 1396 1808 igitur
1420 1726 1468 1807 qui
1493 1727 1630 1789 exactius
1654 1726 1755 1791 omnia

393 1818 565 1882 examinare
595 1818 711 1892 volunt,
744 1817 813 1897 quia
840 1837 898 1878 nou
927 1818 966 1878 ad
994 1837 1121 1897 unguem
1150 1818 1321 1887 consentiat
1348 1817 1481 1879 calculus
1505 1834 1660 1897 corporum
1685 1833 1752 1877 curn

392 1908 514 1990 placitis
540 1905 698 1986 Coperuici
723 1924 848 1986 cumque
873 1906 937 1985 ejus
968 1905 1113 1981 numeris,
1144 1924 1261 1968 omnem
1290 1925 1412 1986 operam
1440 1926 1459 1966 a
1481 1923 1528 1967 me
1553 1907 1649 1968 lusam
1674 1922 1753 1966 esse.

393 1995 483 2068 Quod
506 1996 695 2060 nisieontra
718 2013 873 2074 excepero,
899 2003 1019 2075 meapte
1043 1996 1195 2057 sententia
1209 2014 1332 2057 causam
1350 1993 1520 2076 perdidero.
1554 1993 1596 2055 Et
1619 1992 1755 2077 physicis

393 2086 513 2167 quidem
528 2084 591 2146 sive
607 2084 842 2164 cosmographis,
869 2085 987 2164 qualem
1009 2083 1070 2145 hoc
1090 2083 1192 2146 libello
1215 2102 1375 2166 personam
1394 2101 1450 2163 ego
1470 2083 1616 2159 sustineo,
1641 2082 1755 2145 unllam

394 2176 431 2236 de
456 2173 512 2234 hac
536 2172 707 2235 differentia
729 2173 878 2234 rationem
902 2173 1006 2235 debeo.
1053 2173 1132 2235 Nam
1156 2173 1214 2234 etsi
1237 2172 1281 2234 illi
1310 2191 1430 2234 suorum
1459 2172 1638 2252 placitorum
1661 2190 1776 2252 argu.

394 2271 497 2325 menta
520 2270 696 2324 mutuantur
719 2262 757 2324 ab
781 2262 978 2334 astronomis,
1012 2280 1049 2324 ea
1072 2269 1171 2323 tamen
1196 2281 1254 2323 uon
1278 2262 1324 2324 ita
1351 2261 1502 2323 subtiliter
1528 2269 1563 2322 ut
1589 2259 1754 2322 astronomi

396 2353 435 2414 ed
459 2352 592 2414 calculos
614 2358 777 2414 revocant:
808 2369 864 2411 nec
892 2351 968 2412 adeo
999 2360 1069 2413 suut
1090 2351 1283 2431 perspicaces
1307 2359 1361 2412 aut
1383 2350 1508 2425 morosi,
1534 2358 1575 2411 ut
1596 2350 1653 2411 hac
1676 2348 1755 2411 levi·

391 2443 463 2504 cula
485 2440 658 2503 differentia
680 2447 868 2502 moveantur.
916 2437 1019 2510 Quare
1043 2458 1166 2501 causam
1190 2458 1286 2502 meam
1318 2458 1418 2502 coram
1447 2438 1673 2520 cosmographis
1697 2439 1754 2499 ob-

391 2531 478 2594 tinui.
518 2588 521 2593 .
1416 2574 1421 2584 ,

481 2619 732 2682 Astrounmornm
756 2635 828 2679 vero
846 2616 953 2696 vulgus
973 2615 1032 2677 etsi
1052 2616 1120 2695 Jure
1140 2625 1251 2692 metuo,
1278 2623 1465 2678 tamencum
1484 2616 1598 2696 judicio
1623 2614 1755 2677 artifices

392 2728 536 2792 praeesse
559 2707 694 2787 parsit,
723 2725 781 2768 nou
805 2706 947 2786 despero,
976 2723 1072 2785 neque
1095 2713 1202 2767 contra
1224 2705 1311 2780 illud,
1343 2705 1510 2768 victoriam.
1550 2694 1605 2767 'Ac
1627 2703 1754 2784 primum

376 2799 476 2880 ipsos
499 2799 576 2861 bene
601 2796 638 2865 de
662 2796 778 2858 calculo
803 2813 926 2875 sperare
950 2793 1053 2875 jubeo.
1097 2791 1180 2857 Nam
1209 2794 1267 2855 etsi
1296 2794 1444 2856 interdum
1473 2792 1684 2874 grandiuscula
1708 2801 1756 2855 est

393 2887 573 2962 differentia,
597 2884 789 2947 meminerint
812 2894 924 2961 tamen,
948 2902 1086 2946 numeros
1106 2894 1265 2965 excerptos
1284 2902 1322 2944 ex
1344 2883 1419 2945 locis
1443 2882 1537 2945 totins
1560 2880 1663 2944 circuli
1682 2882 1755 2956 ¹eri·

394 2976 579 3040 dentissimis
603 2984 694 3055 atque
717 2993 756 3039 ex
775 2992 921 3036 concursu
944 2971 1075 3035 omnium
1098 2973 1359 3054 inaequalitatum.
1392 2972 1458 3036 Nec
1481 2973 1560 3033 enim
1581 2989 1636 3051 per
1659 2978 1756 3033 totum
1795 3002 1800 3009 ·

393 3066 536 3128 cIrculum
560 3072 649 3126 tanta
672 3072 720 3124 est
743 3063 896 3125 discordia
920 3063 1052 3126 locorum
1075 3081 1114 3123 ex
1137 3062 1310 3142 corporibus
1334 3069 1367 3123 et
1384 3080 1422 3124 ex
1437 3059 1605 3142 Copernico
1624 3060 1755 3139 planetis

393 3156 629 3234 assignatorum,
655 3171 710 3213 uec
734 3151 869 3232 aequalis
895 3151 985 3214 etiam
1009 3153 1038 3213 iu
1064 3152 1200 3214 omnibus
1224 3151 1470 3213 revolutionibus.
1504 3151 1607 3230 Atque
1631 3167 1687 3229 ego
1711 3148 1756 3211 sic

393 3244 545 3318 existimo,
571 3242 629 3302 etsi
653 3240 842 3301 certissimae
866 3248 970 3301 essent
992 3240 1187 3315 Pruteuicae,
1212 3247 1303 3319 atque
1326 3239 1483 3302 verissime
1505 3258 1561 3319 per
1583 3239 1661 3300 hauc
1685 3257 1755 3300 cor·
1818 3252 1829 3273 ·

393 3351 499 3412 porum
522 3329 783 3408 interpositionem
808 3347 924 3390 errores
947 3328 999 3390 isti
1029 3329 1307 3403 committerentur,
1342 3347 1401 3390 non
1433 3346 1524 3409 posse
1557 3335 1659 3390 tamen
1685 3329 1755 3408 jure

394 3420 483 3499 abjici
508 3428 572 3480 tam
595 3419 772 3479 concinnum
795 3415 974 3499 ἐπιχειρημα,
997 3423 1168 3498 propterea,
1195 3416 1273 3496 qnod
1297 3436 1380 3479 error
1403 3417 1453 3479 ille
1472 3417 1502 3479 iu
1516 3416 1648 3479 minimis
1663 3425 1755 3481 esset.

394 3509 488 3589 Atqui
513 3527 572 3568 uon
596 3513 715 3567 tanturn
741 3506 886 3566 incertum
910 3514 974 3581 est,
999 3513 1133 3567 utrorum
1157 3505 1231 3567 vitio
1256 3504 1427 3569 differentia
1448 3507 1525 3568 haec
1549 3506 1678 3582 existat,
1703 3506 1759 3568 sed

395 3606 501 3659 contra
524 3614 634 3676 magna
657 3592 788 3674 suspicio
813 3602 845 3655 et
874 3594 970 3656 multa
998 3600 1192 3675 argumenta,
1225 3596 1371 3657 calculum
1399 3595 1497 3676 ipsum
1525 3604 1557 3657 et
1578 3595 1758 3658 Pruteuicus

395 3686 516 3749 tabulas
540 3685 569 3746 in
594 3684 683 3765 culpa
706 3682 840 3745 versari:
875 3683 950 3745 aden
980 3692 1014 3746 nt
1035 3701 1146 3764 magna
1169 3682 1343 3763 conjectura
1366 3692 1471 3747 contra
1497 3703 1545 3747 me
1574 3684 1699 3761 luisset,
1731 3683 1758 3746 si

394 3794 461 3838 cum
485 3774 616 3837 numeris
641 3772 800 3852 Coperuici
824 3773 944 3852 penitus
968 3774 1200 3835 consensissem.
1215 3775 1243 3848 ⁸)
1424 3784 1431 3797 ·

466 3863 595 3945 ,Eorum
618 3871 720 3925 autern
744 3872 987 3941 argumentorum
1007 3862 1063 3923 hoc
1081 3862 1207 3942 primum
1226 3870 1303 3937 esto,
1330 3862 1409 3943 quod
1426 3862 1604 3925 Pruteuicus
1624 3862 1758 3925 calculus

396 3972 454 4015 uon
478 3970 547 4014 raro
571 3952 600 4013 in
624 3952 801 4031 colligendis
824 3951 1015 4031 planetarum
1038 3951 1113 4013 locis
1139 3952 1261 4015 fallitur.
1307 3952 1408 4013 Multa
1431 3951 1550 4033 quidem
1573 3951 1758 4015 restauravit

397 4042 481 4104 nobis
498 4039 684 4121 Cuperuicus
703 4044 733 4104 in
757 4040 893 4122 collapsa
911 4049 1043 4107 motuum
1063 4041 1201 4117 scientia,
1225 4041 1376 4120 multoque
1391 4049 1506 4114 nostra,
1530 4060 1618 4120 quam
1637 4048 1758 4123 patrum

398 4130 558 4206 memoma,
588 4130 690 4212 purior
714 4138 762 4192 est
785 4131 981 4192 astronomia.
1028 4129 1234 4192 Veruntamen
1259 4129 1286 4191 si
1309 4149 1371 4192 reru
1395 4130 1493 4210 ipsam
1515 4130 1636 4210 penitus
1659 4129 1757 4211 inspi-

394 4219 522 4295 ciamus,
547 4220 638 4280 lateri
652 4218 756 4307 utique
770 4237 920 4299 cogemur,
945 4238 999 4279 nos
1024 4217 1062 4278 ab
1085 4218 1139 4300 illa
1160 4220 1252 4282 beata
1270 4228 1301 4281 et
1320 4219 1446 4300 optabili
1468 4218 1653 4299 perfectione
1676 4219 1758 4281 haud

396 4308 491 4370 multo
515 4308 636 4387 propius
665 4308 794 4383 abesse,
828 4326 916 4388 quarn
946 4307 984 4367 ab
1013 4306 1158 4368 hodierna
1185 4317 1273 4369 vetus
1297 4308 1385 4370 abest
1408 4308 1604 4371 astronomia.
1650 4309 1759 4389 Longa

394 4399 446 4459 via
478 4408 545 4471 est,
579 4405 611 4458 et
642 4398 745 4459 variae
777 4396 920 4474 ambages
949 4395 987 4456 ad
1016 4395 1093 4456 hanc
1115 4397 1287 4460 veritatem.
1334 4398 1544 4461 Monstrarunt
1566 4398 1649 4460 illam
1671 4397 1758 4460 uobis

374 4496 533 4562 ¹veteres,
556 4486 686 4566 ingressi
709 4492 780 4549 suut
802 4485 933 4563 majores
957 4482 1069 4557 nostri,
1094 4504 1147 4547 nos
1171 4486 1240 4549 illos
1264 4488 1481 4549 antevertimus
1509 4496 1542 4549 et
1564 4488 1661 4567 gradu
1683 4505 1757 4568 pro-

396 4575 474 4657 piori
497 4575 706 4650 consistimus,
738 4574 792 4637 sed
819 4581 932 4634 metam
960 4572 1089 4634 noudum
1118 4576 1282 4656 attigimus.
1329 4577 1396 4638 Non
1422 4595 1477 4657 ego
1500 4577 1576 4640 haec
1599 4577 1629 4639 in
1654 4586 1758 4641 astro-

398 4664 516 4727 nomiae
540 4673 723 4728 contemtum
747 4663 824 4726 dico.
861 4661 921 4723 Est
944 4660 1046 4741 aliqua
1068 4664 1187 4743 prodire
1211 4675 1310 4739 tenus,
1334 4666 1359 4727 si
1382 4684 1441 4728 nou
1466 4667 1555 4729 datur
1577 4666 1678 4730 ultra:
1704 4666 1759 4728 sed

397 4755 481 4830 ideo,
510 4774 547 4816 ne
572 4753 639 4835 quis
663 4763 776 4817 temere
799 4750 921 4833 gravius
945 4750 1014 4830 quid
1037 4749 1067 4812 iu
1091 4754 1167 4816 hanc
1192 4754 1372 4818 discordiam
1395 4762 1528 4830 statuat,
1561 4764 1593 4817 et
1616 4750 1687 4817 duni
1710 4773 1758 4818 ms

398 4844 477 4924 petit
500 4853 532 4906 et
554 4844 629 4906 haec
648 4840 668 4907 5
688 4861 828 4924 corpora,
853 4840 883 4902 in
908 4839 975 4920 ipsa
997 4840 1192 4906 fundamenta
1215 4844 1417 4907 astronomiae
1440 4844 1577 4907 insultet.
1615 4844 1667 4907 Ad
1690 4864 1758 4907 om·

397 4933 478 4997 nium
501 4934 649 4997 artificum
673 4931 901 4997 observationes
927 4947 1075 5013 provoco:
1105 4950 1143 4994 ex
1172 4933 1278 5017 quibus
1306 4932 1408 4997 videre
1431 4940 1493 5011 est,
1524 4940 1638 5019 quauta
1664 4951 1757 5017 saepe
