3878 5840
719 389 876 457 museto
897 392 1051 442 monem.
1355 442 1358 447 ,
1493 392 1558 460 435

201 547 361 622 frumenti,
385 546 466 623 vini,
489 547 566 623 olei,
591 546 685 610 tritici
708 555 766 613 ete.
786 549 859 612 item
881 549 969 612 Jovis
995 550 1026 612 iu
1055 551 1151 632 ligura
1173 551 1319 614 cardinali
1344 550 1557 632 dispositiones

128 642 134 647 '
199 635 367 698 vanissima
389 637 607 699 somniarunt.
636 634 766 708 Quaeris
789 659 842 701 cur
862 638 964 701 vinum
987 639 1044 701 hoc
1068 658 1146 702 anno
1169 659 1228 703 nou
1250 639 1445 721 provenerit?
1478 639 1558 713 Quia

199 722 328 804 frigidus
358 734 390 787 et
421 724 559 787 humidus
587 744 682 788 annus
707 726 772 792 fuit
820 726 880 800 Qui
901 728 959 790 hoc
981 728 1151 809 praevidit,
1183 748 1221 791 ex
1252 730 1308 792 hoc
1337 729 1401 791 solo
1430 736 1462 791 et
1483 730 1557 794 illud

198 813 314 876 habuit.
362 810 426 877 Gur
447 833 568 876 annona
590 815 706 895 reliqua
728 815 813 879 dives
837 816 910 879 alibi
932 816 1000 890 fuit,
1024 817 1096 879 alibi
1119 818 1243 881 tenuis?
1280 816 1360 890 Quia
1383 836 1421 880 ex
1438 818 1558 881 interna

199 901 309 982 aliqua,
334 902 378 965 uti
402 921 493 983 supra
515 904 677 985 disputavi,
701 912 734 967 et
756 906 853 968 adhuc
876 906 996 968 occulta
1017 906 1129 970 Terrae
1152 906 1348 986 dispositione
1371 914 1475 987 partes
1497 906 1556 969 ali-

198 984 275 1070 quae
299 991 459 1054 Terranrm
481 991 621 1055 humidae
649 992 750 1071 fuere,
779 1001 812 1057 et
840 1002 942 1056 aestas
975 1003 1118 1076 quantum
1148 997 1224 1058 satis
1253 995 1454 1070 fuit-serena3
1484 995 1555 1058 alibi

197 1098 270 1141 vero
292 1081 416 1143 siccitas
440 1081 506 1156 fuit,
522 1081 644 1144 inimica
660 1081 812 1163 frugibus3
837 1102 926 1165 qnam
941 1090 973 1145 et
984 1090 1086 1146 terrae
1101 1092 1200 1147 motus
1220 1093 1341 1146 secutus
1357 1091 1415 1147 est.
1453 1084 1554 1146 Inter·
1593 1126 1596 1133 -

198 1168 268 1230 dnm
290 1169 366 1231 bene
390 1169 509 1250 quidem
532 1172 626 1233 hahet
650 1190 759 1246 annus,
791 1171 846 1234 sed
878 1172 978 1234 subito
1010 1180 1043 1235 et
1071 1192 1132 1234 una
1159 1173 1207 1235 dia
1230 1173 1337 1255 pruina
1367 1171 1417 1234 vel
1439 1174 1554 1253 grando

197 1257 355 1334 montosis,
389 1266 442 1321 aut
472 1259 628 1321 inundatio
660 1260 798 1341 partibus
831 1269 921 1324 nocet
951 1260 1130 1337 humilibus3
1167 1281 1262 1343 eaque
1299 1279 1390 1323 unum
1425 1261 1555 1344 aliquem

197 1353 337 1423 tractum,
362 1366 420 1429 quo
443 1356 553 1410 ventus
577 1348 682 1424 fertur,
707 1358 844 1429 occupat
882 1347 1140 1421 Quemadmodum
1163 1351 1248 1413 etin
1271 1358 1427 1413 ventorum
1446 1359 1555 1413 natura

196 1455 309 1516 magna
339 1443 491 1499 momenta
520 1445 607 1506 sunt,
639 1455 762 1517 quorum
792 1439 902 1519 plagae
930 1438 976 1500 luis
1003 1439 1116 1502 nostris
1138 1438 1310 1521 regionibus
1332 1440 1554 1502 inconstantis-

196 1525 291 1586 simae
328 1533 399 1588 sunt
435 1534 470 1588 ut
500 1526 666 1605 plurimum.
722 1526 942 1590 Stultissimum
972 1528 1079 1608 igitur,
1112 1527 1217 1590 horum
1249 1534 1409 1592 eventuum
1444 1548 1554 1590 causas

197 1613 274 1675 alias
303 1632 447 1696 quaerere
474 1614 506 1677 in
533 1615 636 1695 liguris
659 1615 877 1690 cardinalibus,
909 1635 977 1679 cum
999 1617 1178 1679 manifestas
1201 1637 1311 1681 causas
1334 1635 1490 1680 cernamus
1515 1617 1552 1679 ob

197 1703 310 1765 oculos.
356 1704 404 1765 Ao
426 1722 465 1766 ne
488 1722 583 1766 novus
605 1703 694 1766 homo
719 1712 814 1768 artem
837 1704 1007 1767 convellere
1030 1706 1144 1782 videar,
1169 1707 1208 1769 ad
1225 1706 1358 1771 Cardani
1381 1713 1413 1768 et
1431 1706 1552 1791 Tyoho·

196 1790 243 1853 nis
267 1792 480 1855 anctoritatem
501 1811 643 1874 provoco.

736 1880 871 1943 Thasie
894 1880 1009 1944 LXVI.

281 1966 418 2036 ‚Causam
450 1970 539 2031 una'm
569 1988 625 2050 ego
658 1968 865 2046 considerabo,
899 1976 1097 2051 tempestates
1104 1989 1113 2046 ;
1141 1988 1208 2032 cum
1231 1970 1269 2032 de
1292 1971 1402 2034 ceteris
1422 1970 1553 2033 nondum

195 2063 324 2121 constet
371 2056 438 2120 Ver
466 2065 615 2121 maturum
643 2058 673 2120 in
696 2059 943 2122 meridionalibus
970 2058 1047 2121 locis
1070 2078 1205 2139 gemmas
1228 2060 1370 2123 arborum
1395 2059 1554 2139 protrudet

196 2155 266 2210 ante
289 2155 419 2224 tempus,
443 2147 549 2228 quibus
573 2147 671 2210 adhuc
695 2147 808 2210 teneris
831 2146 1046 2229 superveniens
1068 2142 1288 2227 intemperatus
1310 2147 1448 2222 Mania,
1464 2147 1553 2213 dam-

195 2254 266 2298 num
288 2234 408 2297 inferet.
454 2236 489 2297 In
522 2243 625 2298 nostro
658 2235 779 2298 climate
811 2255 848 2298 eo
880 2245 1016 2316 ternpore
1044 2236 1082 2299 ob
1112 2237 1206 2317 frigus
1230 2237 1352 2300 solitum
1376 2245 1408 2300 et
1429 2236 1554 2299 boream

195 2324 326 2387 nondum
359 2324 518 2406 quicquam
550 2333 654 2387 extare
687 2325 776 2389 solet
830 2325 896 2387 Ver
925 2325 1113 2388 commodum
1140 2326 1291 2406 frugibus,
1325 2327 1379 2389 sed
1414 2323 1465 2389 10.
1504 2326 1560 2389 11..

198 2411 247 2476 12.
271 2412 349 2492 Maji
372 2412 402 2474 in
425 2413 559 2494 periculo
587 2421 650 2490 est,
682 2419 717 2476 ut
747 2432 839 2493 supra
866 2413 988 2476 dictum.
1034 2413 1142 2477 Junius
1175 2416 1294 2478 florenti
1326 2414 1382 2477 viti
1413 2415 1554 2485 minatur,

196 2519 266 2563 nam
295 2509 328 2564 et
359 2500 407 2563 hic
436 2509 468 2564 et
501 2501 551 2583 qui
581 2502 715 2583 sequitur
736 2501 836 2564 Julius
860 2511 914 2565 aut
935 2502 1026 2565 nimio
1049 2502 1172 2565 humore
1195 2512 1249 2566 aut
1270 2503 1416 2585 grandine
1438 2504 1555 2584 passim

196 2589 307 2652 dantna
329 2589 454 2653 dabunt
500 2592 668 2672 Augustus,
693 2588 882 2671 September,
907 2588 1042 2653 October
1064 2592 1134 2653 vino
1156 2591 1296 2654 videntur
1319 2593 1432 2667 favere,
1456 2611 1553 2672 quan-

194 2687 258 2741 tum
282 2686 380 2741 restat
400 2678 430 2741 in
454 2679 599 2760 palmite,
628 2679 778 2761 etiamque
802 2680 962 2742 frumento.
1003 2676 1071 2744 ,Sed
1100 2687 1202 2742 tamtus
1230 2688 1264 2743 et
1287 2676 1340 2745 20.
1365 2678 1555 2760 Septembris

196 2767 226 2830 in
248 2767 360 2831 vicinia
382 2786 438 2831 sua
460 2769 625 2850 periculum
647 2767 748 2830 habet
1028 2787 1033 2793 ·

733 2854 865 2917 Thasie
888 2854 1017 2917 LXVII.

283 2941 375 3017 Quod
396 2944 517 3007 morbos
541 2944 668 3022 attinet,
691 2943 767 3006 illud
789 2943 1000 3006 universaliter
1027 2960 1129 3005 verum
1159 2942 1259 3005 sciunt
1280 2944 1409 3017 medici,
1430 2945 1553 3009 turbato

159 3044 164 3051 “
197 3040 267 3096 abre
289 3052 417 3115 corpora
439 3034 532 3097 etiam
554 3041 660 3097 nostra
682 3031 807 3096 turbari.
854 3033 961 3114 Itaque
989 3051 1055 3095 cum
1078 3032 1183 3115 hyems
1205 3031 1373 3115 inaequalis
1401 3033 1553 3114 significe-

196 3130 255 3199 tur,
278 3123 364 3186 multi
388 3122 480 3186 etiam
503 3122 599 3186 morbi
617 3130 722 3199 erunt,
745 3120 906 3203 praecipue
933 3121 963 3183 in
986 3121 1133 3203 principio
1156 3121 1261 3184 Martii
1288 3128 1321 3183 et
1341 3122 1428 3204 Maji.
1477 3120 1553 3188 Cum

198 3220 298 3275 autem
322 3220 354 3275 et
376 3221 480 3275 aestas
504 3220 652 3294 appareat
672 3210 802 3286 turbida,
827 3218 986 3274 autumnus
1010 3229 1139 3293 sequens
1163 3210 1202 3274 ob
1221 3229 1415 3293 congressum
1430 3210 1554 3277 Saturni

198 3308 231 3363 et
260 3300 371 3389 Martis
402 3302 563 3365 admodum
594 3301 653 3365 erit
675 3300 826 3383 putridus,
851 3301 937 3364 multi
964 3301 1060 3364 morbi
1083 3302 1289 3378 autumnales,
1314 3302 1423 3365 alicubi
1445 3305 1553 3383 pestis,

198 3407 255 3471 quo
278 3398 388 3453 ventus
410 3390 517 3454 noxius
541 3391 635 3467 feret;
663 3391 843 3471 praesertim
872 3390 898 3453 si
926 3390 992 3471 quis
1021 3390 1149 3471 eclipses
1172 3410 1208 3453 eo
1232 3409 1289 3472 quo
1313 3390 1443 3463 diximus
1467 3395 1554 3456 modo

197 3478 377 3544 consideret.
424 3481 458 3542 In
482 3498 601 3561 genere,
635 3497 825 3561 quoscunque
850 3478 1047 3543 dies‘notavi
1071 3478 1245 3559 aspectibus
1277 3480 1391 3543 crebris
1414 3480 1553 3557 infestos,

84 3572 88 3579 '
197 3568 221 3631 ii
243 3574 277 3630 et
298 3570 418 3631 morbos
442 3569 524 3630 cient
545 3567 574 3629 in
599 3566 745 3647 subjectis
766 3565 893 3641 idoneis,
909 3574 941 3629 et
949 3567 1016 3648 jam
1035 3566 1263 3647 aegrotantibus
1278 3567 1461 3631 difficiliores
1477 3579 1555 3633 sunt.

200 3653 277 3719 (ium
301 3664 403 3719 antem
425 3655 514 3718 homo
538 3656 647 3737 aliquis
668 3654 735 3735 jam
758 3653 925 3730 decumbit,
950 3663 1004 3718 aut
1027 3674 1094 3717 cum
1117 3656 1257 3717 humores
1280 3655 1383 3718 vitiosi
1397 3657 1464 3735 jam
1478 3660 1554 3719 fluc-

197 3749 288 3805 tuant
308 3743 339 3805 in
363 3761 502 3823 corpore:
526 3751 597 3806 tunc
620 3763 694 3806 sane
718 3762 776 3805 non
800 3741 937 3822 amplius,
962 3751 997 3806 ut
1018 3743 1165 3805 hactenus
1190 3761 1246 3823 ego
1270 3743 1337 3818 feci,
1362 3744 1475 3824 negligi
1498 3746 1554 3808 de·

196 3829 272 3892 bont
295 3830 545 3911 configurationes
568 3831 673 3894 Lunae
704 3831 941 3913 complanatis,
974 3832 1135 3912 praecipue
1159 3848 1226 3893 cum
1250 3829 1332 3894 Sole.
1378 3830 1459 3894 Nam
1481 3852 1554 3915 par-

199 3917 355 3981 ticularius
378 3918 560 4001 disponunt,
590 3929 623 3984 et
645 3928 767 3983 movent
788 3920 928 3985 humores
961 3920 1055 4003 (quod
1082 3927 1216 3984 testatur
1238 3938 1378 4000 magnum
1401 3921 1472 4006 illud
1497 3924 1555 3984 hu-

198 4026 314 4070 morum
339 4008 432 4071 chaos
456 4012 602 4085 oceanus)
625 4030 681 4072 nec
703 4010 850 4091 negarim,
871 4009 902 4071 in
916 4009 1065 4072 medicina
1079 4009 1218 4072 facienda
1232 4009 1347 4072 utiliter
1360 4009 1559 4075 considerari:

198 4097 312 4160 Parcet
336 4092 427 4179 aegro
449 4098 583 4161 medicus
612 4099 804 4163 vehementer
831 4098 1008 4173 debilitato,
1042 4098 1069 4161 si
1100 4106 1219 4179 potest,
1252 4098 1340 4161 Luna
1369 4098 1398 4163 in
1429 4110 1556 4181 aspectu

200 4185 272 4249 lorti
294 4194 446 4251 versante.
492 4187 574 4251 Nam
597 4188 721 4271 quilibet
744 4196 887 4269 aspectus
914 4206 968 4269 per
996 4207 1029 4250 se
1052 4197 1179 4250 naturae
1203 4188 1343 4270 purgatio
1367 4195 1423 4252 est
1461 4188 1555 4252 Atei

199 4274 309 4339 validis
340 4276 569 4357 purgationibus
602 4295 677 4358 opus
710 4285 776 4350 est,
808 4277 905 4358 eligat
931 4276 1065 4340 vicissim
1087 4277 1182 4339 fortes
1205 4278 1467 4357 configurationes.
1513 4277 1556 4341 Et

199 4384 272 4429 sane
296 4372 393 4429 totum
416 4364 538 4429 crisium
560 4365 714 4448 negotium
736 4384 756 4427 a
778 4366 882 4428 Lunae
906 4366 1004 4429 reditu
1027 4375 1059 4430 et
1080 4365 1315 4448 configuratione
1338 4385 1405 4430 cnm
1422 4366 1554 4449 planetis

199 4452 359 4536 dependet,
383 4455 554 4536 frustraque
578 4453 650 4519 alibi
673 4454 834 4537 quaeritur.

607 4614 612 4624 ,
723 4542 856 4606 Thasie
878 4540 1026 4605 LXVHI.

287 4628 323 4695 In
346 4631 437 4695 rebus
460 4631 593 4715 politicis
617 4638 649 4695 et
669 4630 788 4695 bellicis
812 4633 983 4712 astrologus
1007 4649 1080 4693 sane
1104 4638 1208 4693 votum
1230 4632 1352 4712 aliquod
1374 4631 1476 4708 habet,
1495 4651 1553 4714 po·

201 4716 267 4782 sitis
290 4720 338 4793 iis,
363 4739 440 4802 quae
463 4740 556 4803 supra
579 4721 765 4785 fundamenti
797 4719 863 4782 loco
887 4720 950 4782 dixi
974 4720 1010 4781 de
1034 4721 1201 4782 animorum
1223 4739 1371 4783 consensu
1394 4740 1460 4783 cum
1478 4741 1553 4783 oon-

199 4807 425 4889 figuratiourbus
440 4810 635 4874 coelestibus.
674 4808 858 4891 Vigentibus
873 4808 952 4871 enirn
966 4807 1076 4871 validis
1089 4808 1270 4890 aspectibus,
1288 4827 1374 4871 omne
1390 4809 1555 4871 animorum

200 4915 304 4978 genus,
339 4898 495 4981 quodlibet
525 4899 557 4963 in
590 4920 644 4965 suo
675 4916 766 4980 opere
789 4896 969 4960 naturaliter
990 4904 1131 4978 vegetum
1154 4904 1204 4959 est
1227 4905 1258 4960 et
1280 4897 1394 4971 alacre,
1423 4896 1554 4960 maxime

600 4996 603 5005 ’
1280 5000 1341 5055 28*
