3786 5808
716 344 879 401 aaran
1074 296 1079 307 ’
1432 344 1476 437 ³3.

128 519 177 563 non
198 508 321 562 moveat
344 500 418 564 haec
441 503 612 569 calumnia?
652 503 808 571 Recordor
831 508 911 572 illius
935 508 979 572 tui
1003 509 1053 571 ovi
1076 508 1475 590 chnsmphorocolnmbani.

126 587 243 652 Scilicet
265 587 398 667 homini,
427 611 493 654 cunr
520 593 654 669 videret,
683 594 794 658 habere
821 616 869 659 me
897 590 1048 661 adversos
1066 601 1168 680 magui
1191 601 1318 663 nominis
1341 602 1422 663 viros
1444 603 1475 665 in

126 697 213 741 cansa
238 674 387 759 conjugii,
417 681 532 760 placuit
559 682 657 745 oleum
685 685 802 747 camino
831 686 943 750 addere
966 695 999 750 et
1021 706 1119 751 meam
1142 688 1394 755 existimationem
1416 711 1476 753 una

125 785 186 831 cum
207 765 350 929 coqjlqgio
371 768 402 831 in
431 770 529 834 furnos
552 791 654 853 agere.
701 770 764 837 Sed
792 775 878 838 venio
906 776 946 837 ad
978 776 1113 839 tabulam
1140 795 1215 859 pag.
1240 774 1281 841 76
1306 780 1359 841 dac.
1391 780 1475 859 (vide

124 864 218 919 annot
305 902 313 918 .
1337 916 1344 930 .

206 942 359 1009 Existimo
382 966 430 1008 me
453 947 542 1011 hodie
565 948 594 1011 in
619 949 761 1014 tribunali
783 952 899 1016 sedere.
941 952 1042 1034 Usque
1067 955 1143 1015 adeo
1167 956 1275 1018 obruor
1298 956 1357 1018 tuis
1382 974 1492 1019 exce·-

124 1033 296 1097 sutiouibns.
344 1034 423 1099 Ecce
447 1056 537 1118 qnam
559 1056 704 1117 operosus
733 1060 766 1102 es
796 1041 825 1104 in
855 1043 976 1122 negotio
999 1043 1182 1106 mendomnr.
1228 1044 1295 1107 Non
1320 1064 1384 1106 sum
1409 1034 1475 1124 ego,

124 1122 283 1187 clarissime
308 1124 338 1188 d.
362 1125 563 1207 Praeceptor,
589 1146 628 1189 ex
650 1147 752 1191 eorum
775 1149 911 1206 numero,
940 1131 1004 1212 qui,
1033 1132 1091 1213 nisi
1115 1133 1287 1213 ephippium
1310 1153 1376 1196 cum
1400 1152 1474 1216 equo

125 1213 221 1285 dones,
245 1232 358 1294 equum
372 1216 482 1278 nudum
496 1216 662 1280 remittunt
700 1218 764 1281 Nec
788 1220 876 1283 aliter
900 1229 1066 1283 erratorum
1090 1222 1261 1301 catalogum
1284 1223 1361 1297 misi,
1387 1243 1476 1304 quam

125 1312 155 1367 ut
175 1300 218 1363 ita
239 1303 443 1384 subjungatur
465 1305 543 1367 calci
566 1305 673 1380 libelli,
698 1307 726 1369 si
748 1327 807 1370 non
826 1318 949 1390 tempus
971 1310 1003 1372 id
1026 1310 1218 1391 prohibeat.-

204 1389 342 1454 Rursum
364 1413 434 1455 ecce
457 1394 520 1456 alia
542 1395 698 1458 excusatio
719 1397 755 1459 de
769 1397 891 1462 Rbetici
911 1400 1093 1475 narratione,
1118 1401 1202 1480 cujus
1225 1417 1363 1481 egonon
1386 1398 1478 1462 aliam
1591 1432 1595 1447 «

118 1480 249 1555 obrem,
275 1501 371 1562 qnam
392 1492 517 1563 propter
539 1492 666 1560 sumtus,
689 1486 871 1550 mentionem
894 1488 960 1550 feci.
1007 1487 1155 1568 Equidem
1179 1491 1278 1562 credo,
1304 1487 1477 1550 existimare

129 1578 173 1644 te,
196 1569 276 1632 lecto
305 1591 368 1634 uno
396 1582 487 1652 atquc
510 1572 605 1635 altero
629 1574 721 1636 verbo
745 1575 825 1639 illins
846 1597 932 1639 meae
961 1577 1128 1656 epistolae,
1161 1586 1191 1639 te
1219 1577 1338 1659 penitus
1362 1596 1479 1641 omnem

133 1677 238 1738 operam
261 1659 386 1722 inanem
409 1661 543 1736 locasse,
561 1662 675 1743 tibique
699 1664 764 1743 ejus
787 1666 867 1746 apud
890 1685 937 1728 me
960 1685 1079 1728 onmem
1096 1666 1222 1747 periisse
1240 1667 1379 1746 gratiam.
1417 1663 1479 1729 Gur

133 1756 219 1811 autem
239 1748 327 1810 iliius
350 1769 398 1811 me
420 1750 613 1813 Narrationis
635 1752 808 1832 poeniteat,
841 1774 930 1836 quam
959 1755 1072 1834 primus
1100 1772 1156 1835 ego
1184 1756 1360 1835 cupiebam,
1391 1764 1425 1817 ut
1448 1755 1478 1816 iu

130 1836 244 1916 epistola
268 1837 311 1898 ad
335 1837 375 1902 D.
401 1839 441 1902 D.
464 1839 682 1904 Haferefferum
705 1840 886 1906 Stuccardia
907 1844 1002 1907 missa
1025 1854 1156 1907 testatus
1183 1864 1265 1919 snm,
1296 1845 1477 1924 subjungere

129 1944 185 1988 meu
207 1927 381 2006 opusculo?
427 1928 502 1990 Tum
525 1938 626 1991 autem
649 1930 700 1994 ille
723 1931 920 1997 dissuaserat.
1219 1930 1224 1939 ⁴
1482 1987 1484 1991 ψ

206 2012 360 2079 Carminis
384 2017 423 2078 ad
446 2018 592 2081 tabellam
614 2020 732 2083 authori
756 2012 922 2093 Leibir'ido,
946 2023 1083 2105 quamvis
1106 2021 1208 2098 ignoto
1232 2021 1269 2099 de
1294 2021 1381 2096 facie,
1405 2039 1478 2105 gra-

126 2102 179 2164 tias
201 2124 258 2184 ago
278 2125 337 2186 pro
357 2104 486 2169 honesta
504 2127 560 2170 sua
583 2109 738 2172 voluntate
763 2118 794 2172 et
811 2111 926 2192 judicio
950 2113 987 2174 de
1010 2128 1075 2175 me:
1100 2111 1202 2193 illique
1225 2111 1359 2175 vicissim
1373 2129 1478 2173 exem·

125 2193 187 2273 piar
207 2194 349 2272 opusculi
371 2196 459 2270 douo,
483 2196 552 2258 dutn
575 2196 644 2276 quid
668 2197 712 2260 illi
737 2217 827 2279 porro
852 2221 968 2283 quoque
990 2201 1103 2263 servire
1126 2199 1250 2278 possim,
1274 2200 1450 2281 intelligam.

205 2283 309 2346 Venio
341 2283 382 2346 ad
413 2283 544 2347 Schema
577 2284 651 2367 Cap.
685 2285 738 2350 22.
792 2288 834 2352 Et
865 2310 953 2366 sane,
995 2290 1046 2370 qui
1078 2291 1229 2369 hucusque
1249 2289 1388 2370 legendo
1419 2307 1480 2351 non

125 2371 254 2452 concepit
276 2373 482 2454 suspicionem
504 2374 631 2454 alicujus
654 2384 725 2438 tuae
748 2378 935 2455 offensionis,
960 2380 986 2442 is
1004 2380 1071 2459 jam
1094 2378 1262 2459 concipiet:
1287 2378 1357 2440 dum
1381 2377 1481 2440 omnia

126 2459 210 2524 edam
231 2463 331 2525 rerba
352 2463 481 2543 regeris,
510 2465 595 2544 quasi
625 2464 757 2545 litiganti
779 2468 852 2531 mihi
874 2468 1019 2532 tenereris
1043 2466 1227 2555 singulorum
1250 2467 1383 2530 rationes
1406 2467 1478 2529 red·

126 2549 198 2614 dure.
242 2551 329 2632 Ego,
360 2572 436 2633 quae
459 2552 661 2632 superioribus
684 2555 781 2618 literis
805 2558 842 2619 de
865 2557 922 2620 hac
945 2577 978 2620 re
1001 2557 1122 2639 scripsi,
1146 2576 1204 2618 non
1227 2556 1349 2636 scripsi,
1374 2565 1408 2619 ut
1429 2557 1479 2619 in·
1508 2608 1513 2617 .

128 2638 260 2714 dicarem,
288 2660 335 2703 me
359 2641 456 2703 adbuc
479 2642 593 2723 aliquid
616 2643 804 2719 desiderare:
829 2647 883 2709 sed
906 2656 940 2709 ut
961 2647 1096 2720 videres,
1121 2665 1210 2727 quam
1233 2645 1275 2707 sit
1296 2644 1368 2707 'milri
1391 2653 1480 2725 grata

127 2730 277 2806 correctio,
303 2739 339 2795 ut
360 2730 412 2810 qui
434 2731 524 2792 etiam
546 2731 614 2811 plus
633 2734 742 2814 corrigi
761 2735 899 2813 optarim.
937 2735 1017 2797 Dum
1035 2745 1135 2797 autem
1149 2734 1240 2813 juxta
1253 2742 1479 2817 praeceptorem

127 2836 215 2881 meum
237 2837 332 2899 agere
354 2838 414 2881 non
437 2819 575 2896 desistis,
605 2829 637 2883 et
659 2823 813 2902 negotium
840 2824 878 2885 de
906 2833 1054 2905 aequante
1082 2823 1231 2903 explicas,
1263 2822 1355 2897 facis,
1385 2830 1419 2885 ut
1441 2842 1479 2884 ne

128 2925 197 2969 nunc
219 2908 342 2989 quidem
364 2927 412 2971 mo
435 2918 519 2972 tuum
529 2976 534 2987 ,
537 2908 657 2988 jactare
678 2912 855 2990 discipulum
875 2912 1021 2974 desistere
1041 2913 1163 2993 possim,
1186 2912 1274 2972 modo
1291 2909 1347 2972 sim
1362 2910 1477 2973 docilis.

127 2994 164 3057 Et
184 3017 258 3060 sane
285 2996 351 3077 jam
380 2997 499 3060 demum
521 2997 674 3079 negotium
696 3000 843 3081 intelligo.
889 3001 954 3064 Nec
978 3001 1075 3063 miuus
1098 3018 1204 3062 sanum
1227 3008 1258 3061 et
1280 3000 1353 3061 illud
1378 2999 1479 3061 consi-

127 3083 193 3148 lium
215 3087 252 3149 de
277 3086 471 3149 moderandis
495 3087 541 3149 his
565 3088 831 3167 speculationibus.
863 3089 944 3153 Ecce
959 3090 995 3152 de
1010 3090 1097 3152 Luna
1112 3088 1349 3168 philosophema,
1374 3095 1479 3150 natum

127 3173 198 3238 iuter
219 3176 427 3251 scribendum,
455 3176 508 3238 vix
535 3176 658 3239 dimisso
686 3178 804 3254 nuntio,
833 3199 867 3241 se
895 3180 992 3261 ipsum
1020 3178 1091 3242 mihi
1115 3179 1152 3240 de
1177 3178 1312 3239 salsitate
1334 3176 1477 3258 prodidit

126 3261 246 3328 Scilicet
262 3265 372 3328 accidit
386 3265 467 3342 mihi,
492 3266 570 3347 quod
584 3256 631 3342 iis,
656 3268 707 3349 qui
726 3277 839 3330 motum
857 3278 1032 3350 perpetuum
1055 3267 1280 3330 machinantur:
1305 3274 1339 3328 ut
1361 3265 1479 3329 scilicet

125 3371 173 3432 pro
195 3364 283 3418 motu
305 3355 512 3435 aequilibrium
535 3356 676 3432 habeant,
701 3364 783 3419 motu
805 3368 919 3420 motum
943 3365 1172 3439 compensante:
1197 3355 1241 3417 sic
1259 3355 1356 3432 Luna,
1381 3374 1478 3436 qnan-

126 3450 312 3526 tumpernox
333 3444 502 3523 promoveri
525 3445 664 3521 debebat,
689 3455 805 3509 tantum
825 3448 917 3510 silens
941 3446 1134 3527 impediretur
1157 3446 1268 3526 (comp.
1291 3453 1394 3510 annot.
1409 3441 1477 3518 62).

206 3534 281 3597 Jam
304 3534 344 3595 ad
366 3543 487 3614 pactum
511 3535 589 3614 quod
616 3536 746 3597 attinet:
775 3536 868 3598 etiarn
894 3557 942 3599 me
969 3545 1071 3599 sumtu
1100 3536 1202 3597 levare
1225 3541 1387 3597 statueras.
1434 3536 1479 3596 At

127 3638 177 3700 ego
198 3624 284 3699 nolo,
309 3641 377 3685 cum
398 3642 492 3705 opera
514 3624 606 3686 etiam
627 3625 786 3705 pecuniam
808 3626 951 3689 insumas.
998 3623 1079 3695 Quin
1104 3634 1137 3686 ot
1160 3641 1252 3703 nuper
1276 3622 1398 3703 s'cripsi,
1423 3641 1477 3684 ac·
1536 3652 1539 3659 ν

128 3709 197 3790 cipio
218 3711 288 3777 200
311 3712 503 3792 exemplaria,
527 3713 640 3793 tibique
663 3713 717 3775 illa
740 3710 784 3775 to
803 3714 935 3795 relinquo
960 3713 1031 3776 doni
1054 3715 1129 3788 loco,
1155 3713 1180 3774 si
1204 3731 1305 3775 eorum
1327 3712 1383 3773 tibi
1406 3732 1478 3774 usus
1538 3740 1542 3745 ·

129 3811 180 3862 est.
225 3800 283 3865 Sin
308 3810 491 3866 autemnon
515 3801 718 3865 totidemtibi
746 3820 821 3881 opus
850 3810 913 3877 est,
941 3823 996 3877 ea,
1027 3798 1141 3883 quihus²
1162 3801 1296 3863 abundas
1325 3800 1478 3863 intereos

130 3887 303 3954 distribuere
330 3891 458 3973 patiaris
490 3891 620 3972 aliquem
647 3891 891 3970 stipendiarium,
927 3910 1049 3972 quorum
1080 3890 1129 3951 hic
1157 3889 1270 3970 accipis
1298 3890 1479 3970 catalogum.

130 3973 241 4048 Quibus
263 3999 352 4061 porro
376 3981 507 4043 dandum
530 3989 685 4054 autumas,
714 4000 761 4041 me
785 3980 904 4043 omnino
927 3980 1135 4042 consentiente
1160 3979 1296 4049 dederis.
1336 3980 1480 4041 Fortasse

130 4078 253 4147 quatuor
275 4070 399 4134 decanis
421 4069 524 4132 danda
549 4069 678 4149 singula
725 4066 855 4130 Omnino
884 4077 1005 4150 praeter
1033 4088 1088 4145 ea,
1123 4068 1229 4150 quibus
1260 4086 1314 4149 pro
1346 4076 1377 4129 te
1406 4087 1481 4149 opus

130 4155 228 4236 habes,
253 4157 455 4240 quadraginta
477 4158 508 4220 iu
527 4158 761 4236 Wirtembergia
783 4166 935 4221 maneant.
973 4156 1007 4219 Si
1031 4177 1105 4239 quos
1129 4164 1243 4218 sumtus
1265 4157 1297 4218 in
1321 4156 1481 4237 ligaturam

131 4244 247 4324 leceris,
277 4267 334 4329 ego
357 4249 531 4329 praestabo.
579 4247 692 4309 Verum
715 4248 853 4310 existImo
881 4248 1024 4327 pleraque
1052 4246 1133 4308 nuda
1160 4245 1382 4319 distribuenda,
1414 4266 1481 4310 cum

131 4353 183 4399 non
205 4337 321 4400 faciant
339 4337 453 4418 justum
477 4337 618 4399 libellum.
664 4336 711 4397 De
733 4336 861 4417 pecunia
884 4355 971 4415 spero
995 4355 1042 4397 me
1073 4336 1153 4397 intra
1176 4330 1197 4396 2
1219 4354 1339 4396 menses
1362 4335 1401 4396 ab
1425 4355 1479 4398 ac-

131 4426 220 4505 ceptis
244 4426 463 4506 exemplaribus
484 4424 736 4505 Gruppenbachio
754 4434 990 4506 prospectorum.
1027 4422 1203 4504 Marp'achio
1227 4432 1354 4505 expecto
1383 4422 1422 4486 12
1436 4425 1479 4500 fl,
1528 4443 1541 4489 ’.

132 4510 300 4595 Waiblinga
322 4506 383 4598 8'l,
412 4515 458 4585 fl..
487 4513 650 4594 Esselinga
672 4535 691 4575 a
714 4514 843 4594 quodam
870 4522 1008 4576 curatore
1033 4513 1281 4593 Wirtembergico
1304 4512 1479 4576 Heerwarto

135 4598 170 4664 10
190 4605 236 4681 ss.,
267 4623 357 4685 quam
380 4623 528 4665 summam
549 4603 614 4683 ejus
637 4602 714 4665 filius
739 4603 786 4665 hic
810 4621 897 4673 ame
920 4612 1022 4664 rnutuo
1046 4601 1168 4676 sumsit,
1198 4610 1230 4663 et
1251 4620 1305 4682 per
1327 4621 1398 4665 suos
1419 4621 1478 4683 pa-

133 4702 226 4756 rentes
256 4712 351 4779 usque
379 4692 419 4754 ad
446 4693 557 4755 festum
579 4691 777 4755 Pentecostes
802 4689 1054 4772 Gruppenbachio
1082 4699 1304 4752 numeraturum
1331 4691 1478 4771 promisit.

132 4777 207 4845 Nihil
230 4782 280 4844 hic
303 4781 402 4844 oneris
425 4779 482 4844 tibi
504 4782 655 4862 imponere
679 4781 785 4844 audeo.
831 4781 899 4860 lpse
923 4788 1024 4842 tamen
1049 4777 1317 4859 Gruppenbacbius
1338 4778 1478 4842 Esseliu·

133 4885 249 4949 geusem
272 4879 304 4933 et
321 4869 582 4954 Waiblingeusem
605 4889 750 4934 summam
774 4870 869 4951 (apud
891 4868 972 4932 illius
995 4868 1053 4931 loci
1076 4869 1222 4931 decanum
1243 4866 1382 4941 Lucium)
1404 4886 1478 4952 pro·

194 4974 398 5029 nsanos-nr.
1250 4968 1268 5022 a
