3838 5824
763 383 931 450 ΟΜΝ·
1463 392 1521 461 tbi

168 533 287 597 nomiae
310 536 542 619 descriptionem
566 540 701 603 obtinere
726 543 859 607 fumasse
880 555 1009 626 possunt
1024 547 1101 610 hanc
1115 567 1247 623 causum,
1272 560 1434 631 propterea
1448 555 1527 635 quod

169 622 284 696 orbium
315 628 525 706 proportiones
555 628 756 710 iueeuigmdi
787 634 870 695 nulla
899 634 961 696 illic
991 636 1125 709 occasio,
1159 637 1271 699 nullum
1304 640 1525 707 adminiculum.

168 710 429 782 Quemadmodum
452 717 531 779 euim
555 718 608 793 iis,
633 720 681 799 qui
707 721 744 781 de
767 723 854 782 noris
878 723 971 785 lndiis
995 725 1192 803 scripserunt,
1227 744 1314 787 nemo
1338 728 1428 790 facile
1451 749 1526 792 oon-

169 800 293 864 tradicio
315 804 366 884 qui
389 804 443 866 illa
465 805 534 867 loca
556 825 614 869 uon
639 808 703 886 ipse
726 810 881 881 lustravit,
905 811 949 873 sio
972 812 1162 895 physioomm
1186 814 1370 876 ratiunculas
1392 816 1429 878 de
1452 837 1525 880 con-

168 896 252 952 tactu
275 891 391 954 urbium
414 900 604 957 astronomus
626 896 752 974 rejicere
767 917 824 960 non
839 908 950 978 potest,
976 920 1062 981 quem
1080 902 1323 963 observationum
1338 904 1527 983 experientia

167 984 200 1040 et
221 978 432 1059 hypothesium
456 982 588 1044 conditio
619 983 648 1044 in
672 986 787 1048 coelmu
810 987 909 1067 ipsum
935 990 1071 1071 interque
1099 990 1187 1051 orbes
1212 1008 1270 1050 nou
1299 993 1408 1053 evexit.
1454 992 1525 1057 Jam

167 1084 239 1128 vero
262 1085 301 1129 ex
324 1066 483 1148 (iuperuioi
508 1071 723 1153 hypothesibus
742 1082 774 1136 et
797 1094 836 1137 ex
859 1076 910 1138 illo
926 1077 1037 1139 Terrae
1060 1086 1143 1138 motu
1161 1078 1305 1159 sequitur,
1330 1080 1441 1142 nullam
1456 1100 1525 1144 esse

167 1154 282 1217 orbium
311 1156 475 1220 vicinorum
506 1160 720 1235 differentiam,
754 1182 829 1242 quae
862 1183 921 1226 nun
952 1165 1055 1228 multis
1087 1166 1224 1245 partibus
1258 1167 1339 1228 urbis
1370 1169 1524 1250 utriusque

167 1244 423 1311 ecceutrioitatern
455 1255 585 1327 superet.
632 1251 735 1331 Atque
768 1251 856 1331 hujus
888 1253 930 1315 rei
964 1272 1038 1333 cape
1071 1254 1239 1331 exemplum
1272 1274 1309 1315 ex
1337 1256 1466 1318 Telluris
1493 1268 1525 1322 et

167 1330 297 1394 Veneris
319 1334 453 1407 orbibus,
476 1336 514 1397 iis
537 1355 653 1416 nempe,
679 1338 728 1418 qui
752 1340 904 1402 minimum
918 1342 957 1402 ab
980 1341 1110 1403 invicem
1127 1342 1246 1403 absunt
1293 1340 1436 1412 Quelium
1450 1346 1523 1407 Tel-

165 1420 238 1483 luris
262 1442 281 1482 a
302 1431 407 1484 ceutm
430 1424 532 1486 mnudi
555 1425 704 1486 distantis
726 1429 883 1490 mediocris
912 1436 960 1490 est
983 1425 1039 1503 60,
1064 1430 1170 1491 talium
1190 1430 1321 1491 Veneris
1349 1432 1388 1491 ab
1417 1433 1524 1494 eodem

166 1508 316 1571 distantia
346 1511 504 1573 mediocris
538 1521 587 1574 est
612 1510 715 1595 43⁸1„
749 1516 919 1595 differentia
951 1512 1029 1595 16⁵1,
1058 1519 1208 1596 scrupula.
1256 1518 1325 1579 Jam
1357 1519 1459 1581 Tellus
1478 1523 1522 1582 'in

165 1597 308 1678 perigaeu
332 1600 548 1682 appropinquat
576 1601 687 1663 Veneri
710 1604 857 1683 scrupulis
882 1600 961 1687 2722
994 1607 1099 1667 Venus
1123 1607 1166 1668 illi
1190 1606 1310 1668 obviam
1332 1607 1523 1686 proceditis

166 1704 301 1766 apogseo
324 1688 598 1766 scrupulis-itidem
622 1685 702 1769 2¹l„
732 1711 847 1754 summa
870 1691 889 1755 5
914 1695 1128 1771 scrupulorum.
1175 1694 1254 1772 Ergo
1285 1695 1443 1757 duodecim
1471 1715 1522 1758 re-

165 1775 260 1837 siduis
288 1776 435 1856 scrupulis
464 1778 538 1839 haec
567 1779 624 1839 duo
654 1798 780 1859 corpora
811 1781 929 1843 distant
956 1782 1049 1844 etiam
1078 1802 1146 1844 cum
1174 1782 1308 1861 proxime
1333 1783 1370 1844 ab
1395 1783 1521 1846 invicem

165 1863 285 1926 absum.
333 1861 422 1936 Quod
448 1865 475 1929 si
499 1866 564 1945 quis
588 1866 644 1928 hoc
668 1868 876 1931 intermedium
903 1871 1035 1950 spatium
1064 1871 1206 1949 compleri
1234 1878 1355 1931 asserat
1382 1872 1523 1933 deleren-

165 1951 245 2014 tibus
277 1953 372 2015 nodos
405 1962 438 2016 et
463 1954 583 2016 circulis
611 1955 816 2030 latitudinum,
850 1958 877 2017 is
905 1958 1035 2036 cogitet:
1067 1977 1159 2038 posse
1187 1978 1224 2019 ea
1251 1958 1351 2019 officia
1378 1959 1471 2021 etiam
1504 1979 1523 2020 a

166 2040 255 2119 longe
278 2041 464 2104 tenuioribus
488 2042 624 2116 orbibus,
654 2064 742 2125 quam
767 2046 815 2125 qui
839 2053 957 2108 tantum
981 2047 1095 2108 hiatum
1118 2047 1276 2126 impleant,
1307 2047 1519 2121 administrari,

166 2148 263 2208 neque
286 2137 428 2192 naturam
450 2131 570 2193 immani
593 2133 670 2194 mole
694 2141 846 2195 tantorum
871 2136 985 2196 orbium
1011 2136 1203 2198 onerandam.
1251 2132 1398 2205 Quamvis
1422 2135 1522 2215 hercle

167 2214 330 2298 Copsmioi
356 2218 541 2301 hypotheses
569 2238 671 2281 omues
701 2222 744 2283 ita
774 2231 981 2304 comparatae,
1015 2223 1060 2285 ita
1087 2233 1178 2304 aptae
1207 2232 1290 2291 sunt.
1324 2223 1368 2283 ita
1394 2222 1521 2287 invicem
1557 2242 1565 2248 ·

164 2307 347 2380 inserviunt,
379 2316 413 2370 ut
435 2308 516 2370 baud
535 2308 623 2370 facile
647 2309 708 2371 ullo
733 2310 823 2385 orbe,
851 2312 901 2391 qui
920 2314 999 2373 ultra
1021 2313 1163 2391 planetae
1188 2311 1267 2372 viam
1290 2318 1451 2398 evagatur,
1482 2312 1520 2373 ad

164 2403 264 2456 motus
287 2396 456 2457 reddendos
480 2396 614 2475 indigere
637 2398 802 2461 videamur.
849 2398 911 2462 Sed
936 2410 1016 2474 esto,
1042 2409 1076 2462 ut
1098 2401 1128 2461 iu
1151 2398 1326 2479 propinquis
1349 2398 1450 2476 spatia
1473 2400 1519 2460 his

163 2483 344 2563 impleantur
366 2484 503 2548 orbibus:
528 2504 640 2565 quaeso
664 2486 736 2548 illud
760 2490 847 2568 quale
871 2489 912 2551 sit
935 2489 1101 2551 videamus.
1149 2486 1224 2551 Cum
1244 2485 1519 2565 aperigaeaJovis

165 2571 313 2634 distantia
336 2573 375 2635 ad
399 2574 509 2636 Martis
533 2592 718 2653 apogseam,
744 2577 834 2654 duplo
858 2576 976 2656 longius
1000 2586 1170 2640 numeretur
1192 2574 1337 2654 spatium,
1367 2594 1456 2653 quam
1480 2576 1519 2637 ab

163 2660 230 2739 ipso
244 2662 344 2723 Marte
368 2663 408 2724 ad
430 2671 566 2724 centrum
589 2665 689 2724 mundi
714 2664 816 2735 (Jovis
835 2665 915 2726 enim
933 2665 1080 2726 distantia
1104 2664 1195 2742 tripla
1218 2671 1267 2723 est
1290 2663 1328 2722 ad
1348 2663 1518 2736 Martiam),

163 2767 274 2827 ergone
303 2750 342 2810 ad
374 2750 476 2829 pusilli
504 2751 644 2830 planetae
667 2752 719 2812 rix
748 2752 787 2812 ad
809 2752 1115 2814 seuenm'rariuudas
1144 2748 1357 2821 motiuncula,
1390 2750 1420 2811 in
1451 2751 1519 2811 lon-

163 2855 243 2917 gum,
267 2839 297 2900 in
321 2839 424 2913 latum,
451 2846 547 2901 totum
569 2841 626 2902 boc
649 2840 780 2920 spatium
805 2840 894 2920 duplo
918 2841 1049 2902 crassius
1073 2839 1153 2900 omni
1176 2838 1276 2898 Marte
1301 2837 1433 2916 repletur
1453 2845 1518 2900 tam

162 2927 348 3006 portentosis
376 2927 519 2989 orbibus?
564 2929 650 2998 Quae
679 2929 753 2989 haec
783 2936 908 2989 naturae
937 2927 1088 3001 lurories?
1125 2924 1223 2997 Quam
1255 2924 1377 3004 inepta?
1418 2923 1518 2995 Quam

163 3015 301 3078 inutilis?
337 3014 436 3086 Quem
459 3016 579 3078 minime
604 3018 661 3096 ipsi
685 3016 819 3078 usitata?
865 3016 967 3096 Atque
991 3035 1029 3076 ex
1051 3014 1107 3076 boc
1130 3014 1232 3075 videre
1257 3021 1318 3087 est,
1343 3012 1372 3073 iu
1398 3011 1517 3092 (loper-

162 3104 230 3165 uico
254 3104 366 3166 nullum
390 3106 492 3167 orbem
515 3105 554 3166 ab
578 3106 637 3167 alio
667 3105 768 3184 tangi,
801 3104 856 3166 sed
880 3104 1014 3183 iugentia
1042 3103 1167 3183 relinqui
1200 3109 1397 3184 systematum
1419 3101 1516 3162 inter-

161 3192 246 3254 valla
268 3193 371 3274 utique
398 3193 488 3273 plena
510 3194 635 3256 coelesti
658 3212 744 3267 aura,
778 3192 894 3254 sedari
919 3200 1056 3254 neutrum
1083 3199 1184 3253 tamen
1209 3189 1440 3269 propinquomm
1462 3209 1517 3271 sy-

161 3288 325 3347 stematum
356 3281 551 3362 pertinentia.
603 3281 780 3355 (Schemate
804 3278 857 3345 22.
889 3281 928 3341 ob
961 3281 1064 3343 oculos
1087 3297 1220 3359 propono
1253 3277 1308 3339 tibi
1339 3276 1456 3343 orbium
1486 3287 1519 3340 et

160 3368 392 3433 interstitiorum
424 3370 645 3450 magnitudines
678 3372 765 3450 juxta
791 3387 881 3431 veras
912 3369 1139 3448 proportiones:
1174 3368 1218 3428 uti
1249 3386 1301 3427 eae
1333 3366 1463 3427 numeris
1497 3386 1517 3431 a

162 3456 330 3540 (loperuico
352 3477 514 3542 expressae
538 3457 677 3533 sontii)
714 3456 825 3525 Eorum
848 3468 951 3521 sutem
975 3458 1139 3536 spatiorum
1164 3474 1231 3518 cum
1254 3454 1339 3515 initio
1363 3454 1518 3532 professus

162 3546 218 3611 aim
241 3565 352 3611 musas
376 3566 414 3609 ex
437 3544 457 3610 5
481 3547 654 3627 corporibus
677 3545 812 3622 reddere,
837 3565 890 3609 eur
913 3553 1001 3609 tauta
1023 3544 1144 3625 singula
1166 3544 1245 3606 inter
1267 3544 1353 3605 binos
1376 3543 1518 3622 planetas

160 3634 269 3701 relicta
291 3636 354 3698 sint
377 3656 396 3697 a
419 3632 566 3701 Crescere
590 3633 713 3717 Optimo
735 3633 841 3709 Max..
870 3653 976 3714 nempe
1000 3635 1078 3715 quod
1102 3633 1239 3713 singulae
1263 3631 1375 3711 figurae
1399 3629 1519 3711 singula

161 3722 324 3788 intervalla
346 3724 487 3799 efficiant,
511 3724 666 3791 videamus
689 3723 787 3797 modo,
812 3741 901 3802 quam
924 3723 954 3784 id
978 3722 1108 3785 feliciter
1130 3729 1282 3785 tentatum
1301 3719 1350 3794 sit,
1376 3737 1517 3781 causam-

162 3831 218 3892 que
250 3813 328 3879 hauc
361 3831 461 3875 coram
491 3813 679 3875 astronomia
704 3812 807 3892 judice
842 3819 874 3873 et
905 3811 1070 3889 interprete
1103 3808 1270 3888 Oopemico
1304 3806 1517 3887 disceptemus.

162 3896 294 3965 Orbibus
317 3901 392 3979 ipsis
415 3908 533 3963 tantam
555 3901 690 3981 relinquo
713 3898 892 3973 crassitiem,
918 3907 1062 3979 quautam
1084 3897 1210 3977 requirit
1224 3914 1368 3958 ascensus
1388 3896 1517 3959 descen-

162 4007 271 4070 susque
294 3990 454 4070 planetae:
480 4008 555 4069 quae
579 3997 679 4051 tamen
704 3997 802 4050 utrum
825 3986 966 4061 sufficiat,
990 3987 1069 4048 inira
1091 4004 1157 4064 cap.
1178 3982 1233 4047 22.
1258 3982 1385 4046 videbis.
1429 3981 1519 4055 Quod

162 4076 189 4139 si
219 4078 333 4158 figurae
361 4078 540 4157 interjectae
563 4086 650 4153 suut,
683 4085 718 4139 ut
741 4076 818 4138 dixi:
851 4082 972 4154 oportet
999 4073 1091 4136 imam
1119 4073 1280 4151 superioris
1304 4072 1385 4134 orbis
1409 4091 1518 4152 super-

162 4164 257 4227 ficiem
285 4165 408 4246 aequari
439 4165 663 4245 circumscripto
690 4166 823 4247 figurae,
856 4181 1001 4227 summam
1032 4160 1182 4224 inferioris
1212 4159 1371 4240 inscripto,
1405 4160 1518 4243 figuras

162 4260 262 4318 autom
286 4255 403 4316 censeri
426 4272 462 4316 eo
485 4254 598 4328 ordine,
623 4273 710 4334 quern
733 4272 824 4332 supra
847 4250 1013 4314 rationibus
1036 4250 1218 4315 confirmavi.
1266 4246 1367 4318 Quare

1201 4337 1269 4399 Lib.
1287 4336 1326 4397 V.
1343 4332 1473 4418 Ooperu.

349 4424 370 4503 b
664 4426 752 4488 Jovis
821 4424 885 4489 577
1155 4421 1219 4490 035
1244 4420 1338 4504 cap·
1367 4420 1398 4487 9.
1442 4504 1446 4513 ¹

324 4441 397 4619 iiii
423 4522 491 4599 ¹est
518 4512 602 4578 1000
665 4515 775 4577 Martis
821 4511 885 4579 333
963 4515 1010 4577 At
1033 4521 1082 4576 est
1154 4510 1218 4577 333
1243 4511 1319 4591 Cap.
1348 4507 1397 4574 14.

182 4606 215 4671 Si
239 4607 301 4670 ima
325 4611 372 4675 ‘d
412 4602 622 4667 dehebateese
665 4603 793 4665 Telluris
822 4599 886 4667 705
941 4602 1102 4664 secuudum
1154 4599 1217 4665 757
1244 4598 1319 4680 Cap.
1348 4597 1398 4665 19.

348 4694 373 4768 ὅ
463 4711 579 4755 summa
666 4692 797 4754 Veneris
821 4687 885 4753 795
919 4689 1117 4770 Copemioum
1154 4686 1218 4753 794
1243 4686 1320 4768 Cap.
1344 4685 1383 4751 21
1412 4691 1438 4751 u
1464 4685 1518 4751 22.

348 4779 373 4853 Q
664 4779 805 4843 Mercurii
821 4777 885 4928 52⁷
1153 4776 1217 4842 723
1242 4774 1319 4859 Cap.
1343 4773 1396 4841 27.
1416 4772 1462 4850 ’0

749 4868 799 4929 vel
823 4866 886 4931 77
