3838 5824
403 386 446 454 68
994 387 1157 439 moturum.

286 609 291 619 ,
404 548 586 629 potenusa'm
609 546 674 607 sive
699 546 779 608 latus
803 547 907 608 decem
929 547 1037 628 pedum
1061 546 1090 608 in
1123 545 1290 627 particulas
1323 544 1461 606 minimas
1489 542 1592 616 divisi,
1625 540 1765 621 pinnulas

401 635 490 697 alteri
513 635 641 696 laterum
666 634 748 696 circa
770 643 885 696 rectum
909 635 1001 697 affixi.
1049 635 1241 715 Triangulum
1275 634 1371 713 ipsum
1401 631 1484 693 nulla
1506 630 1642 693 trochlea
1666 629 1764 691 stabi-

402 725 465 797 livi,
489 724 543 785 sed
568 723 660 784 libere
685 744 704 784 a
728 723 797 784 fune
820 723 950 802 pendere
974 724 1112 804 permisi,
1146 724 1289 802 appensis
1319 723 1387 783 hinc
1415 720 1483 781 inde
1507 718 1701 800 pondusculis
1726 717 1763 779 li-

401 812 486 875 bravi
510 811 670 890 tantisper,
696 811 765 873 dum
789 812 879 873 stella
903 812 1043 891 pinnulae
1068 812 1214 873 foramina
1234 811 1449 890 ingrederetur.
1496 808 1600 869 Habea
1631 825 1764 886 appara-

401 910 465 963 tum
488 901 669 961 universum.
717 902 824 979 Itaque
849 900 1022 961 observatio
1047 901 1188 962 instituta
1211 897 1242 961 2.
1269 898 1378 961 Octob.
1403 916 1480 958 anno
1509 893 1609 970 15973
1633 890 1687 959 26.
1712 892 1765 956 27.

401 986 456 1052 28.
481 989 624 1049 Decemb.
651 1008 729 1049 anno
749 985 848 1062 thom
873 1007 961 1050 mane
986 997 1017 1049 et
1041 989 1158 1069 vesperi
1182 986 1234 1053 28.
1254 988 1358 1050 Martii
1382 982 1581 1059 auu01598;
1602 982 1654 1048 25.
1677 982 1766 1063 Sept.

397 1096 480 1139 auno
507 1073 602 1152 1598,
626 1078 719 1139 toties
743 1077 780 1138 de
804 1095 881 1137 novo
905 1077 1049 1138 dimensis
1073 1077 1210 1138 omnibus
1240 1076 1404 1149 lateribus;
1437 1081 1470 1136 et
1492 1072 1675 1153 deprehendi
1697 1071 1766 1152 qui-

304 1190 309 1201 ’
401 1166 469 1228 dem
492 1166 696 1227 constantiam
719 1166 921 1227 instrumenti.
970 1163 1047 1227 Cum
1071 1186 1143 1247 ergo
1168 1173 1275 1247 quater
1297 1163 1520 1227 observaverim
1544 1161 1681 1223 omnibus
1704 1161 1766 1224 sci·

402 1254 475 1316 licet
500 1254 570 1314 anni
594 1253 846 1333 tempestatibus,
881 1255 920 1316 ad
943 1254 1097 1334 negotium
1120 1256 1217 1336 ipsum
1241 1254 1376 1329 idoneis,
1408 1260 1470 1313 tres
1500 1250 1623 1313 ultimae
1648 1250 1766 1331 quidem

403 1342 598 1404 consentiunt
621 1343 858 1416 observationes,
882 1344 979 1422 prima
1002 1344 1204 1405 secessionem
1229 1343 1312 1405 facit.
1359 1342 1423 1403 Nec
1446 1340 1561 1413 mirum,
1586 1338 1768 1417 comprima

404 1438 436 1493 et
459 1430 548 1493 unica
573 1430 673 1506 fuerit,
698 1451 753 1494 nec
777 1431 938 1494 admodum
962 1433 1062 1512 quieto
1087 1440 1173 1506 abre,
1199 1451 1264 1494 curn
1289 1432 1326 1494 ad
1350 1430 1536 1493 levissimam
1559 1427 1694 1490 aumlam
1718 1426 1767 1488 in·

402 1526 602 1580 strumentum
625 1538 722 1581 meum
745 1519 959 1599 impelleretur.
1008 1519 1137 1584 Ceterae
1161 1531 1223 1582 tres
1246 1518 1424 1600 exquisitius
1448 1526 1572 1598 captae,
1596 1516 1768 1596 iteratoque

403 1607 525 1685 saepius
551 1609 741 1669 examinatae
765 1616 847 1670 sunt.
880 1607 1115 1691 Comparatione
1139 1610 1222 1671 facta
1244 1609 1358 1689 primae
1381 1625 1523 1669 erroneae
1547 1625 1613 1667 cum
1637 1604 1769 1667 secunda

403 1694 603 1758 confirmabat
626 1696 656 1756 in
676 1716 744 1758 mea
768 1698 1019 1773 ratiocinatione;
1044 1699 1139 1778 deque
1163 1697 1219 1759 hac
1244 1696 1467 1776 comparatione
1487 1703 1597 1757 sonant
1614 1694 1767 1774 proximae

401 1803 486 1847 meae
512 1784 626 1845 literae.
676 1785 891 1847 Verumtamen
917 1787 1021 1848 ultima
1044 1787 1217 1849 observatio
1241 1784 1412 1866 Septembri
1436 1785 1540 1863 elapso
1568 1782 1690 1857 habita,
1716 1801 1768 1844 re-

401 1871 513 1935 futavit
535 1872 660 1952 primam
685 1873 810 1936 Octobri
835 1875 998 1953 superioris
1022 1875 1092 1936 anui
1117 1883 1252 1955 captam,
1288 1882 1320 1935 et
1347 1873 1579 1935 confirmabatur
1609 1893 1627 1933 a
1651 1870 1768 1932 duabus

400 1959 534 2040 reliquis.
580 1960 629 2020 Ex
653 1962 790 2024 omnibus
813 1962 910 2023 tribus
933 1963 1117 2042 comparatis
1139 1981 1194 2043 pro
1218 1971 1302 2025 certo
1326 1962 1469 2041 colligere
1491 1961 1591 2042 potui,
1623 1960 1769 2022 differen-

402 2049 476 2111 tiam
500 2049 530 2109 in
554 2047 764 2112 altitudinibus
788 2049 903 2132 polaris
927 2053 1055 2125 stellae,
1089 2051 1115 2113 si
1139 2070 1198 2132 qua
1222 2060 1287 2126 est,
1318 2051 1397 2113 infra
1427 2058 1495 2112 octo
1523 2050 1665 2129 scrupula
1689 2067 1769 2110 esse.

403 2137 484 2200 Nam
508 2137 547 2198 ad
570 2136 700 2198 minores
724 2138 888 2218 particulas
913 2140 1143 2202 iustmmentum
1167 2159 1264 2202 meum
1287 2139 1531 2201 condescendit.
1563 2138 1659 2217 Igitur
1674 2136 1770 2199 semi-

404 2226 553 2287 diameter
576 2224 672 2299 orbis,
698 2226 747 2307 qui
771 2227 896 2289 Terram
920 2229 1017 2303 vehit,
1043 2228 1140 2290 minus
1160 2247 1248 2309 quam
1274 2228 1515 2310 quingentesima
1543 2226 1693 2308 particula
1721 2234 1771 2286 est

406 2314 442 2375 de
466 2312 693 2375 semidiametro
723 2316 859 2377 fixamrn.
913 2316 1065 2378 Dimoveri
1102 2326 1204 2379 tamen
1238 2336 1295 2378 non
1328 2335 1451 2398 possum
1479 2316 1517 2379 ab
1549 2334 1587 2377 ea
1618 2314 1769 2396 opinione,

403 2402 473 2483 quin
497 2402 633 2477 credam,
671 2403 793 2464 tandem
827 2404 855 2465 in
885 2404 986 2485 aliquo
1013 2406 1109 2484 primo
1135 2407 1182 2467 vel
1210 2405 1364 2467 luculenta
1392 2412 1480 2484 parte
1504 2403 1591 2485 primi
1615 2410 1768 2484 repertum

402 2491 439 2554 iri
463 2490 672 2553 differentiam.
720 2490 809 2562 Quod
832 2493 857 2554 si
881 2493 937 2555 hoc
960 2513 1019 2555 non
1043 2495 1113 2568 liat,
1142 2502 1174 2556 et
1204 2495 1230 2555 si
1255 2495 1326 2556 mihi
1344 2494 1525 2556 credendum
1548 2491 1603 2568 ait,
1628 2491 1767 2554 omnibus

402 2580 498 2641 modis
522 2578 774 2643 inaestimabilem
797 2599 865 2643 esse
889 2582 1080 2645 altitudinem
1102 2583 1227 2645 fixarum
1251 2580 1289 2644 ad
1305 2581 1387 2644 Solis
1411 2582 1615 2651 altitudinem,
1631 2579 1686 2642 hoc
1706 2597 1767 2641 uno

402 2675 579 2749 argumento
606 2668 674 2748 plus
706 2670 841 2731 offendar
873 2669 901 2730 in
926 2671 1100 2733 defensione
1134 2669 1306 2751 Copemici,
1347 2690 1435 2752 quarn
1466 2670 1548 2732 mille
1577 2669 1768 2730 saeculorum

402 2776 561 2820 consensu.
609 2755 754 2827 Quamvis
783 2759 872 2820 unica
900 2759 1059 2839 religiosae
1088 2760 1197 2822 mentis
1230 2761 1381 2822 attonitae
1412 2766 1444 2821 et
1475 2758 1625 2840 stupentis
1660 2757 1766 2819 excla-

401 2846 533 2909 matlone
559 2843 743 2925 Copemicus
768 2847 855 2927 hrq'us
879 2849 1061 2911 offendiculiv
1078 2850 1204 2911 nebulas
1232 2849 1410 2928 dispulerit:
1435 2848 1556 2909 Tanta
1580 2845 1764 2921 nimirum,

401 2935 548 3015 inquiens,
573 2942 633 2995 est
656 2937 744 2997 haec
767 2936 833 2997 Dei
858 2936 941 3017 Opt.
966 2938 1060 3000 Max.
1085 2938 1251 3000 Fabrica.
1297 2939 1342 3009 At
1365 2936 1464 2999 hercle
1487 2930 1607 2998 recr'eat
1636 2953 1682 2997 me
1706 2952 1767 2995 non

402 3023 520 3096 leviter,
548 3023 617 3084 dum
640 3026 801 3105 perpendo,
826 3044 884 3087 non
910 3034 971 3088 tam
995 3027 1104 3089 debere
1129 3046 1182 3089 nos
1206 3026 1307 3087 mirari
1331 3027 1484 3106 ingentem
1507 3033 1539 3086 et
1562 3024 1694 3086 infinitae
1720 3024 1768 3085 si-

401 3114 503 3175 milem
531 3111 629 3174 ultimi
656 3113 733 3175 coeli
768 3115 1012 3192 amplitudinem,
1051 3133 1139 3195 quam
1172 3134 1188 3175 e
1220 3123 1327 3176 contra
1358 3123 1494 3177 nostrum
1526 3113 1767 3188 homuncionum,

404 3211 586 3280 nostraeque
611 3201 696 3281 hujus
721 3202 903 3264 exilissimae
927 3203 1075 3284 glebulae,
1093 3203 1227 3282 adeoque
1242 3203 1396 3265 mobilium
1411 3204 1540 3266 omnium
1559 3201 1767 3282 exiguitatem

401 3290 518 3369 Nempe
542 3289 607 3349 Deo
631 3289 757 3351 mundus
780 3308 840 3351 non
864 3298 912 3352 est
934 3300 1054 3365 vastus,
1084 3300 1118 3351 at
1141 3309 1195 3352 nos
1219 3292 1346 3365 mundo,
1380 3310 1427 3354 me
1452 3290 1594 3365 Christe,
1623 3308 1769 3371 perquam

403 3375 774 3456 exigui‘sumus.1Quid
806 3378 885 3439 enim
912 3378 941 3439 ei
974 3385 1078 3457 potest
1107 3379 1202 3442 videri
1237 3398 1397 3460 magnum,
1436 3381 1486 3462 qni
1524 3389 1583 3443 etc.
1616 3388 1651 3440 nt
1674 3377 1769 3440 etiam

405 3463 559 3528 Ciceronis
584 3466 748 3527 autoritate
772 3473 849 3529 utar.
896 3467 1002 3548 Neque
1026 3486 1064 3528 ex
1086 3468 1164 3529 mole
1188 3468 1333 3547 judicium
1362 3477 1410 3531 est
1442 3470 1479 3531 de
1509 3468 1699 3550 praestantia
1722 3468 1769 3528 fa·

405 3554 552 3616 ciendum.
599 3553 682 3615 Deus
706 3552 799 3629 euim,
825 3554 873 3635 qui
895 3555 926 3617 in
951 3557 1022 3617 altis
1047 3556 1181 3631 habitat,
1203 3558 1336 3620 “humilia
1362 3565 1463 3621 tamen
1491 3558 1625 3637 respicit.
1672 3554 1768 3618 Etsi
1821 3572 1823 3575 ·

403 3641 528 3704 mobilia
562 3643 629 3703 ideo
662 3641 810 3705 uilissima
844 3662 916 3723 para
950 3645 1051 3708 muudi
1080 3653 1196 3720 essent,
1230 3647 1300 3727 quia
1334 3654 1431 3709 toturn
1458 3656 1595 3729 systema
1628 3652 1769 3725 respectu

405 3732 530 3793 fixarum
562 3748 655 3810 prope
689 3732 863 3794 evanescit:
897 3740 981 3795 esset
1016 3736 1121 3797 eodem
1157 3743 1335 3815 argumento
1373 3737 1460 3797 homo
1496 3737 1575 3798 inter
1610 3741 1769 3815 postrema

405 3820 506 3881 muudi
531 3821 764 3897 rejectamenta,
801 3821 851 3901 qui
888 3825 1057 3902 comparari
1090 3843 1156 3886 cum
1185 3824 1293 3898 Terra,
1323 3825 1418 3887 Terre
1447 3825 1515 3904 ipsa
1543 3842 1608 3886 cum
1642 3821 1768 3884 Saturni

406 3909 490 3971 coelo
523 3907 644 3970 minime
672 3917 794 3987 potest:
828 3919 912 3971 esset
944 3912 1073 3992 quinimo
1106 3911 1274 3975 crocodilus
1307 3922 1360 3975 aut
1390 3914 1514 3993 elephas
1547 3913 1613 3974 Deo
1645 3911 1765 3992 majori,

406 4015 495 4077 quarn
520 3999 622 4071 homo,
657 4016 763 4069 curae,
792 4007 952 4079 propterea
981 4002 1051 4082 quia
1078 4003 1156 4063 mole
1180 4001 1328 4063 hominem
1352 4011 1504 4081 superant.
1550 4002 1642 4063 Hisce
1666 4010 1698 4063 et
1721 4000 1767 4062 si-

325 4080 346 4167 ’Β
408 4087 529 4147 milibus
553 4087 702 4149 rationum
727 4088 877 4164 fomentis,
902 4090 1004 4151 nescio
1029 4098 1062 4152 ut
1085 4091 1191 4170 ingens
1215 4090 1262 4152 hic
1287 4092 1372 4153 bolus
1396 4084 1540 4173 concoqui
1562 4089 1670 4170 possit.

495 4176 588 4236 Porro
611 4176 814 4238 instrumenta
837 4196 963 4257 magna,
997 4185 1120 4253 exacta,
1156 4189 1188 4240 et
1215 4179 1468 4241 rectificatissima
1495 4186 1601 4261 optare
1634 4196 1767 4261 possum,

405 4263 552 4336 indicare,
582 4283 639 4343 quo
668 4264 748 4339 loco,
782 4283 840 4345 qua
868 4267 995 4345 pecunia
1028 4276 1256 4347 comparentur,
1290 4287 1347 4329 non
1376 4287 1507 4348 possum.
1563 4269 1650 4330 Dono
1684 4267 1770 4330 dedit

404 4352 568 4417 Moestlino
593 4352 694 4434 Tycho
718 4353 817 4415 Bralre
842 4374 967 4416 aeneum
992 4357 1156 4436 quoddam,
1181 4357 1372 4435 utilissimum
1397 4357 1531 4439 quidem,
1556 4359 1582 4420 si
1605 4358 1769 4420 Moestlino

406 4442 469 4521 ejus
494 4441 662 4503 advehendi
687 4462 723 4504 ex
746 4443 829 4504 Balti
854 4445 920 4517 (co)
944 4454 1069 4517 sumtus,
1095 4454 1149 4506 aut
1171 4446 1340 4526 incorrupte
1364 4455 1552 4526 portantum
1577 4447 1769 4509 intervallum

406 4531 581 4592 traducendi
605 4549 675 4611 spes
699 4541 792 4593 esset.
839 4530 939 4594 Credo
963 4552 1017 4611 per
1039 4533 1249 4595 Moecenatem
1271 4542 1303 4595 et
1324 4535 1511 4599 Praxitelem
1531 4536 1680 4615 Keplorus
1700 4535 1769 4609 (aut

406 4620 472 4697 ejus
497 4620 562 4680 loco
585 4620 671 4681 multi
697 4621 763 4694 alii)
789 4639 846 4683 uon
872 4622 1064 4702 inelegantis,
1091 4641 1146 4683 nec
1169 4622 1287 4684 inutilia
1311 4632 1451 4689 strueret.
1499 4623 1646 4696 Quamvis
1669 4625 1696 4687 si
1717 4641 1770 4684 ar-

406 4707 517 4768 tificem
539 4709 612 4770 mihi
636 4716 750 4788 optem,
791 4728 848 4771 non
879 4710 1058 4772 arcularium
1086 4711 1194 4783 velim,
1227 4712 1282 4773 sed
1310 4713 1470 4776 murarium
1501 4723 1533 4778 et
1560 4714 1770 4777 architectum.

405 4795 493 4858 Turni
517 4798 650 4859 enimet
674 4795 896 4878 amphitheatro
919 4799 1086 4861 rectissime
1111 4800 1177 4880 quis
1201 4810 1311 4875 utatur,
1338 4803 1392 4863 hoc
1416 4813 1478 4879 eet,
1495 4803 1715 4885 ‘perpendiculo
1740 4808 1772 4860 et

408 4905 501 4975 aqua.
546 4886 626 4949 Saue
650 4905 704 4971 pro
729 4887 811 4951 Solis
834 4889 1045 4950 observatione
1069 4887 1246 4973 nec'optari
1270 4890 1390 4974 quidem
1414 4894 1514 4976 aptius
1538 4893 1694 4975 quicquam
1711 4907 1771 4973 po-
