3814 5818
568 402 572 409 .
708 370 913 425 mum.
1422 371 1489 438 259

128 523 222 586 elicit
241 523 335 587 insito
354 526 504 607 principio
527 524 637 602 activo,
662 528 716 589 sed
739 528 856 609 rapitur
878 549 897 590 a
918 525 1049 591 1161624
1072 528 1170 602 horim
1192 529 1240 590 itu
1260 529 1358 608 prima
1380 531 1411 605 ll
1432 550 1487 594 ra-

127 612 208 693 pitur
230 632 251 673 a
271 613 371 693 prims
392 611 427 692 li,
453 632 546 696 enque
569 617 707 679 ordinate
729 635 850 697 semper
877 617 1025 679 interiens
1048 619 1145 696 prima
1168 638 1187 679 a
1209 618 1306 697 prirne
1326 620 1489 698 superioris

127 719 220 781 usque
243 703 285 763 ad
302 702 432 765 hunam
476 705 572 767 Porro
601 723 679 785 qnae
709 705 999 768 elementarius
1028 707 1245 785 interpretandi
1273 726 1366 773 owse
1389 708 1489 782 affert,

127 809 165 851 ee
186 789 213 851 si
236 809 305 853 eum
327 789 385 853 hee
406 792 658 873 interpretatione
682 794 883 870 unierautrr,
907 813 964 874 per
986 814 1021 856 se
1034 812 1144 856 casura
1157 802 1240 873 puto.
1287 795 1403 857 Verum
1420 797 1490 876 ipsa

127 878 307 941 Aristotelis
330 880 406 942 liaeo
428 882 508 943 ratio
530 882 734 945 eonstitueudi
758 883 909 945 coelestes
932 885 1021 945 orbes
1044 902 1104 944 uou
1118 882 1283 947 tamenin
1303 886 1490 947 astronomia

128 967 260 1041 ridetur,
285 967 339 1029 sed
362 987 459 1049 neque
482 970 671 1033 naturalibus
694 971 824 1053 undique
846 971 1014 1035 rationibus
1041 982 1091 1032 est
1113 981 1327 1033 consentanea.
1374 973 1487 1047 Primo,

128 1055 208 1135 quod
233 1055 298 1117 eine
320 1056 494 1119 diaerimiue
508 1060 693 1140 superiorum
707 1069 807 1122 motus
822 1061 850 1121 in
865 1060 1024 1122 inferiores
1039 1060 1168 1121 derivari
1189 1059 1309 1133 asserit,
1334 1068 1367 1121 et
1386 1080 1488 1124 eorum

128 1144 178 1224 qui
201 1146 424 1225 amplectuutur
446 1148 616 1224 interiores,
639 1156 673 1209 et
694 1149 745 1229 qui
759 1167 817 1210 nou
832 1148 1062 1229 nupleotuntur,
1087 1148 1214 1229 epieyoli
1240 1147 1323 1209 dieti.
1370 1151 1488 1212 Deinde

128 1233 217 1313 quod,
240 1252 310 1296 mm
326 1236 552 1316 arpen-fares
573 1254 690 1299 summ
711 1237 829 1299 orbium
843 1237 1004 1299 noueludat
1018 1237 1206 1299 Aristoteles
1223 1236 1381 1316 aequalem
1401 1258 1487 1299 eum-
1574 1254 1577 1261 ·

128 1340 210 1384 m
229 1323 499 1403 intelligentiarum
522 1326 698 1397 motrieieru,
724 1334 841 1404 septem
864 1334 966 1387 tarueu
990 1346 1007 1388 e
1030 1344 1168 1400 numero,
1193 1325 1244 1404 qui
1265 1325 1354 1403 primi
1378 1325 1516 1388 atella-'

127 1429 192 1472 run
223 1412 376 1488 dicuntur,
406 1423 491 1475 mutu
519 1421 633 1476 carent
686 1411 766 1484 Quin
794 1413 888 1493 igitur
914 1414 975 1475 illie
1005 1433 1081 1494 opus
1109 1412 1311 1492 intelligentia
1343 1413 1487 1476 metrice?

127 1499 184 1561 uisi
209 1500 287 1563 forte
308 1502 442 1581 passiva,
466 1502 552 1582 cnjus
577 1502 833 1564 dormientium
853 1511 1014 1582 praestent
1037 1502 1182 1583 superiori
1206 1501 1339 1564 trahenti
1362 1503 1488 1583 ejusque

127 1596 230 1650 nutum
252 1589 332 1651 ultro
355 1599 529 1672 1166666161.
565 1591 668 1653 Tertio
692 1609 775 1665 oum,
800 1598 834 1652 ut
855 1592 969 1653 dietum
992 1600 1055 1664 est,
1083 1600 1200 1671 septem
1223 1609 1240 1651 e
1259 1594 1382 1652 unniero
1404 1600 1489 1653 motu

127 1684 261 1752 emant,
286 1697 339 1739 our
360 1698 419 1741 non
441 1680 539 1741 riuem
554 1680 744 1742 restituentis
759 1681 914 1760 quaelibet
927 1681 1051 1760 supplet
1073 1690 1105 1742 et
1128 1681 1173 1742 ita
1187 1698 1272 1751 suam
1292 1678 1488 1758 ipeaaplrae-

127 1784 192 1828 rear
214 1766 254 1828 ab
276 1767 338 1829 ima
359 1767 522 1848 superioris
543 1768 676 1831 motione
698 1768 828 1831 liberat?
872 1768 941 1831 Nisi
958 1770 1039 1830 l'orte
1053 1769 1204 1830 servanda
1217 1767 1388 1847 aequalitas
1410 1768 1491 1829 inter

125 1853 254 1935 primam
278 1853 403 1919 Saturni
429 1864 463 1918 et
483 1856 599 1936 primas
622 1856 803 1937 reliquorum
826 1858 1032 1937 planetarum,
1061 1866 1109 1933 ut,
1139 1857 1210 1937 quia
1237 1855 1293 1916 illa
1318 1855 1491 1918 boeotium

127 1951 177 2006 ut
199 1952 301 2016 nanta,
321 1945 379 2007 lite
401 1963 518 2026 quoque
544 1946 650 2008 endem
672 1946 831 2026 privilagio
853 1946 1016 2025 gaudeant.

215 2031 279 2095 Sed
299 2042 495 2115 portaremus
517 2034 697 2097 Aristotelia
720 2034 908 2096 orationem:
932 2052 1022 2108 „cum
1043 2032 1136 2114 igitur
1160 2032 1318 2093 ferentium
1338 2031 1488 2111 sphaera-

127 2139 193 2184 rum
215 2122 295 2184 aliae
318 2121 357 2198 8,
381 2123 461 2185 aliae
484 2119 527 2186 24
550 2123 635 2185 sint“
657 2124 703 2197 (16
727 2122 799 2185 aliis
821 2121 1044 2202 exemplaribus
1068 2121 1181 2201 legitur
1198 2118 1269 2194 25).
1315 2118 1395 2182 Ooto
1419 2121 1488 2201 qui-

127 2211 196 2273 deur
223 2218 296 2272 suut
318 2209 443 2274 Saturni
470 2211 626 2287 ationis,
661 2213 847 2292 singulorum
865 2207 897 2273 4.
942 2209 1137 2289 Reliquorum
1165 2208 1191 2270 si
1222 2208 1362 2288 quilibet,
1395 2210 1489 2271 etium

129 2295 168 2376 Θ
193 2306 227 2360 et
251 2302 296 2374 Ε,
319 2299 483 2363 seeundum
505 2308 637 2362 mentam
651 2298 843 2362 Fraeastorei
866 2299 981 2360 habeut
1004 2296 1041 2371 5,
1065 2317 1181 2360 summa
1204 2297 1324 2378 quidem
1347 2295 1390 2361 25
1413 2316 1488 2359 eon-

128 2389 227 2450 datm.
276 2388 393 2449 Vereor
415 2387 509 2468 igitur
536 2395 571 2449 ut
593 2389 668 2450 haee
691 2387 838 2451 correctio
862 2384 905 2451 25
928 2406 983 2466 pro
1006 2384 1050 2449 24
1073 2387 1115 2449 sit
1136 2386 1341 2448 Fraeastorei.
1387 2384 1423 2448 Si
1446 2383 1488 2463 Θ

127 2484 160 2537 et
181 2477 208 2547 >
234 2484 399 2556 quaternas
421 2485 540 2539 tantm
563 2477 686 2549 habent,
709 2495 827 2539 summa
848 2475 1048 2556 posteriorum
1069 2476 1130 2538 erit
1152 2472 1204 2548 23,
1228 2493 1288 2537 666
1313 2470 1367 2536 25.

195 2565 290 2639 Vnde,
321 2584 362 2627 an
391 2584 450 2627 non
480 2565 526 2627 sin
553 2564 796 2646 intelligendum:
829 2565 930 2640 „aliae
957 2565 1064 2639 octo,“
1096 2566 1117 2625 i.
1148 2582 1175 2624 e.
1200 2560 1283 2623 Solis
1310 2570 1344 2623 et
1372 2562 1489 2639 Lunae,

128 2653 229 2728 „aliae
249 2650 326 2728 23,“
348 2653 368 2715 1
393 2672 420 2715 e.
444 2654 626 2735 reliquorum
647 2652 678 2716 5.
725 2655 769 2717 Ut
791 2654 835 2715 ite
857 2654 899 2716 sit
917 2652 1086 2715 evidentior
1105 2670 1199 2713 musa
1221 2650 1311 2730 liujus
1331 2649 1490 2715 divisionis

5 2730 7 2795 Ῐ
129 2737 338 2805 mflmffl.

221 2829 286 2905 „Et
317 2830 422 2893 harum
448 2848 508 2891 non
537 2847 662 2891 neeesse
692 2837 742 2890 est
770 2828 882 2890 habere
910 2828 1122 2889 restituentem
1155 2824 1251 2886 solam
1278 2823 1377 2899 illam,
1411 2845 1488 2905 quae

127 2927 242 2982 nerum
263 2919 401 2981 ultimum
425 2918 518 2981 lert“
561 2917 675 2981 Omnes
699 2913 720 2979 6
743 2916 928 2997 superiores,
962 2916 1009 2976 sui
1036 2912 1150 2976 ordinis
1178 2913 1270 2986 imae,
1303 2933 1380 2993 quae
1403 2923 1490 2977 aetra

127 3026 184 3069 sua
205 3008 316 3082 161661,
340 3007 533 3069 1166661666
556 3024 590 3068 se
613 3006 820 3077 restituentes,
846 3004 917 3084 quia
931 3003 1044 3065 hebent
1067 3012 1099 3062 et
1121 3002 1177 3063 snb
1197 3021 1231 3062 se
1254 3001 1338 3063 eliud
1361 3011 1488 3064 astrum.

128 3094 203 3158 Sola
216 3096 331 3171 lunae,
354 3096 453 3158 ultimi
475 3096 561 3170 astri,
587 3095 687 3156 iereus
711 3094 826 3155 etima
847 3111 906 3154 unu
930 3092 1024 3154 habet
1048 3091 1151 3152 subse
1172 3089 1394 3164 restituentem,
1418 3090 1490 3170 qaia
1542 3115 1549 3129 ·

126 3185 241 3247 nullum
264 3190 378 3246 astrum
401 3182 546 3264 sequitur,
571 3182 657 3264 eujus
679 3181 777 3264 prima
799 3181 987 3243 restituatur.
1031 3178 1293 3255 „Restitueutium
1326 3178 1446 3258 quidem
1468 3174 1490 3241 6

128 3282 216 3336 erunt
238 3273 363 3336 duorum
384 3272 581 3353 primorum.“
625 3273 706 3335 Nam
730 3270 876 3352 Oalippun
900 3264 1076 3332 66161664
1100 3268 1236 3341 dederat,
1259 3267 1388 3329 totidem
1406 3267 1487 3340 Jovi,

127 3362 234 3444 primia
255 3362 400 3443 planetis.
447 3362 634 3424 Aristotelea
663 3361 749 3423 addit
771 3362 909 3441 utrinqne
936 3358 1077 3432 totidem,
1103 3356 1302 3426 nunninus,
1335 3363 1369 3417 ut
1396 3374 1488 3437 66616

129 3451 376 3514 dunandarerat.
423 3449 504 3512 Sunt
529 3451 631 3531 itaque
660 3450 708 3512 bis
735 3458 814 3525 tres,
847 3467 923 3530 quoa
951 3447 1050 3521 addit,
1084 3464 1127 3509 so.
1153 3441 1183 3508 6.
1229 3443 1391 3519 „Sedecim
1415 3464 1487 3507 vero
1560 3502 1564 3507 .

125 3539 326 3620 posteriorum
348 3537 402 3603 4.“
447 3528 1487 3614 Ν6613616166666616,6,ῼ,Θε5,5,5,4;411616-

125 3630 204 3691 telea
231 3628 319 3690 addit
347 3627 490 3702 totidem,
524 3645 643 3705 semper
670 3646 730 3688 uuo
757 3627 871 3699 minus,
905 3644 950 3686 so.
973 3622 1013 3700 4,
1042 3622 1078 3699 4,
1101 3619 1139 3696 4,
1164 3621 1198 3698 3,
1232 3622 1311 3702 quod
1339 3641 1486 3685 summam

125 3718 202 3785 lauit
227 3714 278 3781 15.
324 3716 381 3780 Siu
404 3724 506 3779 autem
528 3723 562 3776 et
586 3712 626 3792 Θ
650 3715 813 3776 seeundum
836 3714 1028 3775 Fraeastorei
1050 3722 1181 3774 mentem
1204 3711 1317 3771 habeat
1339 3708 1359 3773 5
1385 3713 1486 3773 fereu-

123 3815 187 3883 tee,
216 3805 343 3868 habebit
370 3814 403 3869 et
425 3802 685 3878 irestitueutes,
715 3803 830 3881 eritque
859 3820 977 3863 summa
1000 3820 1074 3863 saue
1104 3797 1152 3862 16.
1203 3797 1325 3872 „Quare
1354 3801 1486 3862 omnium

123 3913 266 3958 uumerus
299 3904 333 3957 et
365 3894 527 3957 lemtium
560 3901 592 3956 et
626 3890 848 3955 restituentium
881 3891 942 3951 erit
969 3887 1011 3952 55
1017 3892 1048 3965 ;“
1083 3888 1232 3968 siquidem
1271 3886 1332 3948 illie
1368 3889 1484 3950 Frena-

124 3991 227 4047 storeo
255 3983 398 4063 largiaris
427 3981 464 4059 8,
493 3979 556 4056 253
588 3981 637 4045 hio
666 3977 701 4056 6,
734 3976 785 4044 16.
830 3980 877 4040 At
903 3977 931 4039 si
958 3974 993 4053 S,
1023 3974 1066 4040 23
1098 3973 1194 4050 aru,
1226 3973 1265 4037 15
1293 3976 1482 4057 colligamus,

122 4090 272 4136 summm
294 4072 486 4134 eondeiemns
508 4069 561 4133 52.

215 4160 271 4237 „Si
293 4179 365 4222 nero
380 4159 446 4223 Soli
468 4167 501 4222 et
515 4160 619 4221 Lunae
643 4176 701 4219 non
721 4154 873 4227 addiderit
891 4153 968 4234 quis,
992 4172 1066 4233 quos
1083 4151 1222 4228 diximus,
1247 4162 1346 4215 mutua
1370 4173 1482 4229 omues,
1537 4159 1543 4179 ¹

122 4250 273 4331 sphaerae
296 4257 385 4312 eruut
406 4246 481 4313 tuf
529 4245 601 4310 Sive
632 4246 710 4307 euim
735 4243 880 4322 Calippue
904 4243 989 4305 binos
1018 4241 1181 4317 addiderit,
1210 4243 1322 4305 cadent
1342 4239 1484 4322 primoi

123 4340 267 4414 ferentes,
292 4336 361 4400 dein
385 4335 407 4400 2
431 4336 628 4400 restituentes
652 4333 743 4409 Solia,
768 4328 877 4413 quia2
901 4331 966 4410 ejus
990 4331 1122 4392 ferentes
1145 4331 1292 4393 oeeidere.
1338 4330 1403 4393 Sex
1423 4330 1484 4408 igi-

122 4438 172 4491 tar
195 4429 224 4490 ei
246 4427 369 4491 auferas
391 4423 487 4498 655,
515 4430 638 4486 restant
658 4418 713 4486 49.
758 4421 872 4501 Aliqua
904 4430 1004 4481 tamen
1027 4419 1212 4498 exemplaria
1239 4419 1353 4481 habent
1374 4419 1483 4481 vitiose

122 4513 187 4594 473
222 4517 287 4578 sire
311 4514 423 4595 singuli
447 4513 608 4591 aOalippo
631 4510 695 4573 sint
712 4509 817 4585 additi,
842 4509 953 4571 eadem
974 4507 1071 4587 primo
1095 4506 1272 4580 ⁸linientes,
1296 4526 1356 4569 uua
1368 4510 1483 4579 Lunae,

124 4606 225 4668 ultera
247 4603 342 4681 Solis,
363 4603 492 4684 indeque
516 4602 583 4680 ejus
605 4619 666 4662 uua
688 4597 852 4660 restituens
859 4616 868 4671 ;
892 4593 1019 4675 qnare3
1039 4595 1076 4656 de
1090 4594 1134 4658 52
1157 4595 1289 4670 ablatas,
1313 4596 1484 4677 relinquunt

123 4688 312 4757 11616646.
357 4692 469 4755 Nauio
500 4690 571 4772 qnid
601 4687 729 4751 monami
755 4686 832 4748 dant
857 4685 991 4747 affectati
1018 4684 1147 4758 muneri,
1180 4684 1207 4746 si
1234 4693 1336 4746 tannen
1363 4684 1483 4764 genuini

126 4790 219 4846 seut:
250 4788 301 4843 est
322 4779 431 4843 binarii
452 4781 547 4844 nubas
569 4775 605 4851 6,
629 4793 770 4839 nummus
792 4773 952 4835 ferentium
974 4768 995 4851 lj
1018 4782 1052 4833 et
1073 4771 1122 4846 21ς
1147 4780 1197 4833 eet
1219 4772 1325 4834 binarii
1350 4772 1483 4851 quadra-

121 4878 187 4935 tum
210 4868 249 4947 4,
272 4887 415 4933 uumerus
437 4870 596 4934 stellurum
617 4873 689 4947 post
710 4863 787 4925 dues
809 4861 889 4936 illes,
913 4878 991 4939 qnae
1005 4859 1204 4925 restituentes
1226 4857 1334 4923 subse
1352 4860 1481 4931 habent3

1208 4962 1269 5013 1⁷*
