3814 5818
673 425 703 475 de
721 426 794 475 rebus
814 426 975 491 astrologicis.
1139 498 1143 503 .
1399 428 1407 445 '
1438 431 1497 496 321

216 581 428 631 Fabricius:
458 580 605 642 Quaeritur,
634 583 771 647 managni
799 583 1072 634 etdiutumirenti
1096 586 1150 637 sine
1177 590 1283 639 materia
1310 604 1365 639 esse
1390 590 1506 654 possint?

145 653 220 704 Unde
239 654 307 702 renti
325 652 399 703 subiti
418 667 449 702 ex
467 652 534 702 claro
554 653 632 710 coelo,
651 652 690 702 rel
709 668 740 703 ex
759 654 850 719 exigua
861 654 985 718 particula
1001 656 1083 715 auhn,
1101 659 1126 706 iu
1139 658 1217 708 Indiis
1228 661 1336 710 mamma
1349 662 1506 713 scertamen?

146 724 200 774 Hoc
220 723 359 789 prodigium
378 723 445 787 apud
462 739 503 773 me
520 726 602 788 potius
621 729 673 781 eat,
702 737 777 788 quam
794 732 823 775 ut
844 725 876 775 ad
901 724 1016 789 physicas
1041 728 1150 777 rationes
1176 731 1261 780 reterri
1285 733 1371 794 possit.
1408 732 1505 784 Suntne

144 798 207 845 torte
226 795 344 859 planetae
363 802 486 845 cenorum
504 802 632 844 ventorum
649 795 774 845 mataras?

233 883 435 962 Keplerns:
461 883 506 943 De
530 884 639 955 ventis,
664 901 747 961 rogo,
774 882 874 943 iudica
892 881 1054 961 diligenter
1078 894 1166 947 notas
1182 907 1284 950 omues
1304 891 1503 955 circumstan-

146 973 208 1033 tias
233 970 291 1033 loci
324 979 357 1032 et
379 979 547 1032 ventorum.
595 962 746 1031 Videntur
778 970 822 1031 illi
854 970 984 1031 diuturni
1018 973 1099 1034 venti
1133 976 1181 1036 vel
1214 978 1400 1041 adiuturnis
1433 982 1505 1043 aiibi

146 1061 270 1140 pluviis·
285 1078 363 1131 esse,
387 1059 436 1119 vei
460 1059 525 1120 ioco
550 1077 662 1120 earum.
710 1057 781 1120 Sine
806 1059 934 1120 materia
958 1077 1029 1119 vero
1053 1060 1103 1140 qui
1116 1065 1244 1142 possint,
1269 1069 1318 1146 qui
1337 1078 1407 1130 sunt
1421 1088 1504 1132 mera

143 1148 294 1211 materia?
338 1148 405 1227 Ego
430 1166 503 1208 sane
527 1149 637 1223 nescio,
663 1147 733 1226 qnid
757 1147 798 1208 sit
820 1147 875 1209 illa
898 1146 980 1208 sicca
1003 1149 1157 1212 exhalatio
1181 1153 1239 1221 nisi
1262 1166 1419 1218 ventorum
1434 1177 1500 1220 ma-

143 1238 233 1300 teria.
280 1237 396 1315 Magna
418 1236 537 1297 videtur
561 1237 589 1298 in
613 1236 670 1297 hac
695 1236 832 1297 doctrina
855 1236 1017 1297 etiamnum
1042 1238 1214 1301 obscuritas
1244 1250 1275 1304 et
1308 1243 1498 1323 incertitudo,

143 1325 281 1388 tollenda
295 1325 481 1386 creberrimis
498 1324 711 1404 experimentis
727 1325 821 1385 totius
835 1324 927 1386 orbis.
951 1324 996 1384 Tu
1010 1326 1102 1404 igitur
1117 1328 1145 1388 in
1157 1329 1364 1394 collectionem
1374 1335 1499 1398 enitere.

234 1414 281 1476 De
309 1412 489 1492 prodigiosis
523 1414 583 1475 illis
607 1414 706 1475 ventis
736 1414 826 1492 plane
851 1414 948 1474 sivuile
973 1413 1091 1476 videtur
1119 1417 1147 1477 in
1173 1418 1256 1479 libri's
1279 1419 1412 1499 Regum,
1445 1423 1501 1485 sub

142 1504 216 1567 Elia
238 1503 396 1583 propheta.
443 1502 526 1563 Nihil
550 1521 674 1582 possum
697 1501 823 1563 rationis
848 1500 965 1573 afferre,
989 1503 1047 1563 nisi
1071 1504 1143 1566 mihi
1166 1516 1287 1570 constet
1310 1510 1346 1569 de
1370 1512 1500 1572 circum·
1585 1551 1588 1556 -

143 1593 279 1655 stantiis.
312 1590 483 1661 ‚Nubecula
506 1591 648 1652 indicium
673 1590 885 1662 exhalationis,
910 1609 967 1651 non
991 1610 1085 1653 causa
1108 1613 1175 1655 esse
1200 1595 1328 1659 videtur.

184 1737 191 1745 .
233 1682 268 1742 ln
294 1678 424 1760 Styria
446 1696 532 1741 mons
556 1691 605 1741 est
628 1678 826 1753 Scheirel„
847 1679 897 1758 qui
920 1678 945 1738 si
970 1699 1003 1740 se
1027 1682 1142 1742 vestiat
1166 1683 1274 1762 exiguo
1297 1686 1390 1764 pileo,
1416 1695 1501 1749 certa

143 1770 281 1847 imminet
307 1768 450 1849 procella.
496 1767 556 1830 Est
587 1786 673 1831 mous
699 1775 881 1849 praeruptae
913 1776 945 1828 et
973 1768 1112 1831 immanis
1137 1771 1320 1849 altitudinis,
1354 1793 1499 1854 superans

144 1858 337 1921 altitudinem
370 1857 629 1935 circumjectorum
652 1857 813 1931 montium,
847 1857 897 1936 qui
921 1876 994 1918 saue
1026 1877 1084 1918 non
1110 1868 1180 1921 sunt
1203 1860 1342 1937 humiles,
1376 1863 1500 1927 dimidio

144 1947 312 2029 quadrante
332 1943 468 2007 milliaris
492 1964 604 2024 germ,
630 1944 734 2009 habito
757 1956 897 2027 respectu
920 1946 1088 2026 superficiei
1112 1967 1221 2011 curvae
1236 1951 1358 2014 Terrae.
1404 1953 1440 2015 In
1465 1971 1500 2015 eo
1560 2006 1570 2019 .

144 2034 356 2098 observatione
380 2034 576 2096 rotunditatis
600 2034 713 2096 Terrae
746 2053 800 2114 per
823 2042 940 2096 montes
964 2034 1030 2096 sine
1054 2036 1139 2097 coelo
1163 2038 1315 2115 instituta,
1345 2049 1379 2102 ut
1402 2041 1501 2103 obiter

142 2134 175 2187 te
209 2124 372 2199 oblectem,
405 2124 467 2185 vidi
499 2123 596 2185 muita
624 2123 768 2202 jucunda.
816 2124 916 2186 Primo
945 2142 1011 2185 cum
1035 2126 1266 2189 ascenderemus
1299 2129 1417 2191 aestivo
1442 2129 1501 2203 die,

142 2215 244 2276 clarus
268 2221 334 2274 erat
358 2221 391 2274 et
413 2212 546 2273 fervidus
571 2220 638 2286 abac
662 2221 824 2293 postquam
845 2213 873 2273 in
896 2230 1012 2273 summo
1029 2215 1184 2275 colummae
1205 2217 1396 2292 sistebamus‚
1422 2216 1509 2280 iufra*

115 2328 119 2339 ·
142 2311 275 2365 montem
298 2301 446 2381 paulatim
470 2300 541 2362 oriri
563 2302 673 2363 nubes:
699 2310 766 2362 erat
787 2299 898 2375 Gratii,
923 2319 999 2380 quae
1015 2301 1110 2364 distat
1134 2300 1356 2381 2milliaribns,
1381 2316 1500 2386 tempe·

143 2400 212 2454 stas
234 2408 436 2470 magnacum
459 2390 640 2465 tonitrubus,
664 2409 741 2470 quae
765 2409 820 2450 nos
843 2409 901 2451 nou
925 2390 1150 2465 exaudivimna3
1182 2394 1282 2454 omnia
1310 2394 1389 2457 iufra
1411 2396 1499 2458 vide·

144 2481 260 2543 bamus.
305 2478 469 2541 Inferiores
493 2488 626 2552 montes,
661 2478 699 2538 ad
724 2498 798 2559 quos
822 2487 887 2541 erat
915 2477 1143 2555 milinandum,
1173 2482 1304 2561 maligne
1336 2502 1392 2563 per
1423 2485 1500 2547 cali-

144 2581 268 2649 gantem
300 2575 333 2629 et
364 2568 560 2647 fumigantem
595 2574 695 2628 aerem
733 2569 947 2640 cernebantur;
985 2567 1123 2629 discussa
1160 2578 1344 2650 tempestate
1381 2574 1499 2635 melius.

144 2652 285 2721 Vidimus
304 2657 396 2737 juxta
419 2667 451 2717 et
473 2657 552 2718 infra
575 2675 630 2717 nos
653 2655 819 2735 pendentes
843 2656 873 2717 in
897 2662 967 2717 atre
992 2657 1095 2730 nubes,
1120 2656 1301 2720 horrendum
1325 2661 1445 2722 hiantes
1470 2672 1502 2723 et

144 2746 283 2808 immanis
307 2745 484 2807 celeritatis.
531 2745 641 2811 Adbuc
665 2763 784 2823 semper
797 2744 884 2806 nobis
900 2742 956 2804 Sol
978 2743 1106 2805 luxerat.
1155 2744 1263 2806 Subito
1280 2748 1397 2821 nebula,
1424 2768 1500 2829 qnae

145 2834 232 2914 quasi
256 2834 368 2896 furiata
391 2834 436 2894 ita
460 2834 572 2912 impetu
596 2833 748 2895 ferebatur
772 2853 791 2892 a
813 2831 965 2894 radicibus
989 2833 1098 2894 montis
1129 2834 1166 2893 ad
1196 2835 1311 2897 culmen
1340 2838 1440 2914 ejecta
1468 2846 1501 2897 et

144 2943 200 2984 nos
228 2923 347 3004 oblique
380 2924 501 2984 radens.
557 2922 641 2983 Intra
665 2920 809 3000 ternporis
833 2928 985 2981 momenta
1012 2920 1075 2999 jam
1103 2922 1206 2999 pluvia
1236 2932 1269 2983 et
1297 2924 1495 3003 frigidissima

144 3013 240 3073 mixta
263 3010 416 3089 grandine.
463 3010 627 3074 Ubi'latus
650 3011 682 3071 id
706 3030 725 3069 a
748 3010 856 3071 nebula
872 3010 928 3070 fuit
942 3016 1098 3081 retectum,
1123 3029 1180 3089 qno
1200 3011 1293 3073 monti
1315 3022 1493 3092 prospectus

144 3110 232 3180 patet
255 3101 342 3179 longe
366 3100 395 3161 in
418 3101 584 3180 Ungariam
608 3109 640 3160 et
662 3100 736 3160 fines
760 3098 913 3173 Turcicos,
939 3096 1114 3160 admirabile
1133 3100 1349 3178 spectaculum.
1396 3100 1496 3182 Supra

147 3208 205 3250 nos
228 3198 296 3251 erat
318 3187 434 3261 nebula,
457 3190 573 3251 coelum
597 3187 785 3262 obnubilans,
811 3187 889 3249 infra
902 3206 957 3248 nos
981 3188 1150 3253 clarissima
1164 3190 1224 3250 lux.
1270 3189 1325 3252 Sol
1339 3190 1418 3253 enim
1431 3200 1495 3253 turn

145 3276 281 3344 vicissim
312 3277 462 3358 regionem
498 3278 665 3357 subjectam
703 3278 887 3340 illustrabat.
942 3276 1027 3337 Haec
1060 3278 1136 3338 adeo
1175 3278 1279 3351 fortis,
1318 3288 1351 3341 nt
1385 3298 1494 3341 averso

148 3383 262 3447 papyro
292 3367 409 3437 omnino
441 3368 509 3446 plus
545 3368 619 3428 lucis
647 3365 784 3427 a‘l’erra
817 3366 1015 3441 allaberetur,
1051 3384 1138 3446 quam
1172 3367 1301 3448 desuper
1328 3389 1347 3428 a
1375 3368 1495 3431 nebula.

146 3453 355 3534 Splendebaut
376 3464 478 3518 autem
501 3456 636 3530 flumina,
670 3456 807 3533 quamvis
830 3455 950 3516 turbida
974 3463 1059 3529 tunc,
1089 3456 1266 3519 clarissime.
1311 3456 1372 3520 Est
1395 3467 1496 3520 autem

144 3543 173 3605 in
197 3545 249 3606 illo
272 3554 373 3606 monte
397 3563 520 3625 vorago,
553 3542 706 3620 ἄβυσσος,
735 3543 812 3605 unde
836 3543 911 3605 adeo
936 3544 1059 3604 crebrae
1084 3554 1299 3624 tempestatum
1323 3546 1495 3607 exhalatio-

143 3651 212 3707 nes,
245 3642 280 3696 ut
303 3634 385 3695 fama
408 3633 571 3701 obtinuerit
594 3633 818 3712 antiquissima,
854 3631 992 3708 conjectu
1017 3632 1112 3711 lapilli
1135 3634 1313 3711 grandinem
1336 3628 1420 3707 eiicij
1453 3653 1494 3695 sc.

144 3723 213 3803 quia
238 3723 314 3784 adeo
333 3722 437 3784 crebro
461 3722 637 3802 grandinat,
663 3721 726 3780 sive
751 3720 845 3799 lapilli
869 3718 1077 3797 conjiciantur,
1102 3721 1166 3781 sive
1190 3740 1265 3793 non;
1298 3722 1374 3781 hanc
1399 3722 1497 3782 famae

142 3812 352 3893 deceptionem
376 3830 444 3872 esse
468 3819 551 3890 puto.
600 3811 664 3871 Nos
689 3810 767 3870 enim
791 3826 913 3887 specum
936 3825 994 3868 non
1014 3807 1180 3869 invenimus
1204 3817 1357 3869 ettamen
1382 3809 1497 3886 grando

142 3898 208 3976 luit,
234 3900 294 3963 nisi
318 3901 395 3962 forte
419 3900 485 3979 ipso
509 3918 638 3960 ascensu
661 3897 876 3959 incitaverimus
901 3907 1033 3957 montem
1049 3896 1174 3957 scilicet.
1221 3896 1288 3957 Hac
1307 3896 1407 3975 itaque
1423 3916 1496 3957 nar-

142 3990 312 4052 ratiuncula
335 3998 404 4050 tuas
428 3989 621 4068 quaestiones
645 3987 784 4049 claudere
807 3986 898 4048 volui.

214 4095 410 4147 Fabricius:
435 4093 526 4143 Litana
543 4095 593 4143 tuis
612 4092 810 4143 &monadorum
829 4091 1056 4156 cosmographiam
1075 4089 1182 4155 adiunge
1207 4096 1234 4140 et
1256 4089 1377 4140 derebus
1396 4104 1427 4141 ac
1444 4098 1497 4144 atu·

142 4165 188 4217 dtis
206 4166 259 4219 tuiis
278 4182 319 4216 me
337 4166 378 4215 iac
398 4168 533 4216 certiorem.
570 4164 619 4214 Hic
637 4165 711 4214 maer
728 4172 810 4215 status
828 4170 875 4220 est,
894 4163 1016 4212 scamnis
1028 4163 1187 4225 perturbatur
1207 4168 1378 4225 exspectamus
1391 4165 1498 4226 quotidie

141 4235 241 4301 badum,
262 4253 313 4288 uon
331 4243 430 4286 tautum
450 4250 466 4286 a
483 4235 615 4286 rebellibus
633 4234 804 4291 Emdensibus,
824 4235 868 4284 sed
886 4236 1018 4298 praecipue
1037 4230 1160 4280 ordinibus
1169 4231 1329 4282 Hellaudiae.
1365 4233 1446 4284 Pestis
1457 4235 1499 4285 hlc

141 4310 212 4362 rues
240 4310 338 4370 saevit,
363 4309 423 4373 quia
447 4309 472 4357 ln
490 4308 571 4372 ligura
590 4306 683 4355 ramuli
710 4306 778 4357 iocus
797 4319 876 4355 norae
895 4303 982 4354 stellae
1002 4298 1039 4363 (in
1059 4300 1157 4367 Cygno]
1179 4304 1203 4352 in
1222 4302 1268 4353 VI.
1288 4303 1368 4354 domo.
1405 4305 1500 4356 Stellae

142 4393 221 4433 uorsa
241 4387 337 4431 natura
354 4378 480 4428 Martialis
499 4385 544 4428 est
584 4374 636 4438 (De
653 4376 702 4426 hac
720 4378 793 4427 steila
810 4390 875 4441 quae
893 4375 1020 4424 Fabricius
1039 4372 1149 4434 addidit,
1174 4373 1229 4424 ride
1247 4376 1273 4423 in
1291 4376 1352 4424 libro
1371 4375 1408 4426 de'
1421 4376 1501 4427 Stella

140 4448 236 4518 Cygni,
268 4466 343 4517 quern
360 4449 485 4513 Keplerus
504 4449 618 4511 adjunxit
643 4448 704 4497 libro
723 4462 767 4498 suo
787 4449 818 4499 de
837 4446 916 4497 Stella
932 4459 998 4495 nora
1017 4441 1108 4505 tout.)
1144 4444 1218 4494 Mitte
1237 4445 1311 4507 mihi,
1340 4462 1405 4512 quae
1422 4447 1500 4497 haber

141 4525 295 4591 molegica
313 4528 339 4572 et
357 4521 557 4585 meteorologica

208 4596 290 4646 usses
308 4592 371 4649 vale,
391 4594 446 4656 rige
464 4598 491 4641 et
509 4591 569 4641 flore
588 4588 790 4640 excedentissima
809 4588 916 4639 Domine
935 4585 1052 4649 Kepiere.
1258 4640 1262 4645 ¹

306 4662 310 4673 '
960 4656 994 4707 H.
1014 4656 1084 4707 Tuae
1103 4657 1330 4708 obsonandssimur
1348 4658 1380 4708 D.
1400 4659 1428 4708 F.

213 4738 350 4788 Dabuntur
367 4732 548 4784 Restarhariae
568 4732 609 4782 ll.
629 4733 695 4797 Aug.
717 4724 793 4778 18⁰2.

229 4825 438 4905 Keplerus:
464 4823 497 4884 ln
509 4822 699 4884 conclusione
715 4829 838 4881 causam
848 4819 946 4898 pestis
960 4825 1081 4879 vestrae
1093 4817 1228 4879 adducis.
1266 4818 1334 4898 Ego
1345 4818 1421 4880 alias
1436 4837 1455 4877 a
1469 4826 1500 4878 te

143 4924 300 4996 exspecto.
347 4912 450 4992 Rogo,
476 4912 606 4984 scribas,
630 4909 679 4992 qui
703 4906 786 4968 venti
811 4916 844 4969 ut
866 4907 1023 4987 plurimum
1042 4907 1191 4969 flaverint.
1239 4906 1370 4967 Videtur
1392 4907 1503 4969 malum

193 5012 285 5075 teitan
298 5018 370 5071 opera
383 5012 400 5057 Ι.
863 5091 865 5094 y
1256 5007 1289 5065 21
