3814 5818
678 321 983 388 emmau
1115 364 1119 371 -
1444 322 1510 392 eur

144 478 245 551 Quod
267 477 299 540 ia
321 476 433 539 cusan
456 476 532 538 lacit
553 477 688 540 latinitas
710 478 896 555 inflexionis,
921 481 952 543 id
974 482 1005 542 in
1030 482 1212 563 septangulo
1236 484 1311 546 lacit
1332 484 1510 565 impossibl-

147 571 229 631 litaa
254 566 379 628 duarum
401 566 542 628 contium
566 568 852 647 proportionalium,
885 588 924 631 ex
947 589 1007 651 qua
1029 572 1126 633 fluunt
1149 571 1249 633 omnia
1271 572 1356 634 talia
1401 575 1511 656 Itaque

146 659 233 719 hauc
258 654 355 717 solam
378 654 444 716 loco
468 655 599 717 omnium
622 656 934 721 indemonstrabilium
965 660 1199 723 consideremus.
1247 662 1330 723 luter
1358 668 1511 741 quascun-

147 764 212 826 que
236 745 314 806 duaa
338 743 434 805 lineas
457 753 561 805 rectas
585 754 657 807 sunt
679 743 716 820 2,
740 743 770 821 4,
797 744 828 821 6,
853 744 874 809 8
898 748 1015 809 mediae
1037 750 1300 828 proportionales,
1331 768 1385 811 nec
1409 752 1510 813 tamen

148 834 283 897 inveniri
305 839 447 912 possunt,
482 833 540 894 uisi
564 851 618 913 per
640 835 847 897 mechanicum
870 835 1011 899 Platonis
1034 837 1280 913 (Eratosthenis)
1304 840 1509 902 mesolabiurn.

85 982 93 991 ,
147 925 186 997 ld
212 940 273 984 aon
296 929 348 982 est
368 920 399 983 iu
422 931 530 983 nostra
551 923 775 999 imbecillitate,
800 926 856 986 sed
879 926 908 986 iu
934 934 1043 987 natura
1067 929 1286 1006 quantitatum
1325 929 1510 1007 impossibile

150 1012 238 1074 euim
259 1018 311 1071 est
333 1009 460 1083 homiui,
492 1010 631 1072 omnibus
658 1013 722 1074 suis
746 1013 941 1092 conceptibus
963 1024 1218 1095 conceptuumque
1243 1016 1412 1077 nominibus
1435 1019 1509 1089 (uu-

151 1100 232 1162 meri
256 1108 359 1160 autem
383 1107 453 1159 sunt
474 1100 569 1160 verba
589 1104 824 1180 geometrarum)
855 1103 1013 1165 enunciare
1036 1105 1262 1184 proportionem
1284 1105 1388 1167 harum
1411 1105 1510 1169 linea-

149 1208 237 1263 rum,
271 1206 367 1267 eaque
390 1187 618 1267 impossibilitas
642 1208 680 1250 ex
703 1189 770 1270 ipsa
793 1200 915 1265 natura,
949 1211 1016 1255 cum
1039 1202 1162 1255 nostrae
1188 1193 1298 1255 mentis
1330 1202 1394 1255 tum
1413 1213 1510 1275 quau·

150 1279 280 1345 titatum
310 1276 418 1350 oritur,
456 1275 502 1337 ita
529 1286 562 1338 ut
590 1277 768 1358 simpliciter
795 1279 836 1340 sit
864 1280 1082 1358 impossibile
1105 1281 1188 1343 Nihil
1216 1281 1288 1343 novi
1312 1282 1393 1355 dic0;
1431 1280 1513 1347 idem

150 1367 230 1429 dicit
253 1364 395 1426 Euclides
419 1363 495 1426 libro
510 1364 565 1437 IX,
591 1365 710 1446 quaudo
735 1368 772 1428 de
797 1369 926 1429 numeris
951 1369 1108 1449 quadratis
1132 1380 1164 1432 et
1187 1389 1245 1432 non
1261 1370 1418 1450 quadratis
1433 1372 1507 1451 agit,

152 1457 180 1517 si
206 1456 272 1535 ejus
297 1449 504 1515 conclulicnes
528 1461 685 1533 aptentur,
710 1464 743 1516 et
765 1475 826 1518 nna
848 1456 888 1517 ab
912 1458 973 1518 alia
997 1458 1172 1527 deducatur.
1219 1459 1299 1520 Nam
1322 1459 1373 1520 ubi
1397 1455 1418 1523 4
1441 1452 1534 1539 sunt*

152 1543 298 1606 continue
321 1541 579 1622 proportionales,
609 1543 723 1623 primus
751 1554 799 1606 est
823 1546 862 1606 ad
885 1545 1022 1608 ultimum
1052 1555 1086 1609 ut
1109 1547 1202 1609 cubus
1227 1548 1267 1609 ad
1291 1548 1413 1623 cubum3
1453 1549 1511 1610 duo

153 1633 298 1695 continue
320 1630 562 1710 proportionales
585 1650 646 1693 non
668 1632 819 1695 intersunt
841 1636 966 1697 numeri.
1012 1635 1082 1697 Etsi
1107 1636 1199 1715 igitur
1222 1636 1355 1698 cossista
1372 1636 1437 1699 suis
1460 1656 1512 1699 re·

154 1720 237 1802 gulis
261 1718 377 1781 invenit
400 1719 620 1799 aequationem,
636 1740 674 1787 r.
690 1739 724 1800 g.
745 1724 916 1803 septanguli
940 1733 971 1786 et
994 1724 1149 1798 diametri,
1174 1725 1308 1805 adeoque
1332 1724 1459 1787 aliarum
1483 1725 1514 1787 in

154 1809 267 1872 circulo
291 1816 461 1882 rectarum,
485 1816 587 1870 tarneu
610 1828 666 1870 nec
689 1813 833 1879 nominat,
858 1830 913 1873 uec
937 1812 1108 1874 describere
1133 1812 1239 1887 docet,
1265 1813 1318 1875 sed
1343 1812 1431 1893 quasi
1454 1810 1515 1876 ali-

155 1898 235 1960 unde
258 1904 349 1959 notos
370 1897 463 1958 ahoe
486 1897 687 1979 cuborumque
710 1899 802 1960 cubos
827 1901 880 1962 luc.
903 1902 1135 1980 praesupponit,
1161 1920 1228 1963 cnm
1249 1910 1351 1963 tamen
1373 1903 1512 1981 nuspiam

155 1986 354 2059 innotuerint3
383 1986 471 2065 jubet
493 1986 586 2066 igitur
609 1987 638 2048 id
663 2006 823 2066 quaerere,
857 1990 936 2068 quod
960 1988 1137 2068 simpliciter
1160 1990 1288 2050 inveniri
1311 2009 1369 2051 non
1394 1998 1507 2070 potest,

156 2076 225 2139 cubi
250 2094 293 2137 sc.
319 2074 419 2148 latus,
444 2075 494 2154 qui
518 2075 694 2155 exprimitur
716 2095 839 2140 numero
864 2096 922 2139 nou
946 2077 1067 2150 cubico,
1092 2077 1260 2158 cujusmodi
1283 2076 1371 2139 radix
1394 2079 1516 2160 quidem

69 2244 82 2254 ε
155 2163 280 2245 propius
312 2163 503 2233 accedendo,
541 2164 596 2225 sed
625 2183 775 2244 nunquam
805 2167 894 2246 plane
927 2167 1129 2246 cognoscitur.
1176 2168 1212 2229 In
1245 2184 1379 2243 summa,
1414 2169 1516 2231 omnia

156 2251 339 2333 hujusmodi,
363 2271 529 2332 quaecum
553 2252 666 2314 sintin
691 2273 745 2315 suo
768 2256 983 2317 mathematico
1008 2255 1160 2317 essentiae
1176 2274 1296 2334 genere,
1322 2256 1386 2317 lieri
1412 2265 1514 2318 tamen

157 2361 216 2404 nou
240 2347 382 2422 possunt,
407 2339 461 2402 illa
483 2340 622 2403 videntur
645 2350 730 2416 ante,
756 2353 852 2417 extra,
877 2353 1012 2424 praeter,
1038 2353 1144 2406 contra
1167 2352 1305 2407 nostram
1328 2343 1513 2408 intellectio·

159 2450 227 2493 uem
250 2450 329 2493 esse.
376 2427 438 2491 Sed
462 2428 560 2503 dicas,
595 2449 654 2491 uon
678 2431 779 2511 sequi,
812 2441 847 2493 ut
874 2442 1005 2514 nequeat
1027 2433 1111 2506 sciri,
1149 2432 1229 2513 quod
1252 2433 1343 2495 luerit
1366 2434 1513 2496 hacteuus

160 2520 325 2593 nescitum3
357 2526 444 2598 petes
469 2537 575 2598 nempe
600 2520 907 2596 demonstrationem,
942 2540 1018 2602 quae
1050 2521 1230 2591 convincat,
1265 2522 1339 2582 haec
1361 2521 1434 2584 sciri
1458 2542 1514 2585 sua

160 2619 269 2671 natura
291 2608 424 2687 nequire.
461 2606 537 2668 Esto
563 2627 643 2686 ergo,
668 2618 702 2670 ut
719 2610 821 2689 possit
839 2610 919 2672 sciri.
967 2608 1072 2672 Scire
1096 2610 1125 2671 iu
1149 2609 1343 2689 geometricis
1367 2619 1424 2686 eet,
1450 2629 1513 2673 rem

158 2716 211 2778 per
235 2715 359 2758 causam
383 2696 539 2757 formalem
562 2715 754 2776 cognoscere.
800 2698 846 2759 At
868 2698 1004 2759 formalis
1027 2717 1121 2759 causa
1150 2698 1255 2759 horum
1278 2697 1354 2759 haec
1378 2707 1444 2773 est,
1479 2707 1514 2760 ut

159 2785 311 2849 conciliari
335 2803 393 2845 non
416 2783 544 2864 possint.
590 2785 659 2845 Nisi
684 2787 763 2846 enim
794 2793 867 2846 sunt
898 2786 956 2848 dno
972 2793 1123 2851 ‚exustus
1153 2786 1242 2858 cubi,
1283 2786 1342 2846 duo
1372 2786 1513 2848 continue

159 2875 258 2936 media
280 2872 519 2954 proportionalia
541 2892 600 2933 uon
625 2883 696 2934 suut
718 2873 841 2948 numeri,
867 2875 945 2955 qnod
968 2873 1079 2954 probat
1100 2874 1244 2936 Euclides
1269 2874 1320 2934 lib.
1337 2872 1394 2936 IX.
1433 2872 1512 2936 Sciri

160 2982 232 3044 ergo
256 2962 369 3044 poterit
391 2960 439 3035 id,
473 2961 551 3041 quod
575 2962 808 3023 enunciarinon
832 2970 956 3042 potest;
993 2963 1050 3024 hoc
1073 2981 1144 3025 vero
1168 2962 1348 3036 absurdum,
1382 2960 1453 3029 sciri
1470 2961 1512 3037 id,

158 3052 236 3134 quod
261 3071 321 3113 non
343 3059 401 3113 est
447 3048 596 3130 Objicias,
631 3050 753 3132 nequire
777 3052 908 3113 construi
933 3051 1153 3131 rectangulum‚
1189 3049 1261 3113 sciri
1285 3058 1387 3115 tanum
1408 3069 1510 3131 posse.

147 3142 248 3220 llego
272 3138 352 3201 sciri.
398 3139 540 3200 Nascitur
564 3140 657 3214 basis,
682 3140 752 3202 dum
776 3140 955 3221 quadratum
979 3141 1089 3202 baseos
1113 3141 1217 3202 scitur.

247 3228 357 3300 Dicas,
387 3227 442 3290 hoc
465 3228 558 3290 etiam
581 3229 669 3290 modo
701 3229 771 3291 sciri
803 3229 915 3310 aliquid
939 3231 976 3293 de
1000 3228 1020 3293 2
1044 3229 1152 3291 mediis
1175 3228 1315 3290 continue
1338 3229 1513 3308 proportio-

158 3316 286 3389 nalibus,
309 3317 369 3379 etsi
390 3318 478 3397 ipsae
501 3317 684 3381 nesciantur.
732 3314 853 3390 Quaero
877 3338 963 3400 ergo,
993 3317 1230 3401 quidnamillud
1253 3318 1304 3392 sit,
1329 3318 1407 3398 qnod
1431 3318 1513 3380 scia-

158 3415 206 3470 tur
237 3408 275 3469 de
307 3407 414 3468 hisce?
460 3404 537 3471 Cum
559 3408 637 3468 euim
666 3404 686 3470 3
711 3416 829 3470 tautum
857 3409 974 3488 species
1006 3417 1077 3471 suut
1109 3405 1290 3489 quantitatis
1322 3405 1513 3469 rectilineae:

157 3497 246 3567 linea,
270 3495 459 3576 superficies,
484 3514 606 3575 corpus,
631 3497 726 3557 scitur
748 3506 801 3557 aut
824 3497 892 3576 ipsa
914 3506 1040 3578 utraque
1064 3497 1178 3573 media,
1211 3492 1289 3577 quod
1314 3496 1423 3557 falsum
1446 3515 1514 3558 esse

156 3586 187 3648 iu
211 3585 351 3647 confesso
374 3592 437 3660 est,
472 3591 525 3646 aut
548 3602 674 3662 corpus,
700 3584 778 3664 quod
803 3585 957 3664 quaeritur
980 3586 1088 3659 (cubus
1112 3585 1151 3646 ab
1175 3586 1242 3663 ipsa
1264 3584 1364 3645 media
1389 3586 1513 3659 factus),

157 3683 211 3737 aut
234 3674 417 3755 superficies,
440 3691 530 3753 quam
552 3671 705 3754 quaelibet
727 3673 808 3733 linea
831 3673 916 3746 lacit,
940 3673 1019 3753 quod
1040 3692 1111 3735 mox
1134 3671 1401 3734 considerabimus.
1443 3672 1514 3734 Jum

158 3762 370 3825 occurrendum
404 3770 453 3824 est
484 3762 551 3824 huic
584 3760 762 3842 objectioni:
797 3759 891 3822 scitur
920 3763 1061 3842 planum,
1094 3759 1173 3842 quod
1192 3758 1452 3838 comprehenditur
1475 3761 1514 3822 ab

157 3861 294 3932 utraque,
319 3850 442 3913 numid
466 3851 592 3931 aequale
616 3859 665 3914 est
687 3850 862 3931 rectangulo
886 3850 942 3911 sub
966 3849 1121 3911 extremis.
1167 3847 1369 3927 Responleo:
1401 3847 1431 3908 id
1455 3867 1526 3911 uon*

159 3949 208 4003 est
231 3940 415 4020 distinguere
438 3939 591 4020 singulas;
615 3940 661 4002 ita
684 3941 809 4001 confusa
831 3946 880 4000 est
902 3937 977 4000 haec
1001 3937 1120 4011 notitia,
1146 3956 1213 3999 cum
1236 3955 1292 3998 uos
1318 3935 1354 3997 de
1370 3935 1516 3999 distincta

157 4049 349 4112 quaeramus.
396 4030 446 4091 Ita
468 4028 594 4103 scimus,
618 4029 699 4110 quod
723 4030 836 4090 lactum
865 4026 921 4088 sub
945 4026 1042 4108 prima
1072 4037 1104 4089 et
1127 4025 1219 4088 tertia
1242 4024 1382 4106 quaesita
1405 4026 1517 4090 debeat

158 4119 284 4200 aequari
307 4117 456 4199 quadrato
480 4117 640 4194 secundae,
665 4119 744 4200 quod
768 4117 911 4191 nescitur,
935 4123 970 4177 ut
993 4124 1025 4177 et
1047 4116 1159 4203 tertiae
1181 4115 1370 4196 quadratum,
1395 4116 1431 4177 de
1456 4135 1514 4197 quo

156 4216 286 4289 postea;
328 4206 469 4269 similiter
506 4207 584 4286 quod
623 4208 736 4270 laetum
773 4205 829 4267 sub
862 4205 994 4267 secunda
1026 4205 1166 4286 quaesita
1198 4212 1231 4265 et
1263 4210 1371 4284 quarta
1403 4204 1516 4268 debeat

158 4295 282 4377 aequari
297 4296 445 4376 quadrato
468 4296 587 4369 tertiae,
613 4296 691 4375 qnod
716 4294 858 4357 uescitur.
897 4294 964 4355 Hae
980 4303 1043 4356 tres
1062 4294 1187 4355 notitiae
1202 4292 1290 4354 nobis
1306 4290 1514 4356 discriminant

158 4386 235 4448 duaa
259 4384 429 4465 quaesitas.
463 4403 518 4448 nec
542 4383 654 4447 sistunt
678 4384 748 4446 illas
782 4382 1022 4445 inintellectum
1047 4390 1197 4456 nostrum,
1231 4389 1354 4461 propter
1378 4382 1513 4444 infinita-

158 4482 221 4537 tem
244 4474 532 4553 subiogredieutem,
557 4481 714 4536 ettamen
739 4472 948 4534 discriminant
971 4473 1040 4534 illas
1064 4480 1152 4533 extra
1174 4470 1361 4534 intellectum
1379 4480 1515 4534 nostrum

157 4564 188 4626 iu
212 4582 266 4627 suc
290 4581 401 4643 genere
426 4563 595 4639 esseutiae,
620 4562 804 4641 faciuntque,
828 4568 863 4622 ut
886 4558 942 4622 hae
966 4579 1024 4624 nou
1048 4560 1126 4622 aliae
1150 4577 1218 4622 csse
1240 4558 1369 4638 possint
1416 4557 1516 4622 Simili

158 4650 288 4716 faciliori
320 4671 383 4715 reru
415 4652 585 4715 illustrabo.
637 4650 708 4714 Scio
741 4649 852 4735 baseos
885 4649 914 4710 in
946 4648 1098 4730 triangulo
1131 4648 1306 4728 rectaugnlo
1337 4648 1515 4728 quadratum

158 4761 228 4803 esse
252 4743 380 4822 aequale
404 4741 559 4823 quadratis
583 4737 795 4822 adjacentium,
819 4737 921 4800 nescio
942 4736 1158 4818 longitudinem
1180 4737 1301 4813 baseos,
1324 4737 1354 4798 h.
1370 4756 1397 4797 e.
1418 4756 1513 4798 enun-

157 4829 239 4895 ciare
263 4850 324 4895 uon
345 4844 479 4913 possum.
526 4828 657 4895 Tantum
680 4828 737 4891 hoc
761 4824 833 4900 scio,
858 4826 884 4888 si
908 4828 970 4889 tale
996 4826 1175 4908 quadratum
1198 4826 1317 4900 faciam,
1343 4825 1452 4887 iecisse
1467 4842 1513 4886 me

1240 4929 1302 4983 20*
