3786 5808
372 356 415 424 46
966 352 1127 411 emimus.

372 520 411 584 qni
432 532 492 568 sane
511 519 629 583 perpauci
648 514 724 582 (qnod
739 517 869 567 dolendum
891 514 942 580 est)
961 519 1077 576 existunt,
1096 518 1213 581 experior,
1231 522 1260 566 nt
1278 517 1339 568 certi
1357 516 1415 581 quid
1431 517 1458 567 in
1475 516 1514 567 his
1531 516 1612 581 quoad
1629 516 1727 566 licuerit

372 596 504 639 statuatur.
533 589 572 640 Ad
590 590 678 639 ultima
696 589 743 638 duo
761 588 917 639 luminarium
935 588 1049 654 deliquia,
1068 601 1132 653 quae
1151 588 1177 637 in
1188 588 1320 638 Febmario
1338 588 1445 652 proxime
1464 588 1547 652 elapso
1563 587 1725 652 contigerunt,

371 667 396 710 te
415 660 500 710 sedule
519 660 657 710 attendisse
676 675 725 709 non
745 659 843 717 dubito,
867 674 943 725 quare
961 676 1044 710 eorum
1063 661 1140 710 ιιιιιι
1156 666 1283 709 momenta
1301 666 1326 709 et
1343 658 1433 722 phases
1451 659 1524 709 isthic
1543 658 1726 708 animadversas

370 731 463 780 indica.
500 730 588 781 Lunae
607 730 703 795 eclipsis
722 722 792 797 quae'
806 729 847 779 ιι.
868 733 921 793 ejus
938 733 1029 781 mansis
1047 730 1087 780 die
1106 731 1217 796 contigit,
1235 730 1276 781 hle
1293 730 1335 779 ubi
1352 730 1421 795 polus
1440 730 1551 781 elevatur
1568 724 1618 778 δι’
1635 725 1724 792 ιι·,ι,’,

371 802 516 866 principium
529 802 624 860 habuit,
643 803 741 866 quando
753 803 863 866 superior
875 801 962 853 Lunae
980 802 1068 852 limbus
1087 801 1247 851 attollebatur
1264 815 1339 866 cupra
1354 801 1506 851 horizontem
1524 797 1573 848 2⁴¹¹
1588 801 1648 861 lere,
1667 800 1725 850 hinc

370 882 467 938 tempus
485 874 596 937 provenit
613 871 723 923 adhibito
741 875 792 924 riso
811 873 864 923 icco
883 872 971 924 Lunae
994 876 1067 937 justa
1088 880 1198 922 nostram
1216 873 1396 923 restitutionem
1414 880 1441 923 et
1457 872 1629 923 refractionem
1647 873 1723 935 impe-

371 944 479 994 dimento
498 945 594 994 sublato
612 944 636 994 h.
651 943 675 993 ι.
691 942 732 993 ιι’
751 951 808 1009 post
825 945 933 994 mediam
951 951 1050 995 noctem
1062 944 1261 995 antecedentem.
1290 943 1356 993 Finis
1376 943 1474 1008 deliquii
1492 945 1557 993 inira
1574 944 1725 993 horizontem

371 1018 461 1066 creuit.
489 1015 551 1065 Visa
572 1021 656 1066 ιιιιιιι
676 1022 714 1065 est
726 1015 800 1067 Luna
817 1016 893 1065 lermc
910 1022 967 1065 tcta
984 1015 1107 1071 offuscari,
1124 1016 1228 1066 minima
1245 1018 1298 1079 eius
1316 1016 1471 1080 portiuncula
1487 1016 1520 1065 ab
1534 1014 1622 1064 umbra
1633 1013 1725 1064 Terrae

369 1085 448 1138 libera
466 1088 595 1137 existente.
633 1085 696 1136 Solis
715 1087 851 1151 eclipsatio,
871 1102 936 1151 quae
954 1084 997 1136 et.
1016 1088 1055 1136 die
1074 1087 1180 1147 accidit,
1199 1086 1240 1137 hic
1258 1095 1377 1152 quantum
1395 1089 1459 1137 inter
1476 1093 1629 1138 resumentes
1647 1086 1725 1134 nubes

371 1159 567 1209 animadvertere
584 1158 668 1215 licuit,
693 1159 789 1208 initium
813 1158 901 1208 habuit
918 1158 943 1207 h.
966 1156 990 1207 ι.
1005 1155 1048 1207 δι’
1067 1172 1090 1207 ι
1110 1172 1159 1214 ιι..
1186 1173 1230 1221 per
1252 1157 1359 1207 armillas
1383 1159 1539 1223 aequaturias
1557 1154 1573 1206 ι
1591 1156 1681 1221 pedum
1698 1157 1725 1206 ιι

316 1244 320 1253 ’
371 1228 491 1279 diametro
511 1230 581 1289 (nam
599 1230 763 1279 instrumenta
780 1243 837 1280 mea
855 1232 1021 1279 astronomica
1042 1228 1090 1279 buc
1112 1230 1138 1279 in
1157 1230 1316 1280 Germaniam
1340 1228 1471 1288 eliania,
1497 1235 1526 1278 ut
1547 1230 1659 1280 conscius
1682 1229 1724 1284 sis,

371 1297 499 1361 transtuli)
518 1302 634 1364 temporis
651 1306 779 1351 momenta
796 1301 944 1351 denotando.
981 1298 1091 1350 Medium
1110 1303 1163 1363 ejus
1185 1302 1221 1350 uti
1245 1315 1324 1365 neque
1348 1300 1422 1350 finem
1446 1301 1476 1351 ob
1500 1298 1676 1350 crassiusculas
1699 1304 1725 1348 et

372 1373 502 1423 continuas
520 1371 600 1422 nubes
618 1373 810 1422 intervenientes
829 1374 970 1436 conspicere
988 1388 1038 1422 non
1054 1371 1167 1421 dabatur.
1196 1371 1351 1422 conveniunt
1368 1372 1431 1422 haec
1449 1378 1561 1436 tempora
1577 1371 1602 1419 in
1620 1378 1725 1435 utraque

372 1443 455 1506 eclipsi
475 1445 536 1493 satis
554 1445 665 1507 praecise
684 1457 740 1493 cum
758 1451 840 1493 nostro
859 1443 1026 1510 redintegrato
1050 1442 1157 1499 calculo,
1177 1457 1207 1493 ex
1226 1440 1259 1491 ta
1277 1442 1416 1493 Lunaribus
1435 1451 1461 1493 et
1479 1439 1495 1491 b
1515 1441 1639 1493 solaribus
1657 1442 1723 1505 prius

370 1515 491 1564 subtiliter
514 1514 638 1564 denotatis
664 1514 862 1578 eclipsationibus
886 1515 1019 1579 depromto.
1061 1513 1096 1564 Ut
1119 1514 1149 1563 de
1173 1514 1228 1565 aliis
1250 1514 1308 1564 hinc
1330 1514 1388 1565 inde
1411 1527 1588 1579 saepenumero
1612 1513 1724 1576 expensis

370 1587 496 1635 amborum
515 1585 670 1635 luminarium
688 1587 835 1635 motionibus
859 1586 908 1636 huc
932 1587 1007 1636 etiam
1032 1585 1224 1635 conducentibus
1250 1585 1308 1635 nihil
1328 1586 1426 1636 addam.
1466 1584 1600 1646 Quantitas
1618 1585 1725 1647 corporis

371 1655 463 1707 Soletis
482 1656 569 1706 Lunae
588 1659 726 1707 interventu
745 1656 859 1708 oilbscatl
878 1657 963 1707 debuit
986 1659 1060 1719 juxta
1076 1670 1133 1706 mea
1151 1657 1283 1707 ratiocinia
1301 1672 1355 1707 esse
1374 1657 1443 1722 digit.
1464 1651 1532 1718 10⁸1,
1552 1658 1577 1705 iu
1594 1654 1641 1705 hoc
1659 1654 1722 1704 hori·

371 1736 453 1786 sonte,
471 1726 544 1793 idque
563 1742 580 1777 a
596 1729 713 1792 superiori
731 1735 810 1792 parte,
830 1742 886 1778 cum
905 1727 1013 1777 calculus
1032 1727 1197 1792 Goperniceus
1216 1735 1242 1777 et
1258 1728 1346 1793 phasin
1365 1735 1391 1778 et
1407 1734 1533 1778 aucmenta
1550 1726 1623 1790 hujus
1641 1727 1723 1776 obser·

369 1800 474 1849 sadonis
493 1799 565 1848 aliter
583 1799 712 1856 exhibeat,
738 1801 774 1849 uti
798 1800 867 1849 etin
885 1799 979 1849 Lunari
1000 1798 1099 1863 eclipsi,
1123 1806 1175 1849 tam
1197 1800 1219 1849 ιι
1242 1813 1316 1864 quam
1332 1799 1498 1863 Alpheusinus
1520 1799 1622 1847 nimium
1644 1799 1680 1847 cis
1699 1803 1724 1847 et

369 1870 435 1919 ultra
453 1870 628 1919 exorbitarunt.
656 1870 696 1920 An
715 1871 814 1935 deliquii
834 1870 927 1920 Solaria
945 1870 1140 1935 magnitudinem
1159 1872 1254 1920 nostris·
1266 1872 1374 1921 numeris
1392 1878 1460 1920 recte
1479 1870 1639 1934 attigerimus,
1656 1868 1721 1931 judi·

370 1950 429 1991 cent
446 1941 489 1997 illi,
509 1943 549 2005 qui
568 1943 621 2003 eius
639 1941 746 1991 medinm
764 1943 887 1992 sereniore
905 1955 967 1991 aura
983 1941 1022 1990 usi
1040 1948 1227 2005 conspexerunt.
1256 1940 1286 1991 Id
1303 1957 1360 1993 rere
1379 1941 1504 1992 sciendum
1518 1949 1564 1996 est.
1583 1939 1680 1991 Lunam
1697 1941 1724 1989 in

371 2013 500 2063 noviluniis
519 2011 639 2076 eclipticis
657 2027 707 2061 uon
726 2026 845 2077 apparere
863 2027 895 2062 ea
911 2011 1099 2078 magnitudine,
1125 2025 1175 2078 qna
1197 2012 1260 2062 alias
1282 2015 1308 2063 in
1330 2013 1485 2078 pleniluniis,
1509 2018 1566 2061 utut
1587 2012 1613 2061 in
1636 2012 1724 2061 eadem

370 2085 445 2133 luerit
463 2098 479 2132 a
497 2082 575 2133 Terra
591 2086 740 2144 remotione,
766 2084 810 2134 sed
831 2086 901 2150 quasi
924 2098 967 2148 pro
990 2085 1078 2147 quinta
1098 2092 1169 2147 parta
1188 2097 1244 2133 cam
1263 2086 1336 2135 certis
1355 2085 1386 2134 de
1409 2085 1490 2133 causis
1509 2083 1566 2133 alibi
1585 2082 1723 2133 reserandis

372 2156 555 2220 constringerer
582 2155 648 2204 unde
666 2154 694 2203 dt
712 2162 740 2203 ot
759 2154 831 2206 Luna
849 2170 973 2220 nunquam
993 2161 1073 2203 totum
1091 2154 1173 2205 Solem
1191 2169 1288 2220 prorsus
1306 2155 1422 2221 obtegere
1440 2160 1530 2219 queat,
1551 2155 1647 2204 etiamsi
1665 2168 1723 2204 cen·

369 2227 466 2277 tralitcr
483 2226 565 2292 quoad
583 2226 662 2275 risum
679 2226 863 2290 interponatur,
883 2227 974 2276 iumine
993 2224 1072 2275 Solari
1091 2238 1147 2276 eam
1165 2226 1264 2290 aliquali
1284 2227 1364 2277 adbuc
1382 2227 1485 2292 vestigio
1504 2227 1641 2283 ambiente,
1660 2226 1724 2290 quod

370 2306 396 2348 et
414 2299 439 2348 ιι
457 2296 504 2347 ιιι
522 2296 607 2345 ultimo
627 2296 733 2361 deliquio
752 2298 946 2348 animadvertere
964 2303 1080 2361 poterant
1097 2297 1140 2353 illi,
1159 2300 1246 2363 quibus
1264 2300 1372 2349 maxima
1384 2297 1512 2348 offuscatio
1528 2299 1616 2361 patuit.
1645 2296 1722 2361 Opcr·

368 2370 417 2419 tuit
436 2370 501 2419 enim
520 2376 579 2417 tunc
598 2367 681 2417 Solem
699 2367 730 2417 de
748 2369 842 2419 Lunari
860 2382 959 2433 corpore
978 2369 1090 2432 utrinque
1107 2368 1162 2434 plus
1184 2370 1323 2431 includere,
1347 2369 1419 2434 idque
1443 2368 1625 2425 corniculatim,
1649 2382 1722 2433 quam

368 2439 436 2490 linea
453 2454 497 2503 per
515 2439 661 2488 diametrum
680 2438 756 2489 ducta
774 2442 903 2506 exigebat,
929 2445 986 2489 ιιιιι
1003 2439 1092 2489 Lunae
1115 2440 1235 2490 diameter
1257 2447 1316 2491 tunc
1334 2442 1407 2501 inerit
1429 2443 1501 2503 juxta
1519 2447 1627 2489 nostrum
1647 2441 1722 2489 etiam

370 2512 492 2562 calculum
510 2506 601 2571 dilig,
620 2524 739 2574 apparere
758 2518 841 2562 autem
860 2511 926 2575 apud
945 2509 1027 2560 Solem
1045 2524 1094 2560 non
1111 2513 1191 2576 potuit
1209 2514 1288 2575 major
1305 2526 1380 2578 qnam
1398 2510 1440 2566 28.
1460 2525 1534 2576 quam
1551 2509 1722 2562 imitationem

368 2596 385 2634 ι
402 2583 501 2633 nemine
520 2588 598 2632 antes
616 2581 812 2633 animadversam
831 2583 941 2648 cognovi,
960 2582 1005 2632 sed
1022 2583 1048 2643 in
1067 2581 1160 2648 aliquot
1172 2581 1236 2633 Solis
1255 2584 1462 2634 observationibus
1477 2597 1533 2633 cum
1545 2587 1598 2632 tam
1617 2596 1632 2632 a
1650 2596 1722 2646 supe·

367 2655 430 2704 riore
448 2668 522 2720 quam
540 2653 654 2702 interiore
671 2660 743 2717 parte
761 2661 895 2720 tegeretur,
914 2655 949 2703 sic
967 2667 1008 2703 me
1029 2653 1113 2703 docuit
1125 2656 1285 2718 experientia.
1313 2654 1393 2705 Tuum
1408 2655 1461 2712 erit,
1481 2653 1567 2704 excell.
1579 2652 1721 2712 Maestliue,

367 2724 425 2790 quid
443 2726 468 2775 in
486 2724 525 2774 his
543 2732 569 2774 et
586 2723 705 2773 similibus
723 2734 874 2788 compertum
892 2725 993 2780 babeas.
1013 2725 1071 2774 mihi
1090 2726 1166 2775 etium
1184 2727 1294 2790 aperire,
1314 2733 1388 2791 atque
1405 2726 1431 2774 ln
1449 2733 1571 2788 postemm
1588 2724 1723 2789 iucundam

368 2799 433 2846 inter
450 2810 495 2845 nos
514 2796 544 2846 de
564 2795 636 2844 rebus
655 2797 824 2846 astronomicis
843 2796 1008 2853 collationem,
1027 2810 1101 2862 quam
1120 2804 1146 2847 et
1164 2812 1210 2863 ego
1226 2812 1276 2848 nou
1287 2798 1363 2848 insite
1376 2797 1514 2857 admittam,
1533 2811 1654 2847 exercere.
1682 2795 1723 2846 De

367 2868 494 2932 eclipsium
513 2872 596 2917 autem
608 2869 760 2930 potissimum
775 2867 940 2918 Lunariuma
957 2875 984 2917 te
1000 2867 1123 2919 subtiliter
1136 2869 1312 2919 aninradversis
1324 2869 1453 2919 momentis
1466 2883 1513 2922 mc.
1533 2870 1721 2934 quamprimum

366 2939 419 2989 deri
432 2943 516 3003 queat,
535 2939 663 2987 certiorem
675 2938 758 2999 redde,
780 2946 809 2988 ut
821 2941 996 2990 comestionem
1009 2939 1195 3005 longitudinum,
1216 2941 1246 2990 de
1259 2954 1309 3006 qua
1321 2940 1377 2991 dixi
1396 2953 1471 3004 quam
1487 2939 1553 2988 brevi
1571 2940 1596 2989 in
1615 2939 1723 3004 quadam

367 3011 461 3061 tabella
479 3010 599 3059 adornare
618 3011 742 3070 constitui,
762 3017 814 3060 tam
831 3010 904 3061 binc.
923 3023 998 3076 quam
1016 3025 1045 3059 ex
1064 3010 1120 3060 aliis
1137 3012 1283 3077 quibusdam
1301 3010 1400 3061 aliunde
1419 3012 1561 3074 conquisitis
1578 3011 1674 3060 indiciis
1692 3024 1723 3060 ec

365 3084 482 3148 promtius
502 3080 638 3145 expediam.
674 3080 779 3146 Jamque
797 3083 868 3140 rale,
893 3080 925 3130 V.
946 3080 982 3130 cl.
1007 3088 1033 3130 et
1051 3081 1082 3131 de
1100 3083 1172 3132 rebus
1196 3084 1364 3133 astronomicis
1389 3082 1546 3132 laudabiliter
1567 3084 1668 3138 merita,
1694 3083 1721 3131 in

366 3155 452 3220 quibua
471 3153 546 3202 etiam
559 3152 709 3216 expoliendis
728 3160 754 3202 et
772 3152 949 3217 locupletandis
968 3158 997 3200 ut
1015 3154 1040 3200 in
1057 3161 1183 3216 posterum
1199 3167 1339 3219 perseveres
1356 3159 1383 3202 tc
1401 3152 1522 3202 adhortor.
1551 3152 1721 3218 Ublrescrlp-

366 3228 435 3285 seris,
457 3223 536 3281 eldea,
555 3228 584 3271 ut
601 3223 688 3273 literae
706 3237 851 3288 quoeunque
869 3224 971 3274 tandem
989 3224 1083 3271 riarum
1102 3224 1178 3273 ductu
1197 3226 1248 3275 sire
1266 3238 1310 3289 per
1330 3222 1525 3289 Norimbergaru,
1543 3226 1595 3274 sire
1614 3225 1722 3290 aliquam

368 3296 443 3346 sliam
467 3295 588 3345 celebrem
607 3294 755 3344 Germaniae
777 3296 863 3344 urbem
880 3294 1050 3359 Hamburgum
1068 3294 1233 3357 perferantur,
1258 3297 1284 3345 in
1303 3295 1434 3359 hospitium
1452 3296 1524 3346 isthic
1543 3310 1639 3352 meum,
1657 3294 1723 3360 quod

368 3375 407 3417 ast
425 3366 491 3430 apud
502 3364 586 3415 Herm.
601 3363 706 3415 Reutter
724 3364 769 3415 sub
785 3366 857 3431 siguo
871 3364 983 3415 Coronae
1001 3378 1102 3421 aureae,
1120 3367 1204 3430 sicque
1223 3380 1266 3417 eas
1282 3381 1323 3416 me
1342 3374 1408 3416 certo
1426 3368 1582 3418 obtenturum
1600 3383 1650 3418 neu
1667 3380 1722 3417 am·

367 3440 438 3505 bigo;
458 3440 559 3501 Jamque
577 3436 665 3485 iterum
684 3441 710 3486 et
727 3437 826 3500 saepius
844 3436 910 3486 sale.

437 3508 569 3558 Debentur
585 3506 774 3573 Wandesburge
792 3505 881 3573 creti
905 3503 965 3570 (ιι)
983 3508 1042 3571 Apr.
1065 3502 1135 3556 ιιιι
1153 3503 1313 3570 (biaestlinus
1331 3508 1476 3575 adscripsit:
1493 3510 1657 3576 praesentiert
1673 3524 1722 3560 ron

368 3579 513 3645 strastburg
531 3575 564 3627 ’29
583 3576 646 3640 Mali
664 3575 720 3639 ec).

1410 3652 1492 3718 lycio
1510 3651 1614 3711 Brcbc,

368 3723 430 3775 Cum
455 3721 624 3773 intellexlasim
655 3720 811 3771 tabellarium
840 3725 892 3770 toto
915 3720 962 3770 hoo
988 3720 1027 3770 ιιι
1040 3719 1189 3789 limburgi
1429 3714 1584 3789 manuppria.

367 3802 526 3851 moraturum,
545 3795 628 3845 curari
640 3792 777 3856 exemplum
790 3792 915 3842 literamm
927 3791 1030 3857 Kepleri
1042 3791 1075 3842 ad
1088 3808 1128 3843 ma
1140 3807 1192 3844 una

367 3882 423 3919 cum
435 3880 489 3916 mec
501 3879 618 3929 responso
631 3863 743 3921 describi,
762 3863 847 3929 hisque
860 3864 971 3929 adjungi,
989 3877 1037 3928 quc
1056 3862 1086 3914 de
1105 3879 1190 3914 earum

367 3940 443 3990 etism
468 3937 589 3988 contentis
614 3936 703 3986 certior
725 3934 810 3987 lieres:
838 3936 880 3986 ubi
905 3936 975 4001 plura
996 3935 1045 3986 huc
1070 3935 1190 3987 incientis

366 4010 485 4061 ιιιιιίιι.

386 4152 392 4169 ”
437 4150 574 4202 Posteriora
598 4156 707 4214 tempore
726 4149 810 4214 Tycho
832 4152 858 4202 ln
880 4151 958 4214 literis
981 4150 1014 4201 ad
1031 4149 1166 4216 Koplarum
1189 4151 1254 4201 datis
1279 4151 1344 4202 bunc
1367 4152 1393 4201 in
1415 4152 1516 4203 modum
1539 4152 1570 4205 de
1587 4153 1719 4207 Pmdrcmo

366 4224 484 4289 loquitur:
496 4220 552 4273 'De
569 4221 629 4272 libro
647 4229 698 4281 tuo,
716 4224 753 4273 uti
771 4225 791 4272 is
810 4237 865 4273 cum
883 4237 927 4272 suc
946 4229 1032 4273 autore
1049 4228 1165 4278 meretur,
1183 4236 1280 4286 semper
1297 4238 1328 4274 ex
1348 4238 1395 4289 quc
1417 4224 1476 4274 mihi
1488 4226 1651 4291 introspectus
1670 4235 1717 4288 est,

366 4295 497 4348 honorilice
510 4294 583 4351 scusi,
602 4308 650 4343 nec
663 4302 688 4344 te
700 4302 746 4345 ιιι
758 4294 818 4344 alios
830 4308 975 4361 quocunque
986 4294 1059 4343 modo
1072 4293 1102 4344 de
1116 4293 1184 4344 hisce
1203 4294 1345 4345 sublimibus
1363 4301 1389 4344 et
1408 4310 1424 4345 ι
1441 4296 1508 4362 rnlgl
1526 4304 1602 4362 captu
1619 4301 1719 4350 ιιιιιιίι

366 4367 499 4431 disciplinis
517 4365 644 4431 praeclare
662 4373 785 4416 merentes
803 4366 957 4417 otiositatis
981 4365 1097 4415 ιιιιιιιι
1119 4366 1182 4416 serio
1206 4364 1353 4416 affectantes
1380 4367 1453 4417 lauda
1476 4381 1523 4418 ιιι
1543 4371 1647 4433 privari,
1676 4376 1720 4421 aut

365 4440 465 4505 privabo
482 4451 604 4502 unquam,
623 4438 681 4500 quin
700 4439 780 4501 potins
798 4438 874 4487 extuli
893 4443 919 4486 at
935 4438 961 4486 in
978 4444 1103 4502 posterum
1121 4435 1246 4487 extollam.
1282 4436 1337 4487 Hoc
1355 4440 1514 4504 praecipuum
1533 4448 1584 4501 est,
1610 4440 1674 4506 qnod
1692 4443 1719 4492 in

366 4518 409 4561 tuc
427 4510 554 4576 ingenioso
572 4508 613 4558 illc
632 4509 722 4573 scripto
741 4524 797 4559 cnm
814 4509 935 4574 plerisque
953 4514 1037 4559 tamen
1056 4507 1111 4557 slils
1130 4521 1210 4558 errore
1229 4510 1350 4559 communi
1369 4509 1490 4567 admittis,
1513 4525 1564 4562 ιιι
1581 4513 1670 4577 probo.
1691 4518 1718 4564 ιι

365 4581 505 4633 realitatem
523 4580 647 4646 quandam
665 4580 761 4630 orbibus
780 4580 926 4633 coelestibus
944 4581 1025 4629 inesse
1043 4586 1167 4636 statuere,
1191 4594 1238 4644 quo
1261 4581 1297 4629 sic
1318 4582 1436 4645 promtius
1454 4580 1611 4646 Gopemiceis
1628 4586 1717 4651 imagi·
1783 4600 1787 4609 ’

365 4654 505 4706 ιιιιιιιιιι
523 4654 587 4702 dam
611 4658 691 4702 stmas
715 4654 785 4717 eique
807 4652 904 4702 facilius
927 4652 1074 4701 subscribas.
1110 4650 1234 4702 Moticues
1260 4649 1379 4702 coelestes
1402 4656 1570 4716 symmetriam
1593 4656 1718 4720 quandam

366 4726 507 4783 observare.
534 4730 560 4775 et
580 4724 689 4774 rationes
711 4723 825 4781 subesse,
851 4738 895 4773 cur
912 4723 979 4773 eirca
995 4722 1059 4773 haec
1076 4721 1116 4773 rel
1134 4722 1186 4772 alia
1208 4728 1295 4772 centra
1318 4737 1335 4773 a
1352 4723 1433 4774 Terris
1455 4724 1494 4776 rel
1513 4724 1570 4777 Sele
1588 4726 1719 4792 dispariter

365 4802 461 4851 remota
478 4796 660 4853 convolvuntur,
680 4810 728 4844 non
746 4796 866 4861 negarim,
885 4793 929 4844 aed
947 4794 1076 4844 harmonia
1095 4800 1121 4844 et
1138 4793 1322 4859 dispositionum
1342 4795 1458 4862 maingis
1475 4810 1506 4847 ex
1520 4799 1655 4861 posteriori,
1674 4788 1716 4849 ubl

365 4875 446 4922 motus
464 4873 490 4920 et
513 4874 622 4921 motorum
646 4867 790 4918 occasiones
813 4866 846 4918 ad
868 4866 985 4917 amussim
1009 4866 1180 4926 constiterint,
1204 4880 1256 4915 non
1280 4872 1364 4918 antem
1386 4880 1417 4919 ex
1433 4868 1521 4932 priori,
1546 4871 1628 4919 uti=et
1644 4877 1673 4919 tn
1691 4875 1718 4921 et
