3878 5840
432 386 499 454 420
986 382 1026 436 ne
1044 384 1223 436 mamona
1330 366 1334 373 '

432 548 536 626 Vulgo
560 563 631 607 vero
656 542 734 624 quod
757 542 832 605 haec
854 549 1069 622 proponuntur,
1095 543 1125 603 iu
1150 560 1207 623 quo
1230 543 1325 604 minor
1349 559 1419 623 spes
1443 542 1578 604 fructus:
1600 539 1633 603 id
1656 539 1684 603 si
1705 540 1793 621 quia

349 634 352 643 ’
432 637 513 716 piam
536 632 746 714 reprehendit,
780 650 845 692 enm
880 632 971 693 velim
992 632 1192 711 perpendere,
1227 630 1305 711 quod
1336 630 1397 692 alia
1419 629 1471 691 via
1500 630 1540 691 ad
1556 629 1702 691 literatos
1725 628 1794 691 hinc

434 724 504 786 inde
529 723 688 792 latitantes
712 739 769 781 non
793 721 1012 800 perveniamus,
1038 719 1097 781 nisi
1119 721 1171 781 ria
1192 719 1322 797 publica.
1368 718 1469 795 Adde,
1495 719 1586 798 quod
1594 717 1642 779 hic
1665 717 1772 779 idem
1762 736 1794 779 ιιι

434 811 568 875 curanda
591 808 674 889 vulgi
697 809 872 871 curiositate
895 807 1050 870 observari
1073 814 1190 888 potest,
1224 807 1335 888 quod
1325 826 1357 869 ιιι
1381 825 1472 887 aegro
1496 827 1516 868 a
1537 806 1662 869 medicis
1686 796 1793 868 obser·

434 909 532 975 vatur,
556 906 591 960 ut
613 898 773 959 inordinat
751 905 791 958 trs
816 906 847 959 et
869 897 1045 978 perniciosis
1064 897 1146 977 vulgi
1170 895 1327 959 desideriis
1351 895 1525 965 abutamurt
1549 895 1589 957 ad
1611 894 1791 975 ingerendae

434 992 504 1061 (ceu
527 988 747 1049 medicamenta
771 987 887 1067 aliqua)
921 985 1168 1048 commonitiones
1201 984 1366 1064 ejusmodi,
1400 984 1500 1064 specie
1532 983 1792 1064 prognosticorum

434 1080 570 1146 velatas,
602 1095 678 1157 quae
707 1076 747 1136 ad
770 1075 848 1137 hunc
871 1074 962 1137 animi
985 1075 1120 1137 morbum
1143 1072 1307 1136 tollendum
1333 1073 1463 1146 faciunt,
1495 1091 1630 1153 quaeque
1659 1072 1722 1135 alia
1743 1071 1794 1134 ria

318 1177 320 1180 ⁴
435 1168 572 1246 ingerere
596 1166 648 1226 vix
670 1182 838 1243 possemus.
886 1161 1147 1233 Quemadmodum
1178 1162 1271 1242 igitur
1301 1181 1359 1223 non
1387 1161 1455 1223 ideo
1480 1180 1547 1223 cum
1569 1179 1661 1241 aegro
1685 1160 1795 1223 delirat

434 1254 577 1328 medicus,
603 1253 682 1333 qnod
704 1251 861 1331 ingerendi
884 1252 1095 1314 medicamenti
1119 1270 1214 1313 causa
1237 1249 1376 1312 deliranti
1400 1268 1492 1330 aegro
1516 1250 1616 1312 verbis
1640 1256 1673 1311 et
1693 1250 1793 1329 specie

435 1344 578 1405 simulata
609 1340 857 1403 obsecundatzi
848 1349 893 1403 ita
859 1348 957 1402 tet
987 1342 1024 1403 de
1056 1360 1104 1402 me
1137 1359 1225 1419 spero
1257 1347 1340 1402 recte
1373 1347 1442 1400 sent
1429 1338 1541 1401 tientes
1572 1338 1647 1400 nihil
1677 1338 1793 1401 sinistri

434 1432 656 1511 suspicaturus,
689 1431 781 1510 qnod
800 1430 912 1525 optimo
942 1430 1040 1492 animo
1070 1449 1137 1491 cnm
1158 1429 1253 1508 vulgo
1281 1447 1380 1490 rernm
1404 1427 1569 1489 futurarum
1592 1434 1625 1489 et
1647 1446 1792 1489 novarum

436 1519 543 1599 cupido
575 1519 693 1598 publice
718 1519 755 1579 de
779 1502 887 1581 lutrinis
910 1520 1026 1598 loquor
1068 1518 1175 1599 Iniqua
1193 1515 1318 1595 judicia,
1343 1534 1420 1595 quae
1443 1516 1557 1607 nullum
1580 1516 1629 1577 rel
1643 1516 1791 1578 maximae

435 1608 597 1688 dignitatis
621 1609 736 1669 culmen
761 1626 818 1669 non
842 1606 1013 1686 pervadunt
1000 1613 1068 1669 tet
1096 1605 1295 1680 cavillantur,
1324 1605 1433 1666 nedum
1466 1612 1499 1666 ut
1528 1604 1604 1666 haec
1635 1603 1794 1666 bruniliora

432 1698 513 1760 vitae
539 1695 641 1758 munia
664 1704 696 1757 et
718 1695 854 1758 ludibriis
878 1695 969 1757 obvia
991 1695 1110 1758 intacta
1132 1694 1320 1776 relinquant,
1346 1668 1490 1772 occipite,
1514 1701 1549 1756 ut
1568 1692 1618 1754 ille
1632 1693 1791 1775 praecipit,

433 1805 523 1849 aceco
547 1785 735 1867 excipiam.

521 1874 624 1935 Hasce
647 1892 719 1934 vero
742 1891 836 1940 meas,
860 1870 1020 1934 Illustriss.
1045 1870 1181 1945 Domine,
1207 1868 1244 1931 de
1268 1887 1346 1930 anno
1370 1870 1470 1931 tuturo
1473 1861 1701 1932 'meditationes
1725 1888 1791 1932 cnm

432 1961 638 2043 disputatione
661 1960 861 2041 pulcherrima
891 1960 927 2021 de
960 1959 1091 2020 siderum
1122 1958 1299 2033 influxibus,
1332 1958 1414 2020 Tuae
1442 1958 1631 2038 potissimum
1655 1955 1792 2021 Celsitn-

434 2052 495 2112 dini
520 2051 630 2123 dicare,
656 2049 809 2111 strenulae
833 2050 908 2124 loco,
932 2046 1033 2110 volui:
1058 2048 1136 2126 qnod
1158 2065 1335 2126 persuasum
1358 2046 1496 2121 babeam,
1520 2045 1556 2109 Ο.
1573 2048 1608 2108 Τ.
1634 2055 1667 2108 et
1684 2046 1791 2110 litera·

434 2139 476 2199 tis
501 2139 652 2212 omnibus,
688 2144 721 2197 et
749 2136 882 2216 inprimis
905 2136 1011 2198 harum
1035 2134 1334 2197 artium'cultoribus
1356 2135 1491 2218 impense
1515 2137 1633 2198 lavere:
1659 2136 1739 2217 quod
1762 2144 1794 2198 et

433 2226 535 2288 verbis
557 2226 725 2289 luculenter
749 2244 781 2287 es
805 2232 947 2299 testatus,
972 2224 1101 2303 primum
1123 2230 1245 2302 recepto
1259 2225 1289 2285 iu
1305 2224 1468 2286 amicitiam
1483 2224 1722 2289 celebratissimo
1740 2223 1791 2286 illo

433 2323 467 2377 st
488 2315 626 2395 generosi
649 2314 821 2376 stemmatis
845 2314 909 2375 viro
933 2315 1074 2395 Tycbone
1100 2313 1251 2386 Brahaeo,
1274 2312 1421 2392 phoenice
1441 2306 1698 2376 astronomorum:
1723 2312 1790 2375 dein

433 2422 470 2465 eo
493 2410 620 2477 mortuo,
645 2403 717 2463 mihi
741 2420 857 2482 quoque
882 2402 1086 2464 declaratione
1110 2401 1223 2463 doloris
1247 2408 1279 2462 et
1301 2401 1442 2463 desiderii
1461 2402 1506 2463 tui
1529 2403 1612 2464 edita
1639 2409 1673 2464 et
1692 2402 1792 2481 reipsa

431 2491 566 2572 quotidie
591 2491 731 2564 testaris;
756 2491 825 2553 dum
848 2489 878 2551 in
902 2491 973 2553 aula
997 2499 1050 2551 tue
1073 2491 1167 2551 habes
1190 2488 1390 2551 clarissimum
1412 2488 1509 2552 virum
1527 2491 1566 2553 D.
1588 2491 1791 2552 Hermaunnm

433 2580 606 2653 Bulderum‚
631 2580 788 2650 medicum,
813 2579 1031 2641 mathematum
1055 2577 1304 2652 amantissimum,
1330 2586 1362 2640 et
1385 2579 1414 2638 in
1429 2578 1486 2640 hoc
1503 2579 1667 2641 studiorum
1681 2595 1790 2659 genere

430 2668 668 2750 polyhistorem:
694 2686 751 2748 quo
775 2686 842 2729 cum
865 2667 974 2735 hisfde
997 2669 1086 2729 rebus
1109 2667 1285 2747 quotidiana
1304 2665 1403 2746 agites
1417 2667 1577 2748 colloquia.
1596 2662 1640 2741 ¹¹)
1676 2666 1790 2746 Accipe

433 2757 536 2836 igitur,
562 2757 766 2819 illustrissime
780 2757 919 2831 Domine,
943 2756 1132 2835 conjecturas
1144 2756 1235 2817 hasce
1258 2754 1410 2835 physicas,
1433 2763 1466 2817 et
1483 2774 1550 2818 curu
1568 2756 1701 2837 politicis
1716 2773 1790 2817 oon·

326 2901 329 2907 ,
425 2846 562 2926 jecturis,
588 2865 663 2925 quas
687 2846 742 2908 tibi
765 2855 798 2907 et
820 2845 934 2908 ordinis
957 2842 1100 2925 dignitas·
1114 2852 1147 2906 et
1168 2843 1243 2923 reip.
1268 2844 1484 2924 conoemplatio
1508 2844 1693 2926 suppeditat,
1713 2862 1792 2924 qnae

429 2935 608 2996 creberrime
632 2936 766 3014 appello,
792 2934 904 2996 confer.
951 2933 1017 2996 Soli
1036 2952 1163 3014 namque
1187 2932 1235 3011 qui
1260 2931 1381 3009 publica
1404 2952 1471 2995 cum
1498 2934 1616 2996 ratione
1643 2939 1788 3008 tractant,

430 3023 468 3084 de
491 3041 678 3102 prognoseos
702 3023 789 3102 hujus
813 3024 935 3085 fortuna
957 3022 1125 3084 rectissime
1145 3020 1341 3101 judicabunt:
1365 3021 1575 3102 philosophica
1588 3030 1621 3084 st
1633 3022 1790 3103 paradoxa

427 3109 554 3191 physica
594 3110 802 3191 philosophiae
839 3112 1028 3191 professores
1068 3110 1126 3171 sibi
1167 3128 1241 3170 saue
1283 3129 1416 3192 suaeque
1447 3130 1592 3175 censurae
1625 3111 1788 3173 vindicent.

428 3199 517 3274 Vale,
544 3201 695 3278 longaeva
718 3206 750 3259 et
773 3199 855 3259 facili
879 3206 1004 3259 senecta
1026 3217 1108 3273 usus,
1134 3205 1166 3258 et
1187 3197 1266 3260 hunc
1288 3198 1440 3263 ineuntem
1464 3219 1574 3263 annum
1596 3200 1789 3265 foelicissinre

428 3287 602 3365 transigas:
626 3305 732 3366 meque
757 3283 793 3348 O.
813 3286 849 3348 T.
874 3286 1114 3348 commendatum
1137 3285 1263 3349 habeas.

856 3372 892 3437 Ο.
916 3374 953 3436 Τ.
977 3374 1114 3456 subjecte
1137 3373 1241 3436 colens

1111 3500 1114 3503 ι
1173 3462 1220 3527 Μ.
1242 3461 1316 3528 Jola
1337 3460 1477 3547 Kepha,
1499 3461 1748 3529 Mathematicus:

1016 3725 1147 3788 Thesis
1170 3726 1194 3789 1.

513 3813 725 3876 Mathematici
748 3813 878 3876 officinm
900 3813 989 3893 vulgo
1012 3821 1151 3893 putatur,
1175 3833 1275 3876 annua
1297 3813 1429 3876 scribere
1452 3813 1663 3896 Prognostica.
1709 3815 1785 3882 Gnru

425 3920 497 3980 ergo
531 3903 569 3964 ad
601 3903 766 3964 instantem
799 3922 909 3964 annum
937 3911 1051 3964 anato
1071 3901 1195 3965 Christo
1218 3900 1379 3964 Salvatore
1406 3899 1491 3966 1602
1514 3905 1693 3983 statuerim,
1725 3926 1783 3970 nun

423 3998 487 4050 tam
510 3991 649 4070 publicae
673 3991 852 4064 curiositati,
878 4010 965 4071 quam
990 3991 1088 4053 officio
1110 3991 1300 4070 philosophi,
1325 3992 1355 4052 in
1378 3991 1432 4053 illa
1454 3993 1661 4071 reprimenda,
1687 3995 1783 4069 satis·

424 4078 539 4139 facere:
565 4078 603 4140 ab
626 4097 662 4138 eo
685 4078 875 4157 potissimum
899 4081 1051 4154 exordiar,
1086 4080 1165 4160 qnod
1193 4078 1342 4141 tutissime
1371 4079 1430 4142 dici
1451 4088 1573 4159 potest:
1605 4084 1782 4163 prognosti-

423 4183 525 4226 corum
549 4167 606 4228 hoc
630 4185 708 4227 anno
731 4175 909 4246 proventum
933 4170 1064 4230 futurum
1086 4167 1225 4242 ubere1u‚
1250 4186 1317 4230 cum
1331 4176 1486 4231 crescente
1500 4169 1582 4249 vulgi
1606 4172 1782 4235 enmusitate

425 4253 529 4331 plnres
552 4252 664 4315 indies
688 4254 905 4317 adnumerum
928 4257 1076 4319 accedant
1098 4264 1248 4319 auctores.

1006 4344 1138 4407 Tbesis
1161 4345 1202 4406 Π.

507 4430 544 4491 In
575 4428 636 4492 illis
665 4427 775 4492 libellis
806 4430 908 4512 aliqua
931 4431 1082 4508 dicentur,
1107 4451 1184 4513 quae
1206 4433 1388 4513 probaturus
1412 4439 1461 4493 est
1483 4439 1623 4508 eventus,
1647 4391 1779 4514 plurima

334 4592 343 4609 ἱ
418 4534 511 4590 vero,
543 4536 619 4597 qnae
647 4523 765 4598 tempus
794 4528 826 4581 at
852 4520 1039 4598 experientia
1061 4528 1095 4584 nt
1117 4540 1197 4584 vana
1220 4529 1252 4584 et
1273 4520 1360 4584 irrita
1382 4520 1545 4583 refutabit.
1569 4541 1693 4603 quorum
1715 4525 1779 4588 ists

417 4605 528 4677 ventis,
551 4605 606 4668 illa
628 4608 790 4670 memoriae
813 4606 1001 4688 penitissime
1024 4609 1235 4683 inscribentur,
1257 4617 1294 4674 ut
1314 4608 1398 4689 uulgi
1421 4627 1487 4670 mos
1510 4617 1569 4673 est.

995 4696 1127 4759 Thesis
1149 4699 1206 4762 111.
1360 4746 1365 4761 .

504 4778 627 4842 Etenim
650 4780 749 4860 qualis
771 4801 872 4859 causa,
897 4783 971 4846 talis
994 4786 1130 4849 effectus.
1162 4785 1321 4865 Astrologi
1339 4803 1411 4847 vero
1430 4803 1540 4848 caussa
1563 4783 1774 4851 vaticiniorum

415 4885 537 4932 suorum
560 4868 728 4950 respiciunt
748 4869 862 4953 panthu
884 4872 1003 4954 quidem
1026 4873 1178 4956 physicas,
1201 4875 1313 4954 partim
1334 4872 1484 4952 politicas,
1508 4880 1691 4957 pertenere
1712 4893 1772 4958 po·
