3814 5818
386 359 452 426 280
837 353 870 443 ιιι
890 354 960 419 spor.
981 352 1059 416 syo.
1083 356 1171 403 eae·
1188 349 1279 402 um

466 520 553 583 Nunc,
576 534 635 572 cum
656 517 690 570 lis
712 521 740 570 te
760 515 841 569 inter·
853 521 884 569 et
897 515 1055 585 Tychonem
1075 532 1130 568 non
1144 528 1279 584 personas
1293 513 1424 576 attineat,
1447 513 1495 566 sed
1509 511 1538 565 iu
1552 511 1748 581 philosophiae

385 604 445 658 iero
459 605 594 662 versetur,
616 614 667 650 nec
681 597 717 650 ab
732 614 764 648 eo
786 595 875 665 possit
895 596 1006 650 excludi
1019 596 1103 657 ullus,
1126 595 1171 664 qui
1186 593 1329 648 scientiam
1343 593 1525 648 humanarum
1539 591 1747 662 divinarumque

386 698 477 737 rerum
498 686 587 739 amat,
610 676 676 747 quia
695 675 875 745 philosophia
898 693 1038 729 commune
1058 675 1171 746 generis
1187 673 1299 727 humaui
1320 676 1421 728 bonum
1435 678 1491 727 est·
1513 689 1565 726 neo
1584 687 1670 743 aegre
1685 671 1746 735 tibi,

384 760 487 816 homini
509 757 682 828 philosopho,
703 772 758 826 ego
779 756 882 818 facere,
905 773 957 809 nec
977 761 1009 808 tu
1028 754 1094 809 mihi
1114 772 1169 809 non
1190 754 1336 826 ignoscere
1358 753 1477 823 poteris,
1500 752 1523 805 si
1543 752 1671 822 partibus
1692 752 1747 822 Ty·

385 840 479 895 chonis
500 837 636 904 susceptis
663 842 692 889 te
718 835 828 904 publice
849 836 1008 926 loqueptem
1038 834 1149 904 publice
1170 851 1279 906 quoque
1300 833 1376 887 intra
1397 830 1592 903 philosophiae
1614 831 1746 885 terminos

378 920 524 990 alloquar.
567 917 638 970 Nam
658 932 720 968 cum
740 931 777 968 ea
803 921 900 969 aetate
922 914 986 977 sim,
1014 921 1047 969 ut
1074 917 1107 968 de
1128 916 1248 967 veritate
1273 930 1363 967 rerum
1388 912 1559 967 naturalium
1579 911 1747 967 certissimus

382 1001 443 1070 jam
464 1014 536 1051 nunc
556 1012 617 1049 esse
638 1009 781 1064 nequeam,
803 1012 839 1049 ea
858 1012 925 1048 rero
945 994 1128 1064 propensione
1149 993 1257 1055 mentis,
1278 1000 1311 1048 ut
1330 995 1367 1047 ad
1386 993 1572 1064 indagandam
1591 1007 1657 1046 eam
1674 991 1747 1045 reri·

363 1086 490 1134 'tatem
483 1076 570 1130 mihil
593 1073 659 1129 mihi
687 1091 741 1127 non
767 1077 929 1128 tentandum
955 1092 1016 1128 esse
1044 1080 1152 1144 putem;
1181 1090 1270 1143 neque
1291 1074 1430 1143 Typhonis
1457 1074 1570 1127 labores
1590 1076 1621 1125 et
1640 1069 1749 1140 placita

388 1165 563 1214 contemnere
584 1154 671 1224 potui,
694 1170 766 1224 quae
787 1156 881 1226 magni
901 1155 930 1207 in
950 1160 1013 1208 tota
1032 1154 1210 1223 philosophia
1230 1152 1358 1206 momenti
1379 1170 1442 1206 esse
1462 1152 1636 1214 ridebantur,
1657 1167 1748 1220 neque

386 1257 457 1311 quae
478 1243 510 1291 tu
531 1241 628 1288 contra
647 1251 697 1303 pro
718 1234 916 1289 Aristotelicas
937 1236 1030 1287 sectae
1054 1234 1223 1288 auctoritate
1241 1234 1412 1302 proferebas
1434 1231 1590 1303 negligere
1634 1231 1680 1284 Ex
1694 1230 1747 1283 hoo

386 1319 458 1374 euim
479 1315 678 1370 contrariorum
698 1312 771 1368 inter
791 1332 821 1367 se
843 1314 968 1368 conflictu
996 1314 1134 1367 scintillae
1160 1314 1253 1366 solent
1283 1311 1344 1366 elici
1366 1315 1401 1366 ad
1422 1311 1574 1367 excitanda
1594 1309 1748 1364 clarissima

391 1400 443 1453 illa
463 1395 593 1451 veritatis
622 1393 757 1447 incendia
800 1395 878 1456 Quae
900 1411 964 1448 vero
985 1394 1051 1447 mihi
1076 1392 1259 1463 pensiculatis
1285 1392 1428 1484 utriusque
1456 1390 1545 1461 partis
1576 1388 1747 1460 argumentis

386 1479 554 1537 viderentur,
576 1475 611 1528 ad
633 1480 662 1527 te
682 1472 772 1542 ipsum
793 1475 965 1543 perscribere
985 1473 1074 1535 volui,
1104 1472 1180 1543 quia,
1207 1472 1261 1526 etsi
1281 1472 1381 1542 qnid
1374 1472 1466 1542 inique
1492 1470 1520 1524 ιιι
1541 1476 1593 1524 tua
1612 1472 1747 1540 dogmata

386 1557 483 1619 statui,
504 1556 531 1608 id
552 1561 581 1607 tc
602 1553 663 1622 ipso
684 1570 763 1606 nemo
785 1554 886 1607 rectius
907 1555 1003 1613 diluet,
1024 1560 1054 1606 et
1074 1553 1246 1607 iudicandum
1267 1551 1319 1604 tihi
1339 1557 1410 1615 erat,
1432 1569 1488 1605 nou
1507 1551 1569 1604 ideo
1589 1549 1678 1612 nobis,
1700 1550 1745 1619 qui

385 1634 523 1708 Tychouis
549 1633 795 1703 philosophemata
815 1649 1023 1703 receperamus,
1052 1634 1097 1685 rel
1119 1648 1266 1685 excussam
1285 1633 1331 1684 rel
1352 1632 1423 1685 omni
1447 1631 1557 1686 rabone
1584 1629 1748 1684 destitutam

384 1734 464 1778 esse,
487 1715 559 1784 quod
589 1713 709 1766 futurum
730 1714 855 1776 dixeras,
885 1713 1029 1783 pristinem
1055 1712 1131 1766 illam
1152 1711 1320 1781 opinionem,
1346 1711 1413 1782 quia
1437 1727 1456 1766 a
1479 1717 1509 1765 te
1529 1710 1608 1764 illam
1633 1708 1747 1763 arietari

385 1795 509 1849 vidimus.
551 1793 589 1846 Ut
614 1798 705 1845 autem
726 1793 844 1861 publicis
866 1793 942 1863 typis
967 1794 994 1845 id
1019 1794 1110 1855 fieret,
1143 1790 1280 1860 Tychonis
1302 1790 1417 1845 arbitrio
1444 1790 1615 1844 commissum
1635 1788 1700 1851 tuit,
1728 1803 1747 1840 a

387 1894 439 1947 quo
461 1873 528 1928 facti
549 1872 684 1935 rationes,
712 1873 755 1925 uti
776 1890 856 1942 spero
878 1890 932 1927 uon
953 1873 1102 1936 absurdas,
1134 1870 1239 1924 audies.
1282 1874 1323 1924 Ac
1344 1887 1412 1924 sane
1433 1870 1498 1942 quia
1520 1876 1552 1923 ιιι
1571 1869 1670 1923 librum
1690 1869 1745 1937 Ty·

387 1954 490 2017 chunis,
514 1968 592 2022 quem
615 1952 772 2019 accuratius
794 1961 823 2006 te
844 1952 948 2023 legisse
969 1968 1071 2023 negas,
1100 1951 1274 2005 nihilominus
1304 1951 1427 2005 omuibus
1448 1948 1552 2023 ingenii
1573 1948 1675 2003 viribus
1697 1964 1745 2016 op·

386 2049 512 2105 pugnas,
543 2038 573 2085 et
594 2048 664 2101 quae
692 2040 790 2087 contra
815 2032 905 2086 dicere
933 2031 1063 2101 potuisti,
1094 2031 1237 2084 Germanis
1259 2030 1375 2094 nostris,
1402 2037 1434 2085 ut
1453 2028 1596 2100 intelligo,
1625 2029 1748 2100 legenda

387 2111 587 2168 communicas:
610 2127 712 2179 operae
733 2108 854 2182 pretium
874 2112 940 2173 erit,
963 2111 986 2164 si
1006 2129 1043 2165 ex
1065 2109 1253 2179 publicatione
1274 2126 1396 2164 mearum
1416 2110 1607 2181 pagellarum,
1629 2108 1675 2180 qui
1696 2117 1748 2163 tos

386 2192 524 2247 incautius
546 2193 690 2260 legerunt,
721 2192 896 2261 intelligant,
927 2191 1042 2244 multum
1064 2191 1115 2243 tibi
1145 2191 1179 2242 ad
1200 2190 1346 2244 veritatem
1374 2189 1592 2259 perspiciendam
1619 2187 1747 2245 nocuisse

388 2288 512 2326 securam
533 2270 609 2324 illam
630 2269 658 2322 iu
679 2271 817 2340 Tychonis
839 2271 935 2324 libello
957 2271 1076 2341 legendo
1095 2269 1307 2339 negligentiam.

467 2352 525 2405 Nec
546 2357 574 2403 te
596 2349 733 2419 Tyohonis
753 2352 972 2425 ποιυῤῥηιορια,
992 2352 1099 2420 quade
1120 2350 1261 2419 querelam
1282 2347 1414 2410 instituis,
1435 2353 1561 2403 excusat.
1602 2348 1665 2401 Noa
1684 2364 1748 2400 con·

387 2432 508 2486 sistimus
531 2431 565 2482 ad
587 2428 710 2484 tribunal
730 2430 830 2484 morosi
847 2429 964 2498 judicis,
994 2429 1039 2500 qui
1060 2430 1153 2483 taedio
1181 2446 1218 2480 ex
1248 2428 1446 2497 multiplicibus
1468 2427 1587 2498 querelis
1612 2433 1748 2497 consepto

384 2519 434 2567 aut
456 2525 588 2578 respuere
610 2525 659 2561 nos
681 2509 770 2578 possit
801 2516 851 2563 aut
872 2510 946 2562 intra
965 2511 1110 2563 verborum
1131 2525 1271 2562 numerum
1292 2524 1402 2578 cogere.
1444 2509 1567 2578 Magnae
1589 2512 1655 2560 suut
1674 2523 1747 2563 men·

384 2592 421 2646 tis
443 2599 555 2644 nostrae
577 2588 719 2651 tenebrae,
742 2596 894 2643 contumax
913 2588 1061 2643 memoriae
1082 2588 1205 2650 durities,
1230 2604 1302 2658 quae
1312 2594 1344 2641 ut
1365 2588 1524 2657 exemplum
1547 2587 1641 2656 capiat
1654 2603 1748 2640 ecmm

385 2686 457 2742 quae
479 2671 628 2729 docentur,
658 2669 751 2722 multis
773 2669 873 2722 ictibus
895 2686 963 2737 opus
991 2677 1044 2722 est.
1086 2671 1143 2723 Res
1171 2667 1233 2737 ipsa
1253 2684 1369 2738 magna,
1396 2667 1536 2736 pretiosa,
1566 2666 1748 2728 honorabilis,

384 2750 500 2810 nobilis,
522 2747 630 2808 divina,
659 2748 764 2803 raritas
786 2766 884 2818 nempe
905 2754 935 2801 et
955 2749 1086 2811 scientia:
1113 2765 1184 2819 quae
1206 2747 1337 2818 temporis
1354 2746 1495 2815 jacturam
1515 2746 1613 2809 facile,
1641 2744 1665 2799 si
1686 2763 1747 2814 per·

383 2828 527 2899 vestigata
547 2826 639 2889 fuerit,
662 2835 829 2897 compensat.
872 2830 930 2882 Nec
950 2829 1058 2890 dubito,
1081 2844 1187 2898 quaes
1208 2826 1313 2896 ingenii
1335 2826 1521 2895 praestantia,
1546 2826 1571 2881 si
1593 2831 1700 2880 tantam
1720 2825 1748 2879 in

387 2908 565 2979 'lychoniauo
581 2906 652 2961 libro
667 2908 858 2979 prolixitatem
880 2924 1013 2976 superare
1035 2908 1188 2978 potuisses,
1211 2914 1318 2976 quanta
1338 2907 1383 2958 vel
1404 2905 1560 2960 felicissimo
1580 2904 1693 2975 ingenio
1714 2906 1747 2958 ad

384 3006 420 3043 ea
440 3005 511 3059 quae
532 2988 661 3041 dicuntur
681 2988 865 3058 intelligenda
885 3004 955 3056 opus
976 2995 1032 3051 est,
1064 2987 1128 3057 quin
1149 2989 1260 3041 tandem
1280 2985 1407 3040 veritatis
1437 2985 1559 3057 aliquam
1579 2984 1748 3054 suscepisses

384 3069 505 3139 effigiem
527 3066 680 3137 mentisque
704 3069 836 3121 tenebras
857 3068 1028 3136 dispulisses.
1070 3072 1111 3121 Ac
1141 3067 1205 3120 mihi
1236 3083 1316 3130 sune,
1346 3073 1380 3119 ut
1399 3082 1493 3119 verum
1514 3065 1614 3127 dicam,
1645 3065 1748 3119 minore

384 3148 483 3202 mentis
506 3147 659 3199 intentione
688 3155 866 3216 temporeque
894 3148 1020 3200 constitit
1041 3147 1126 3200 totius
1149 3146 1286 3218 Tychonis
1317 3144 1390 3199 libri
1408 3152 1438 3200 et
1459 3145 1609 3216 apologiae
1637 3143 1748 3214 prolixa

384 3227 476 3288 lectio,
502 3242 583 3299 quam
606 3226 800 3294 Capnuraniae
821 3234 904 3287 tuae,
937 3226 1029 3280 nescio
1051 3244 1088 3280 ex
1110 3243 1163 3296 quo
1185 3235 1287 3297 arguto
1313 3225 1421 3296 pulpito
1442 3226 1470 3279 iu
1490 3227 1564 3279 hanc
1584 3222 1747 3294 disputatio·

385 3322 448 3361 uem
468 3322 522 3358 uon
544 3306 620 3357 hene.
635 3305 770 3358 arcessita
790 3305 918 3359 concisio.
960 3306 1017 3359 Res
1038 3305 1114 3375 ipsas
1134 3304 1184 3359 rix
1204 3306 1341 3375 capimus,
1362 3311 1392 3363 et
1412 3311 1443 3359 tu
1463 3306 1610 3360 verborum
1628 3304 1746 3375 gryphis

385 3385 498 3452 insuper
520 3383 634 3452 ingenia
655 3384 778 3437 cruciare
794 3383 899 3451 jubes?

465 3462 519 3515 Sed
541 3463 575 3513 ad
595 3479 654 3515 reru
673 3462 823 3516 veniamus.
864 3462 1002 3532 Principio
1030 3463 1154 3518 candoris
1185 3464 1235 3519 tibi
1257 3466 1372 3523 ,laudem
1402 3464 1509 3529 tribuo,
1538 3463 1585 3534 qui
1616 3478 1745 3517 summam

385 3542 497 3595 intimae
518 3548 584 3593 tuae
606 3542 766 3595 intentionis
796 3542 823 3596 in
844 3543 935 3596 fronte
965 3543 1051 3611 ponis.
1095 3547 1254 3598 Auctoritas
1275 3562 1332 3599 una
1352 3551 1396 3599 tot
1416 3551 1542 3598 aetatum
1569 3543 1620 3597 tibi
1640 3545 1744 3605 obstat,

386 3620 449 3675 huic
471 3636 563 3673 omnes
584 3621 689 3692 ingenii
710 3622 791 3685 vires,
811 3622 876 3675 huic
896 3629 985 3677 totum
1005 3624 1077 3677 hunc
1098 3625 1222 3678 laborem
1236 3625 1379 3679 devovisti.
1420 3625 1458 3678 Et
1472 3624 1615 3694 quisquam
1628 3623 1744 3684 dubitet,

387 3717 423 3754 aa
443 3701 655 3755 mathematicas
676 3702 931 3766 demonstrationes,
954 3720 1022 3773 quas
1043 3705 1182 3774 proponis,
1205 3705 1265 3774 ipse
1280 3704 1439 3775 perspicias,
1463 3705 1541 3773 cujus
1561 3720 1640 3758 omne
1654 3703 1746 3756 lumen

385 3779 469 3834 animi
490 3781 541 3832 hoc
562 3781 737 3851 antiquitatis
758 3783 867 3852 pallore
889 3784 1021 3837 imbutum
1042 3789 1106 3839 est?
1146 3789 1191 3837 An
1214 3784 1300 3854 igitur
1329 3785 1395 3838 mihi
1416 3784 1603 3845 succensebis,
1637 3782 1660 3837 si
1682 3799 1746 3852 quo·

384 3860 438 3914 ties
459 3860 601 3928 pulverem
621 3862 819 3931 geometricum
841 3863 974 3933 attinges,
996 3864 1063 3916 illud
1085 3865 1125 3917 tui
1146 3864 1246 3928 divini,
1268 3880 1328 3918 cum
1350 3865 1443 3918 oculos
1465 3864 1564 3933 aperit,
1586 3860 1746 3917 Aristotelis

390 3939 439 3993 tibi
460 3955 608 4008 reponam,
639 3949 670 3995 et
690 3942 762 3995 inter
783 3960 830 3996 eos
850 3949 880 3996 te
900 3944 1035 4007 referam,
1057 3946 1090 3997 de
1112 3943 1209 4015 quibus
1232 3944 1371 4014 queritur,
1394 3947 1465 4015 quod
1487 3961 1553 3998 noa
1574 3948 1747 4014 quaerant

383 4018 542 4073 rationes
572 4026 605 4074 et
636 4038 766 4076 causas
796 4025 900 4077 adea
935 4039 1023 4093 quae
1054 4032 1235 4093 apparent
1262 4025 1446 4078 reddenda
1474 4031 1508 4079 et
1535 4022 1748 4077 efficienda:

384 4098 441 4151 sed
464 4101 503 4151 ad
529 4096 817 4171 praecon'oeptas
848 4119 929 4157 suas
960 4106 1128 4174 quasdam
1158 4104 1344 4173 opiniones
1372 4110 1407 4158 ct
1437 4102 1745 4165 ratiocinationes,

384 4177 475 4249 qualis
495 4186 540 4232 est
566 4187 618 4235 tua
646 4184 679 4235 de
701 4182 869 4252 antiquitate
897 4183 1056 4251 persuasio,
1087 4184 1170 4254 ipsa
1196 4185 1450 4253 phaenomena,
1480 4191 1513 4238 ut
1540 4192 1571 4237 tu
1592 4200 1644 4245 ea,
1676 4198 1746 4253 quae

384 4259 571 4314 mathematici
604 4261 632 4314 in
662 4259 785 4315 cometae
816 4268 890 4315 motu
921 4264 1175 4331 deprehenderunt,
1207 4264 1397 4318 uiolenter
1427 4265 1685 4318 accommodent
1713 4266 1747 4316 e't

384 4338 586 4395 consiliare
617 4347 807 4394 conentur?
849 4342 919 4403 Quid
950 4342 1013 4395 ais?
1055 4347 1099 4395 An
1127 4343 1278 4397 etiamnum
1298 4344 1413 4398 muudus
1444 4343 1494 4397 tihi
1528 4350 1659 4398 aeternus
1685 4346 1744 4397 esti

383 4417 432 4471 Sol
452 4416 526 4470 infra
547 4411 571 4479 Q
593 4426 624 4471 et
648 4412 669 4477 ζὲ
691 4425 751 4473 est?
792 4421 958 4490 Principium
980 4438 1123 4475 nervorum
1144 4423 1172 4475 in
1194 4425 1274 4477 corde
1295 4429 1356 4476 est?
1398 4423 1469 4485 Quia
1492 4424 1518 4476 id
1540 4422 1619 4476 scirit
1639 4421 1747 4476 Aristo·

384 4496 463 4559 tales,
485 4497 588 4565 vulgos
611 4500 791 4566 approbavit,
821 4517 877 4553 nox
898 4500 954 4553 ista
974 4508 1127 4591 temporum
1149 4508 1191 4555 tot
1211 4504 1306 4557 secula
1326 4504 1414 4573 longa
1435 4503 1634 4556 consolidavit?
1677 4499 1746 4562 Quid

383 4574 471 4645 igitur
490 4576 552 4627 Deo
573 4577 682 4645 gratias
704 4578 813 4647 agimus
834 4580 971 4648 quotidie,
998 4579 1043 4648 qui
1066 4559 1203 4650 dispulsis
1227 4583 1282 4635 illis
1310 4582 1433 4637 tenebris
1462 4598 1522 4636 cum
1552 4582 1581 4635 iu
1611 4580 1746 4653 religione

385 4661 442 4707 tum
463 4654 492 4707 iu
512 4653 619 4707 artibus
641 4661 671 4708 et
691 4657 779 4710 literis
801 4658 980 4713 clarissimam
1001 4658 1165 4728 cognitionis
1187 4678 1314 4717 auroram
1329 4662 1491 4716 reduxerit?
1532 4666 1576 4715 Διι
1597 4660 1745 4715 etiamnum

384 4738 540 4795 stertemua
563 4730 623 4786 cum
641 4734 701 4802 jam
723 4738 827 4790 clarum
848 4754 927 4792 mane
948 4740 1085 4792 fenestras
1107 4740 1212 4796 intrati
1242 4746 1286 4794 An
1301 4742 1361 4796 heri
1383 4758 1476 4795 omnes
1491 4747 1611 4795 naturae
1633 4742 1744 4795 thesau-

383 4827 429 4865 ros
451 4811 585 4865 exhausit
604 4813 787 4879 Aristoteles,
809 4825 842 4870 ut
862 4816 941 4869 hodie
963 4817 1031 4871 nihil
1052 4821 1191 4888 supersit?
1232 4825 1276 4874 Au
1298 4822 1349 4876 tibi
1370 4824 1466 4875 durum
1488 4821 1609 4882 ridetur,
1631 4827 1664 4874 ut
1685 4835 1745 4873 cae·

385 4891 514 4946 cutivisse
537 4891 563 4945 in
586 4893 679 4947 multis
701 4900 809 4948 veteres
832 4896 970 4950 dicamus?
1012 4896 1098 4966 Cujus
1129 4916 1197 4970 ergo
1219 4908 1283 4953 sunt
1304 4901 1360 4956 ista
1381 4902 1480 4955 rerba:
1511 4915 1631 4971 „pauca
1648 4897 1744 4953 mentis
