3838 5824
396 368 439 437 tt
986 370 1147 422 mentm

398 549 511 595 rursum
543 531 651 593 stellae
678 532 709 594 A
731 529 892 593 maximam
919 538 952 592 et
980 529 1133 593 minimam
1156 529 1354 593 altitudinem.
1400 528 1534 593 Necesse
1561 529 1654 609 igitur
1677 527 1743 602 fuit,

396 621 425 682 in
449 619 579 682 maxima
602 619 759 681 altitudine
781 619 937 700 provenire
961 638 1062 681 arcum
1085 620 1153 693 AB,
1178 620 1227 699 qui
1251 619 1347 698 major
1370 618 1461 681 debet
1478 637 1547 680 esse
1567 635 1655 698 qnam
1674 616 1745 690 ΑΚ,

397 708 423 769 si
446 727 516 770 vere
540 709 704 789 amplitudo
728 709 808 770 orbis
831 707 949 771 ELDM
971 718 1020 770 est
1051 708 1202 771 sensibilis
1235 708 1312 770 iuter
1342 708 1429 770 fixas.
1481 705 1609 771 Callatis
1638 705 1746 768 obser-

397 796 566 859 rationibus
590 797 822 876 deprehendisse
844 797 965 873 videor,
991 797 1069 878 quod
1092 796 1261 859 differentia
1283 815 1418 872 menum,
1444 816 1519 878 quae
1542 803 1591 858 est
1613 795 1679 870 KB,
1704 793 1747 855 sit

397 882 439 950 33
470 889 529 948 lere
560 887 763 967 scrupulorum
794 907 814 948 a
840 880 880 949 4ο
896 885 984 963 Υαά
1006 880 1104 959 Pa,
1134 886 1330 966 quadrantem
1359 886 1472 949 circuli.
1518 885 1604 949 Unde
1634 901 1745 963 seque-

397 984 492 1051 retur,
520 976 740 1055 proportionem
772 974 846 1036 coeli
870 976 1023 1037 terrestris
1051 974 1115 1036 aive
1139 975 1203 1055 ejus
1227 974 1364 1037 diametri
1392 976 1431 1037 ad
1460 976 1638 1037 diametrum
1665 972 1745 1035 fixa·

397 1082 462 1125 rum
491 1083 558 1125 esse
592 1072 625 1125 ut
651 1063 737 1125 unius
761 1064 800 1125 ad
825 1060 896 1128 100.
943 1064 1005 1126 Sed
1027 1063 1169 1140 videor,
1207 1063 1344 1144 inquam,
1377 1063 1619 1145 deprehendisse.
1664 1062 1747 1151 Nam

397 1153 563 1234 hujusmodi
586 1153 770 1223 observatio,
794 1171 848 1233 per
870 1154 1068 1216 iustrumenta
1090 1171 1148 1214 uun
1172 1153 1337 1233 exquisita,
1363 1153 1477 1216 lubrica
1499 1160 1556 1215 est.

475 1293 505 1343 Iu
531 1295 641 1359 margine
669 1294 721 1359 ipse
743 1298 849 1344 annotat
875 1293 1014 1357 Keplerus:
1048 1293 1185 1357 jamesius
1211 1293 1249 1343 his
1271 1295 1330 1358 ipris
1361 1293 1445 1345 diebus
1479 1294 1605 1345 observari
1635 1291 1746 1356 eiusdem

397 1363 485 1415 stellae
502 1364 665 1415 humilitatem
682 1366 855 1425 meridianam,
874 1373 950 1415 noctu
967 1365 991 1415 h.
1012 1362 1060 1422 ta,
1088 1379 1153 1430 quas
1170 1363 1299 1414 ridebatur
1320 1365 1378 1415 mihi
1402 1365 1540 1417 coincidere
1558 1381 1615 1419 cnm
1633 1363 1676 1414 llls
1693 1362 1746 1414 De·

398 1435 487 1486 cembri
505 1435 599 1486 hahita
635 1437 777 1502 Altrohique
803 1438 878 1503 igitur
903 1443 1010 1487 erratum
1037 1442 1076 1486 est
1100 1438 1127 1485 in
1153 1435 1330 1487 ohserratione.
1368 1435 1465 1501 (Gomp.
1489 1452 1546 1487 cam
1562 1437 1602 1487 his
1620 1449 1663 1495 es,
1682 1447 1748 1500 quae

383 1505 520 1572 'Keplerns
547 1507 659 1558 Galilaea
688 1509 843 1572 perscripsit,
877 1510 985 1558 inritans
1011 1508 1095 1568 huns,
1122 1514 1151 1556 ut
1177 1507 1283 1559 eandem
1314 1509 1508 1560 observationem
1534 1510 1561 1558 in
1587 1522 1615 1559 ee
1643 1507 1750 1569 resipiat

397 1591 455 1645 paq.
474 1574 516 1634 42,
536 1585 562 1629 et
579 1581 760 1643 responsionem
778 1579 900 1643 Typhonis
917 1579 949 1630 ed
967 1579 1069 1644 Kepleri
1086 1579 1171 1628 literae
1189 1578 1221 1629 de
1236 1579 1324 1629 eadem
1342 1580 1495 1646 quaestions,
1512 1593 1570 1646 pag.
1590 1574 1647 1639 tt.)

485 1685 591 1765 Itaque
619 1687 753 1765 pluribus
776 1685 1034 1749 observationibus
1057 1685 1206 1748 dubitatio
1230 1687 1324 1748 omnis
1353 1686 1539 1748 excludenda
1571 1694 1637 1762 est,
1670 1701 1747 1765 quae

399 1794 447 1838 res
476 1773 596 1855 aliquod
620 1785 738 1856 tempus
760 1775 893 1856 requirit.
918 1807 959 1817 -
983 1773 1063 1838 Sunt
1084 1784 1117 1836 et
1138 1775 1192 1837 alii
1214 1774 1302 1850 modi,
1326 1776 1382 1837 sed
1404 1773 1595 1838 difficiliores.

486 1862 553 1925 Hoc
575 1863 625 1926 ubi
649 1875 731 1926 certo
754 1864 917 1927 innotuerit
939 1866 991 1938 (et
1011 1863 1101 1926 velim
1116 1908 1132 1947 ,α
1155 1864 1230 1926 alios
1262 1881 1377 1945 quoqne
1400 1872 1589 1927 astronomos
1616 1862 1646 1925 in
1669 1862 1748 1924 hauc

398 1971 461 2015 rem
483 1952 615 2014 intentus
639 1956 736 2028 esse),
765 1954 891 2032 primum
914 1954 1079 2015 retexenda
1102 1953 1161 2015 erit
1183 1952 1322 2015 universa
1345 1953 1531 2015 astronomis
1558 1960 1590 2014 et
1616 1969 1747 2032 geograe

399 2042 485 2121 phia,
511 2042 843 2121 demonstrandumque,
868 2042 945 2123 quod
971 2043 1001 2104 iu
1025 2063 1212 2121 φαινομονοις
1235 2043 1367 2104 varietur
1393 2061 1447 2125 per
1475 2041 1553 2105 hauc
1576 2040 1704 2103 Telluris
1728 2058 1749 2100 a

400 2139 503 2193 centro
535 2131 706 2193 sensibilem
739 2131 924 2193 distantiam.
971 2132 1083 2193 Postea
1114 2131 1380 2216 suppeditarentur
1410 2129 1483 2192 mihi
1505 2124 1645 2193 =rationes
1667 2128 1747 2211 phy·

400 2220 482 2281 sicae
506 2219 543 2282 de
568 2221 666 2282 causis
690 2221 776 2300 hujus
805 2220 1025 2301 proportionis3
1051 2220 1132 2300 prius
1160 2221 1238 2282 enim
1265 2229 1385 2300 oportet
1406 2241 1442 2282 eu
1465 2214 1510 2282 brt
1532 2226 1681 2294 constare,
1709 2235 1749 2279 ex

400 2326 457 2389 quo
480 2329 516 2370 το
539 2314 612 2371 deors
634 2309 808 2372 deducatur.
836 2310 937 2391 Atque
960 2318 1030 2372 tuuc
1053 2328 1099 2371 me
1123 2310 1311 2389 accingerem
1334 2310 1373 2370 ad
1392 2317 1563 2390 susceptam
1577 2305 1746 2369 materiam.

488 2394 578 2468 Quod
609 2407 710 2460 autent
737 2399 828 2461 etiam
856 2418 894 2460 ea
916 2398 1030 2460 ratione
1055 2408 1210 2461 ventorum
1242 2405 1274 2459 et
1297 2406 1395 2459 motus
1416 2398 1542 2460 marium
1565 2396 1671 2460 deduci
1694 2413 1747 2456 sr-

400 2494 543 2568 gumenta
578 2487 734 2550 existimas
771 2506 825 2567 pro
856 2496 938 2550 motu
967 2487 1107 2562 Telluris,
1145 2486 1281 2567 equidem
1309 2497 1342 2549 et
1369 2505 1425 2567 ego
1455 2486 1613 2549 nonnullas
1640 2485 1747 2546 harum
1791 2552 1797 2563 ¹

400 2594 496 2637 rerum
519 2575 718 2656 cogitationes
742 2576 853 2652 habe03
882 2585 912 2639 et
939 2594 1004 2638 cum
1036 2594 1128 2657 nuper
1151 2574 1358 2651 Galilaeus,
1387 2575 1553 2638 Pataviuns
1575 2574 1746 2636 mathema-

401 2664 488 2741 ticus,
511 2664 541 2726 iu
564 2665 660 2728 literis
684 2666 723 2727 ad
745 2684 792 2727 me
816 2665 935 2747 scriptis
959 2667 1002 2738 (v.
1025 2684 1097 2747 pag.
1121 2660 1179 2739 40)
1203 2672 1336 2727 testatus
1363 2672 1464 2740 esset,
1493 2683 1526 2726 se
1554 2662 1747 2744 plurimarum

401 2773 499 2816 rerum
526 2755 706 2816 naturalium
736 2773 845 2818 causas
877 2774 915 2817 ex
945 2754 1160 2837 hypothesibus
1192 2751 1349 2835 Capernici
1381 2754 1547 2816 rectissime
1576 2751 1747 2825 deduxisse,

401 2862 475 2923 quas
499 2843 550 2905 alii
572 2845 696 2906 reddere
720 2864 758 2906 ex
780 2844 902 2906 usitatis
925 2843 1138 2924 nonpossint,
1163 2862 1258 2924 neque
1280 2851 1384 2905 tamen
1407 2843 1436 2905 iu
1461 2842 1561 2924 specie
1585 2840 1748 2923 quidquam

399 2941 652 3008 commemoraret,
669 2952 724 3014 ego
740 2935 796 2996 hoc
820 2934 856 2996 de
880 2934 971 2995 maris
994 2935 1074 2995 fluxu
1097 2933 1268 3013 suspicatus
1291 2952 1367 2994 sum.
1405 2930 1468 2995 Sed
1487 2940 1599 3006 tamem
1618 2929 1669 2992 ubi
1683 2947 1747 2992 rem

401 3021 573 3102 diligentius
595 3023 756 3103 perpendo,
781 3041 839 3084 nun
864 3022 996 3084 videmur
1018 3043 1038 3083 a
1060 3022 1148 3084 Luna
1170 3021 1325 3084 discedere
1348 3021 1472 3097 debere,
1496 3020 1596 3101 quoad
1614 3018 1749 3082 rationes

401 3112 531 3175 fluxuum
561 3130 599 3172 ex
628 3130 665 3173 ea
692 3113 838 3175 deducere
868 3113 1006 3193 quimus:
1036 3112 1114 3191 quud
1142 3111 1260 3192 quidem
1287 3110 1350 3173 fieri
1377 3129 1467 3191 posse
1490 3110 1641 3172 existimo.
1688 3105 1750 3179 Qui

400 3201 478 3262 enlm
500 3200 610 3263 Terras
634 3202 726 3263 motui
751 3201 856 3264 tribuit
878 3209 990 3264 motum
1013 3200 1157 3274 marium,
1181 3218 1261 3260 mers
1291 3200 1454 3261 violentum
1483 3209 1595 3261 motum
1619 3197 1749 3271 statuit3

400 3299 435 3350 at
457 3289 505 3369 qui
528 3290 632 3352 Lunae
655 3290 750 3351 maria
773 3290 846 3352 dicit
869 3291 1093 3362 adhaerescere,
1116 3297 1264 3368 exparte
1287 3289 1455 3351 naturalem
1478 3288 1561 3351 facit.

489 3376 577 3448 Quod
609 3380 646 3440 de
674 3379 768 3441 Phil.
793 3378 1050 3458 Landspergio
1080 3376 1201 3451 scribis,
1231 3376 1262 3438 id
1294 3386 1366 3439 aute
1394 3377 1493 3457 ipsum
1525 3377 1750 3440 Reinmsrus

401 3465 519 3529 Ursus
544 3466 632 3529 iecit:
657 3467 733 3528 iiras
757 3468 928 3548 quiescere,
964 3467 1075 3529 Terrae
1099 3475 1235 3528 centrum
1258 3466 1425 3547 quiescere,
1455 3466 1642 3548 superficiem
1669 3465 1752 3529 circa

401 3565 553 3630 centrum,
585 3564 616 3617 et
643 3554 745 3619 Solern
769 3556 833 3637 (qui
857 3564 991 3617 centrum
1014 3555 1056 3618 sit
1078 3552 1250 3619 omniomi)
1278 3554 1480 3637 planetarum)
1513 3555 1594 3619 circa
1625 3555 1750 3618 Terram

401 3645 589 3707 circumduci.
635 3645 719 3708 Idem
742 3645 804 3707 lere
828 3644 997 3725 Magiuus
1020 3644 1159 3707 initalia
1180 3644 1263 3718 fecit,
1286 3645 1422 3726 quamvis
1446 3653 1478 3708 et
1491 3643 1749 3708 circumferentiae

401 3733 482 3816 globi
515 3733 626 3796 Terrae
657 3742 770 3797 motum
803 3734 840 3795 ad
869 3734 944 3796 fixas
971 3734 1145 3797 transierat.
1198 3733 1296 3808 Idem,
1333 3735 1387 3798 sed
1416 3734 1623 3815 philosophice
1652 3731 1751 3814 magis

401 3840 490 3905 quam
514 3823 731 3897 astronomica,
754 3823 953 3885 Roeslinus
977 3824 1007 3885 in
1030 3822 1168 3897 Alsatia,
1193 3822 1272 3885 idem
1295 3823 1418 3905 Tycha
1440 3823 1557 3886 Brahe
1585 3823 1616 3885 in
1639 3822 1750 3894 Dania,

401 3912 450 3993 qul
472 3912 584 3992 primus
606 3913 740 3986 videtur,
762 3912 952 3994 praestitere.
999 3911 1141 3975 Summa:
1166 3911 1348 3994 hypotheses
1377 3931 1435 3975 non
1464 3930 1559 3974 norae
1583 3919 1667 3986 suut,
1695 3909 1750 3972 sed

402 4003 499 4063 lorrna
520 4019 613 4075 uova3
637 4002 751 4064 mixtae
774 4022 817 4064 sc.
842 4010 912 4063 sunt
935 4001 1125 4081 estantiquis
1149 4008 1181 4062 et
1202 4000 1287 4063 novis
1309 3999 1477 4082 Goperuici.
1523 4000 1589 4083 Ego
1616 3994 1751 4063 verusio

401 4110 525 4153 censeo:
560 4109 626 4152 curn
658 4091 821 4154 astronomi
852 4093 1026 4154 sacerdotes
1062 4089 1120 4152 Dei
1157 4088 1297 4152 altissimi
1334 4110 1371 4152 ex
1400 4098 1486 4171 parte
1518 4090 1587 4153 libri
1623 4097 1749 4152 naturae

404 4181 506 4255 simus,
531 4180 636 4241 decere
660 4199 717 4241 non
741 4179 851 4260 ingenii
875 4181 1002 4256 laudem,
1026 4180 1081 4242 sed
1104 4175 1258 4241 Creatoris
1280 4180 1438 4261 praecipue
1462 4179 1580 4242 laudem
1600 4187 1750 4260 spectare.

405 4267 464 4341 Qut
487 4270 542 4331 hoc
566 4269 624 4331 sibi
646 4289 821 4349 persuasum
844 4270 946 4339 habet,
969 4270 995 4331 is
1014 4289 1072 4331 uun
1093 4268 1180 4331 facile
1195 4268 1276 4332 aliud
1295 4269 1453 4350 quidquam
1472 4268 1500 4330 iu
1520 4269 1616 4331 lucem
1630 4267 1750 4343 emittit,

405 4378 494 4439 quam
516 4377 617 4420 secum
639 4359 830 4438 ipse'credit,
851 4378 906 4421 uec
928 4368 1040 4420 temere
1059 4357 1129 4438 quid
1151 4358 1180 4419 in
1205 4357 1418 4440 hypothesibus
1442 4366 1547 4433 mutat,
1563 4358 1622 4420 uisi
1639 4356 1752 4422 certius

376 4507 378 4511 ,
404 4467 441 4509 ex
464 4448 525 4511 illis
548 4446 753 4530 phaenomena
775 4448 973 4510 demonstrari
995 4465 1084 4527 posse
1112 4454 1214 4526 speret
1222 4466 1232 4522 3
1261 4466 1315 4509 nec
1347 4447 1469 4510 nimium
1498 4447 1666 4523 desiderat,
1698 4446 1754 4508 illa

289 4548 297 4559 “
404 4555 515 4618 magna
536 4536 662 4612 lumina,
686 4538 891 4601 Ptolemaeum
914 4545 946 4598 et
969 4535 1164 4616 Cupernicum
1188 4536 1257 4608 dra,
1285 4535 1467 4599 inventionis
1489 4536 1586 4617 gloria
1605 4526 1750 4618 praererss

403 4635 479 4689 tere.
524 4626 627 4707 Atque
650 4627 741 4689 etiam
764 4627 853 4702 mihi,
873 4626 921 4689 cni
942 4624 1173 4706 persuasissima
1194 4633 1242 4688 est
1265 4623 1423 4705 Copernici
1449 4625 1614 4701 sententia,
1645 4624 1752 4705 religio

405 4725 453 4777 est
482 4715 562 4778 aliud
585 4733 765 4797 proponere,
797 4715 846 4778 vel
869 4716 900 4778 in
923 4715 1041 4778 laudem
1064 4713 1189 4794 ingenii,
1218 4714 1269 4779 vel
1295 4714 1336 4776 ad
1357 4714 1486 4795 gratiam
1509 4714 1674 4790 homiuum,
1702 4712 1752 4795 qui

404 4804 593 4868 absurditate
617 4806 785 4868 sententiae
807 4804 925 4885 plurimi
949 4805 1145 4868 offenduntur.
1191 4802 1311 4867 Sufficit
1337 4802 1412 4866 haec
1434 4803 1545 4883 gloria,
1573 4822 1664 4885 posse
1688 4800 1752 4866 Co-

403 4894 540 4978 pernico,
572 4894 612 4959 sd
638 4913 778 4976 magnam
812 4913 897 4959 aram
926 4914 1017 4959 sacra
1048 4892 1190 4969 facienti,
1226 4900 1331 4975 portas
1359 4894 1465 4974 templi
1490 4911 1559 4957 mea
1579 4890 1752 4957 inreutioue
