3838 5824
917 386 1029 451 mmm
1046 374 1249 453 'omnemne

751 618 754 625 ·
881 583 926 645 IN
950 581 1089 647 CAPUT
1110 584 1280 687 Ill-illl

939 703 1034 756 nora
1052 705 1231 757 ancrorus.

371 822 374 827 “
479 806 512 882 ιι)
532 812 630 868 Plures
649 826 792 880 corporum
806 810 994 865 distinctiones
1014 820 1045 868 et
1063 814 1135 867 haec
1153 813 1215 883 ipsa
1233 811 1320 866 fusius
1342 810 1466 864 invenies
1485 810 1534 863 lib.
1549 807 1596 863 Ν.
1610 807 1761 878 Epitomes,

400 894 494 965 aliqua
513 893 606 956 etiam,
628 898 718 946 ortum
737 897 768 944 et
786 891 1015 949 comb‘uationem
1033 894 1200 964 spectantia,
1222 892 1270 947 lib.
1288 893 1319 946 V.
1340 891 1471 945 Hermon.
1487 889 1554 959 Cap.
1573 890 1612 951 1.,
1640 887 1763 941 etinfra

399 976 428 1057 in
447 973 501 1028 hoc
520 972 582 1041 ipso
600 970 695 1025 libello
717 970 786 1041 Cap.
807 970 883 1026 Xill.

985 1081 1178 1091 .--—-—--—-

973 1189 1094 1288 Caput
1120 1188 1188 1262 IX.

430 1322 618 1386 Dotuoua
637 1338 772 1401 copore
790 1302 1048 1402 coaptabatur,
1067 1322 1436 1402 proposueramus,
1456 1319 1671 1382 ommam
1689 1336 1731 1379 eo

731 1408 915 1488 corporibus
933 1411 1077 1491 cognatio
1091 1407 1295 1493 planetarum
1312 1416 1431 1472 maara

486 1539 555 1603 Non
578 1556 701 1617 possum
723 1539 899 1618 praeterire,
926 1539 996 1619 quin
1020 1540 1067 1602 hic
1092 1541 1194 1620 aliqua
1213 1559 1252 1604 ex
1271 1560 1308 1603 ea
1325 1539 1467 1622 physices
1489 1545 1587 1618 parte,
1612 1554 1688 1616 quau
1712 1544 1761 1598 est

400 1628 438 1689 de
461 1627 652 1706 planetarum
676 1627 883 1707 qualitatihus,
909 1627 1053 1704 delibem,
1079 1636 1113 1690 ut
1137 1638 1300 1708 appareat,
1326 1629 1419 1690 etiam
1442 1628 1523 1689 vires
1547 1627 1678 1707 ipsorum
1701 1645 1759 1686 na-

398 1715 513 1777 turales
545 1714 624 1775 hunc
659 1715 792 1776 ordinem
824 1734 946 1777 servare
979 1736 1104 1798 eamque
1137 1719 1176 1779 ad
1208 1718 1335 1780 invicem
1362 1716 1587 1797 proportionem
1618 1714 1758 1776 retinere.

397 1803 479 1865 Nam
501 1802 528 1863 si
551 1819 603 1862 eos
627 1801 777 1881 planetas,
804 1803 854 1882 qui
873 1803 997 1865 Terram
1018 1806 1169 1880 amheunt,
1194 1806 1256 1867 illis
1276 1807 1367 1867 etiam
1391 1804 1574 1885 corporibus,
1600 1821 1677 1882 quae
1701 1801 1760 1864 sihi

397 1889 545 1968 inscripta
567 1890 740 1965 continent,
772 1909 952 1965 accenseas,
986 1893 1109 1955 inclusis
1133 1903 1234 1955 autem
1260 1894 1393 1974 planetis
1416 1913 1436 1954 a
1458 1890 1586 1954 Telluris
1611 1892 1682 1952 orbe
1705 1890 1760 1951 illa

396 1996 524 2057 corpora
547 1977 682 2052 tribuas,
705 1978 824 2056 ’quibus
848 1986 972 2059 uterque
1004 1980 1274 2054 circumscribitur,
1308 1981 1387 2061 quod
1417 1980 1532 2059 optima
1554 1979 1671 2041 ratione
1694 1979 1758 2040 fleri

395 2083 486 2144 posse
511 2064 670 2126 existimo:
700 2063 849 2126 Saturnus
874 2065 998 2129 habebit
1021 2069 1137 2143 cubum,
1162 2068 1283 2148 Jupiter
1304 2068 1471 2151 pyramide,
1496 2067 1580 2129 Mars
1604 2066 1757 2130 dodecad-

396 2153 480 2221 drou,
506 2153 658 2215 Venerem
680 2153 869 2227 icosabdron,
893 2154 1076 2216 Mercurium
1099 2158 1273 2218 octaedron.
1316 2158 1411 2217 Terra
1434 2174 1505 2217 vero
1529 2174 1595 2216 cnm
1619 2154 1693 2217 nihil
1716 2154 1758 2216 sit

394 2239 453 2301 nisi
484 2239 591 2313 limes,
624 2239 721 2300 neutri
752 2249 938 2304 accensetur.
987 2241 1089 2305 Solem
1118 2245 1210 2306 etiam
1239 2254 1270 2306 et
1298 2245 1416 2306 Lunam
1447 2244 1594 2323 astrologi
1624 2242 1756 2305 maximo

394 2326 555 2389 intervallo
579 2348 599 2387 a
618 2327 728 2388 ceteris
744 2328 870 2408 quinque
885 2330 1083 2410 distinguunt,
1108 2341 1142 2393 ut
1165 2333 1210 2394 ita
1231 2342 1299 2394 non¹
1314 2351 1390 2411 opus
1413 2332 1455 2393 sit
1477 2331 1594 2393 illorum
1617 2331 1666 2395 hic
1688 2349 1755 2393 me·

394 2414 533 2491 minisse,
558 2422 591 2476 et
613 2432 753 2475 numerus
778 2434 934 2495 corporum
959 2417 1082 2497 pulchre
1105 2439 1172 2482 cum
1196 2417 1216 2483 5
1239 2421 1372 2505 planetis
1396 2420 1566 2481 conveniat.

481 2500 602 2582 Jupiter
624 2502 718 2581 igitur
740 2503 769 2565 in
794 2504 892 2566 medio
920 2507 1122 2568 maleficarum
1152 2508 1301 2571 beneficus
1330 2509 1395 2588 ipse
1423 2507 1535 2570 multos
1565 2506 1595 2568 in
1620 2506 1754 2570 admira-

393 2591 505 2652 tionem
528 2591 645 2670 rapuit,
679 2600 711 2652 et
733 2592 939 2655 Ptolemaeum
967 2593 1059 2655 etiam
1088 2595 1128 2656 ad
1152 2614 1311 2659 causarum
1334 2596 1599 2676 investigationem
1623 2594 1755 2656 extimu-

393 2678 478 2741 lavit
495 2681 523 2754 ⁸)
568 2680 633 2740 Nos
661 2679 760 2740 simile
791 2681 862 2760 quid
890 2682 1025 2743 videmus
1053 2682 1083 2744 in
1111 2678 1285 2766 pyramide,
1318 2703 1395 2765 quae
1427 2684 1506 2747 inter
1538 2684 1595 2745 duo
1628 2700 1756 2762 corpora

390 2768 501 2847 partim
525 2774 671 2847 cognata,
695 2768 806 2847 partim
829 2769 1025 2832 abhorrentia
1046 2766 1175 2840 inuicem
1200 2774 1276 2836 adeo
1300 2775 1339 2836 ah
1364 2782 1490 2854 utroque
1518 2772 1689 2852 discrepat,
1720 2779 1755 2833 ut

392 2856 456 2916 fere
480 2855 517 2917 de
542 2855 607 2916 loeo
630 2854 818 2933 periclitetur
841 2857 871 2918 in
898 2858 1068 2921 ratiociniis
1092 2861 1305 2941 superioribus.
1352 2862 1454 2923 Trium
1477 2861 1661 2939 superiorum
1684 2860 1753 2942 qui-

391 2942 467 3005 libet
489 2963 556 3007 cum
579 2943 702 3023 reliquis
726 2943 850 3007 hostilia
873 2955 996 3009 exercet
1023 2948 1101 3009 odia.
1116 2946 1145 3024 b)
1192 2951 1301 3012 Tribus
1329 2951 1422 3013 etiam
1451 2966 1550 3011 eorum
1579 2948 1753 3029 corporibus

392 3031 465 3095 mhil
487 3032 609 3112 penitus
633 3033 774 3095 convenit
797 3052 912 3111 eorum,
938 3055 1014 3117 quae
1039 3046 1197 3116 apparent.
1244 3039 1328 3100 Mars
1352 3045 1543 3100 tamencum
1567 3036 1699 3100 Saturno
1723 3037 1752 3098 in

391 3121 459 3182 sola
481 3120 601 3184 malitia
623 3121 788 3199 conspirat.
835 3123 912 3185 Huic
936 3142 992 3203 ego
1016 3144 1158 3204 comparo
1182 3126 1418 3189 inconstantiam
1446 3126 1640 3206 angulorum,
1676 3144 1753 3207 qnae

390 3208 510 3271 illorum
532 3209 654 3289 propria
677 3216 709 3269 et
732 3211 895 3272 communis
920 3220 970 3272 est
993 3213 1121 3292 utrique.
1172 3213 1270 3292 igitur
1293 3214 1439 3276 bonitatis
1464 3224 1671 3294 argumentum
1695 3214 1753 3275 erit

391 3296 593 3369 contrarium,
628 3296 746 3357 scilicet
777 3297 931 3359 stabilitas
964 3300 1141 3378 angulorum
1170 3301 1199 3362 in
1228 3302 1302 3363 solis
1326 3301 1483 3364 lateribus.
1530 3302 1753 3382 Argumentum

390 3402 443 3444 cnr
465 3383 595 3462 Jupiter,
619 3382 725 3443 Venus
750 3391 781 3444 et
805 3384 973 3446 Mercurius
996 3386 1121 3448 benefici
1145 3387 1216 3449 sint.
1256 3387 1369 3464 Ochus,
1393 3388 1518 3451 Saturni
1542 3408 1661 3470 corpus,
1685 3409 1751 3452 mc-

390 3471 464 3532 titur
487 3471 587 3531 omnia
610 3469 727 3549 reliqua
750 3490 805 3531 sua
828 3473 1020 3549 rectitudine,
1045 3482 1075 3536 et
1098 3476 1223 3555 planeta
1245 3477 1311 3559 ipse
1334 3496 1491 3540 mensores
1513 3478 1621 3551 eflicit,
1646 3488 1752 3561 estque

391 3559 490 3638 quoad
513 3559 664 3637 ingenium
688 3557 813 3638 rigidus,
836 3560 911 3621 recti
935 3570 1047 3634 custos,
1070 3583 1108 3624 ne
1133 3564 1227 3627 latum
1248 3585 1377 3646 unguem
1400 3567 1520 3637 cedens,
1544 3566 1750 3643 inexorabilis,

389 3645 573 3708 inflexibilis.
621 3643 673 3707 Sic
696 3646 758 3709 fert
781 3648 882 3728 anguli
905 3650 1065 3714 rectitudo.
1458 3654 1461 3657 ’

479 3733 629 3814 cognatio
653 3734 882 3798 evidentissima
905 3738 1006 3801 estin
1030 3741 1163 3818 basibus,
1189 3761 1249 3822 qua
1272 3762 1340 3831 cum
1362 3732 1500 3824 Jupiter,
1521 3744 1637 3818 Venus,
1663 3743 1748 3805 Mer-

388 3822 488 3884 curius
512 3823 680 3901 (planetam
706 3823 772 3884 dico
795 3843 849 3906 pro
873 3829 1013 3906 corpore)
1038 3831 1145 3892 eadem
1168 3839 1307 3904 utantur,
1332 3851 1455 3895 causam
1478 3832 1623 3894 hahemus
1648 3851 1750 3894 eorum

389 3910 548 3986 amicitiae,
575 3919 608 3973 ut
631 3930 732 3990 supra.
780 3913 860 3976 Nam
884 3916 1039 3978 stabilitas
1062 3918 1144 3980 inest
1166 3920 1319 3998 triangulo
1341 3920 1478 3999 primurn.
1525 3919 1615 3982 Alter
1637 3921 1750 4000 gradus

388 4007 437 4059 est
460 4001 580 4079 planum
604 4018 753 4079 apparens
778 4022 845 4066 cunr
868 4005 978 4084 angulo
1005 4025 1059 4067 ceu
1082 4007 1234 4069 umbilico.
1273 4009 1320 4070 Ne
1343 4009 1483 4073 miremur
1506 4009 1598 4090 igitur
1621 4010 1749 4090 amplius

388 4088 495 4166 ecquid
519 4088 690 4150 delitiarum
714 4108 807 4169 penes
833 4093 937 4155 durum
962 4102 994 4155 et
1016 4094 1138 4175 igneum
1156 4095 1288 4158 Martem
1314 4098 1420 4175 lateat,
1444 4098 1530 4179 cujus
1554 4117 1646 4160 causa
1669 4097 1748 4159 deli-

387 4178 490 4237 catula
519 4176 623 4238 Venus
654 4179 755 4241 mariti
789 4181 935 4244 frustrata
967 4183 1134 4246 thalamum
1164 4204 1231 4246 cum
1260 4187 1361 4248 Marte
1392 4185 1621 4268 conspiraverit.
1668 4187 1749 4250 Nam

386 4263 497 4326 Martis
521 4265 774 4347 quinquangulum
805 4279 854 4332 est
882 4270 1065 4335 invenere.
1113 4270 1165 4335 Sic
1189 4272 1314 4336 Saturni
1343 4276 1581 4356 quadrangulum
1608 4276 1639 4337 in
1663 4276 1748 4338 Mer-

387 4353 468 4413 curio
492 4353 635 4417 conciliat
658 4357 779 4417 eosdem
803 4358 920 4439 utrique
945 4379 1052 4423 mores.
1098 4362 1218 4424 Tertius
1242 4363 1354 4443 gradus
1368 4369 1441 4440 est,
1471 4382 1538 4426 cum
1561 4363 1641 4425 idem
1664 4364 1748 4443 ejus·

387 4440 455 4501 dem
479 4440 507 4504 in
532 4442 648 4505 duobus
672 4452 720 4507 est
734 4446 782 4507 vel
798 4455 943 4526 apparet:
969 4457 1001 4511 et
1024 4458 1086 4511 tum
1110 4449 1170 4512 illis
1195 4452 1224 4512 iu
1249 4451 1350 4514 causis
1373 4453 1538 4514 communis
1562 4452 1649 4515 amici
1673 4471 1748 4514 cun·

386 4530 479 4591 venit.
523 4530 619 4610 Igitur
642 4532 671 4594 in
695 4533 785 4595 rebus
809 4535 906 4597 Joviis
931 4538 1071 4599 convenit
1095 4538 1208 4601 Veneri
1232 4559 1298 4602 cum
1321 4539 1482 4613 Mercurio,
1507 4542 1577 4622 quia
1600 4540 1747 4603 communi

383 4613 470 4678 Jovis
493 4626 619 4681 utuntur
642 4621 719 4684 basi.
766 4624 800 4684 In
825 4622 977 4687 Saturniis
1000 4627 1151 4690 consentit
1174 4628 1341 4690 Mercurius
1364 4648 1431 4690 cum
1454 4630 1555 4693 Marte
1577 4649 1745 4712 parumper,

384 4705 454 4784 quia
477 4706 507 4769 in
530 4708 584 4769 illo
602 4708 725 4772 Saturni
750 4714 938 4791 quadratum,
962 4714 992 4775 iu
1012 4715 1068 4776 hoo
1086 4722 1185 4777 tectus
1204 4716 1296 4778 cubus
1311 4724 1369 4778 est.
1403 4718 1543 4799 Apparet
1560 4719 1652 4781 etiam
1667 4720 1746 4794 hinc,

384 4811 437 4856 cur
460 4795 573 4857 Veneri
596 4816 663 4859 cum
685 4797 816 4862 Saturno
840 4803 922 4864 nulla
946 4803 1098 4881 cognatio,
1123 4813 1155 4865 et
1178 4824 1253 4884 quae
1277 4805 1451 4885 potissima,
1476 4817 1507 4869 et
1530 4827 1582 4870 cur
1604 4806 1747 4870 Mercurii

383 4885 527 4947 versatile
551 4885 702 4967 ingenium
726 4889 861 4952 omuibus
886 4898 1015 4972 quatuor
1038 4911 1105 4954 sese
1129 4892 1275 4974 applicet,
1301 4894 1452 4959 minimum
1476 4904 1578 4959 tamen
1599 4894 1703 4961 Marti.
