<?xml version="1.0" encoding="UTF-8"?>
<!DOCTYPE html PUBLIC "-//W3C//DTD XHTML 1.0 Transitional//EN"
    "http://www.w3.org/TR/xhtml1/DTD/xhtml1-transitional.dtd">
<html xmlns="http://www.w3.org/1999/xhtml" xml:lang="en" lang="en">
 <head>
  <title>
</title>
<meta http-equiv="Content-Type" content="text/html;charset=utf-8" />
  <meta name='ocr-system' content='tesseract 3.04.00' />
  <meta name='ocr-capabilities' content='ocr_page ocr_carea ocr_par ocr_line ocrx_word'/>
</head>
<body>
  <div class='ocr_page' id='page_1' title='image "./joanniskepleria27frisgoog_0046.png"; bbox 0 0 3786 5808; ppageno 0'>
   <div class='ocr_carea' id='block_1_1' title="bbox 722 432 1478 502">
    <p class='ocr_par' dir='ltr' id='par_1_1' title="bbox 722 432 1478 502">
     <span class='ocr_line' id='line_1_1' title="bbox 722 432 1478 502; baseline -0.001 1"><span class='ocrx_word' id='word_1_1' title='bbox 722 434 882 487; x_wconf 65' lang='lat' dir='ltr'><strong>mmmm</strong></span> <span class='ocrx_word' id='word_1_2' title='bbox 1261 486 1263 489; x_wconf 26' lang='grc' dir='ltr'>ψ</span> <span class='ocrx_word' id='word_1_3' title='bbox 1439 432 1478 502; x_wconf 79' lang='lat' dir='ltr'><strong>lt</strong></span> 
     </span>
    </p>
   </div>
   <div class='ocr_carea' id='block_1_2' title="bbox 84 591 1480 2192">
    <p class='ocr_par' dir='ltr' id='par_1_2' title="bbox 120 591 1479 765">
     <span class='ocr_line' id='line_1_2' title="bbox 120 591 1479 675; baseline 0.007 -23"><span class='ocrx_word' id='word_1_4' title='bbox 120 592 159 653; x_wconf 92' lang='lat' dir='ltr'><strong>de</strong></span> <span class='ocrx_word' id='word_1_5' title='bbox 183 591 381 655; x_wconf 82' lang='lat' dir='ltr'><strong>latitudinum</strong></span> <span class='ocrx_word' id='word_1_6' title='bbox 402 593 552 657; x_wconf 82' lang='lat' dir='ltr'><strong>varietate</strong></span> <span class='ocrx_word' id='word_1_7' title='bbox 574 595 747 675; x_wconf 80' lang='lat' dir='ltr'><strong>cogitandi:</strong></span> <span class='ocrx_word' id='word_1_8' title='bbox 776 597 856 659; x_wconf 89' lang='lat' dir='ltr'><strong>sicut</strong></span> <span class='ocrx_word' id='word_1_9' title='bbox 877 597 1011 660; x_wconf 82' lang='lat' dir='ltr'><strong>videmus</strong></span> <span class='ocrx_word' id='word_1_10' title='bbox 1035 596 1197 660; x_wconf 73' lang='lat' dir='ltr'><strong>octaedrou</strong></span> <span class='ocrx_word' id='word_1_11' title='bbox 1220 597 1369 662; x_wconf 73' lang='lat' dir='ltr'>Mercurio</span> <span class='ocrx_word' id='word_1_12' title='bbox 1392 598 1479 661; x_wconf 85' lang='lat' dir='ltr'><strong>unius</strong></span> 
     </span>
     <span class='ocr_line' id='line_1_3' title="bbox 121 682 767 765; baseline 0.006 -22"><span class='ocrx_word' id='word_1_13' title='bbox 121 682 362 745; x_wconf 85' lang='lat' dir='ltr'><strong>eccentricitatis</strong></span> <span class='ocrx_word' id='word_1_14' title='bbox 385 683 501 745; x_wconf 91' lang='lat' dir='ltr'><strong>modum</strong></span> <span class='ocrx_word' id='word_1_15' title='bbox 524 685 767 765; x_wconf 80' lang='lat' dir='ltr'><strong>praescripsisse.</strong></span> 
     </span>
    </p>

    <p class='ocr_par' dir='ltr' id='par_1_3' title="bbox 84 720 1480 1475">
     <span class='ocr_line' id='line_1_4' title="bbox 212 720 1480 855; baseline 0.006 -23"><span class='ocrx_word' id='word_1_16' title='bbox 212 770 307 832; x_wconf 91' lang='lat' dir='ltr'><strong>Porro</strong></span> <span class='ocrx_word' id='word_1_17' title='bbox 331 773 369 833; x_wconf 92' lang='lat' dir='ltr'><strong>de</strong></span> <span class='ocrx_word' id='word_1_18' title='bbox 392 772 493 835; x_wconf 89' lang='lat' dir='ltr'><strong>Luna</strong></span> <span class='ocrx_word' id='word_1_19' title='bbox 515 773 630 854; x_wconf 86' lang='lat' dir='ltr'>pridem</span> <span class='ocrx_word' id='word_1_20' title='bbox 652 782 770 855; x_wconf 87' lang='lat' dir='ltr'><strong>tempus</strong></span> <span class='ocrx_word' id='word_1_21' title='bbox 793 782 850 849; x_wconf 91' lang='lat' dir='ltr'><strong>est,</strong></span> <span class='ocrx_word' id='word_1_22' title='bbox 875 781 910 835; x_wconf 90' lang='lat' dir='ltr'><strong>ut</strong></span> <span class='ocrx_word' id='word_1_23' title='bbox 932 772 1044 854; x_wconf 90' lang='lat' dir='ltr'><strong>aliquid</strong></span> <span class='ocrx_word' id='word_1_24' title='bbox 1069 774 1176 836; x_wconf 87' lang='lat' dir='ltr'><strong>dicam</strong></span> <span class='ocrx_word' id='word_1_25' title='bbox 1218 773 1298 837; x_wconf 88' lang='lat' dir='ltr'><strong>Nam</strong></span> <span class='ocrx_word' id='word_1_26' title='bbox 1321 720 1480 839; x_wconf 88' lang='lat' dir='ltr'><strong>concordia</strong></span> 
     </span>
     <span class='ocr_line' id='line_1_5' title="bbox 121 859 1477 943; baseline 0.007 -24"><span class='ocrx_word' id='word_1_27' title='bbox 121 859 255 921; x_wconf 86' lang='lat' dir='ltr'><strong>Veneris</strong></span> <span class='ocrx_word' id='word_1_28' title='bbox 278 879 345 922; x_wconf 89' lang='lat' dir='ltr'><strong>cum</strong></span> <span class='ocrx_word' id='word_1_29' title='bbox 369 862 415 923; x_wconf 89' lang='lat' dir='ltr'><strong>sni</strong></span> <span class='ocrx_word' id='word_1_30' title='bbox 438 862 570 941; x_wconf 89' lang='lat' dir='ltr'><strong>corporis</strong></span> <span class='ocrx_word' id='word_1_31' title='bbox 594 863 777 925; x_wconf 83' lang='lat' dir='ltr'><strong>dimensione</strong></span> <span class='ocrx_word' id='word_1_32' title='bbox 801 863 914 943; x_wconf 81' lang='lat' dir='ltr'><strong>arguit,</strong></span> <span class='ocrx_word' id='word_1_33' title='bbox 946 864 1023 924; x_wconf 88' lang='lat' dir='ltr'><strong>hanc</strong></span> <span class='ocrx_word' id='word_1_34' title='bbox 1052 863 1265 925; x_wconf 86' lang='lat' dir='ltr'><strong>dimensionem</strong></span> <span class='ocrx_word' id='word_1_35' title='bbox 1289 864 1327 926; x_wconf 89' lang='lat' dir='ltr'><strong>ad</strong></span> <span class='ocrx_word' id='word_1_36' title='bbox 1351 866 1477 942; x_wconf 86' lang='lat' dir='ltr'><strong>Lunam,</strong></span> 
     </span>
     <span class='ocr_line' id='line_1_6' title="bbox 84 946 1478 1031; baseline 0.005 -21"><span class='ocrx_word' id='word_1_37' title='bbox 84 946 87 953; x_wconf 75' lang='grc'>’</span> <span class='ocrx_word' id='word_1_38' title='bbox 120 967 200 1028; x_wconf 87' lang='lat' dir='ltr'><strong>quae</strong></span> <span class='ocrx_word' id='word_1_39' title='bbox 223 948 348 1011; x_wconf 84' lang='lat' dir='ltr'><strong>Terram</strong></span> <span class='ocrx_word' id='word_1_40' title='bbox 371 950 474 1026; x_wconf 87' lang='lat' dir='ltr'><strong>ambit,</strong></span> <span class='ocrx_word' id='word_1_41' title='bbox 499 951 539 1013; x_wconf 93' lang='lat' dir='ltr'><strong>nil</strong></span> <span class='ocrx_word' id='word_1_42' title='bbox 562 951 729 1031; x_wconf 88' lang='lat' dir='ltr'><strong>pertinere:</strong></span> <span class='ocrx_word' id='word_1_43' title='bbox 753 952 811 1014; x_wconf 89' lang='lat' dir='ltr'><strong>uisi</strong></span> <span class='ocrx_word' id='word_1_44' title='bbox 834 952 960 1015; x_wconf 87' lang='lat' dir='ltr'><strong>velimus</strong></span> <span class='ocrx_word' id='word_1_45' title='bbox 979 971 1036 1013; x_wconf 90' lang='lat' dir='ltr'><strong>uon</strong></span> <span class='ocrx_word' id='word_1_46' title='bbox 1052 952 1182 1014; x_wconf 88' lang='lat' dir='ltr'><strong>Martem</strong></span> <span class='ocrx_word' id='word_1_47' title='bbox 1196 953 1317 1030; x_wconf 89' lang='lat' dir='ltr'><strong>Terrae,</strong></span> <span class='ocrx_word' id='word_1_48' title='bbox 1342 955 1396 1016; x_wconf 89' lang='lat' dir='ltr'><strong>sed</strong></span> <span class='ocrx_word' id='word_1_49' title='bbox 1412 975 1478 1018; x_wconf 92' lang='lat' dir='ltr'><strong>me-</strong></span> 
     </span>
     <span class='ocr_line' id='line_1_7' title="bbox 120 1037 1479 1122; baseline 0.006 -24"><span class='ocrx_word' id='word_1_50' title='bbox 120 1037 205 1099; x_wconf 88' lang='lat' dir='ltr'><strong>diam</strong></span> <span class='ocrx_word' id='word_1_51' title='bbox 228 1037 340 1101; x_wconf 89' lang='lat' dir='ltr'><strong>Terrae</strong></span> <span class='ocrx_word' id='word_1_52' title='bbox 363 1039 538 1102; x_wconf 75' lang='lat' dir='ltr'><strong>distendam</strong></span> <span class='ocrx_word' id='word_1_53' title='bbox 560 1038 654 1102; x_wconf 85' lang='lat' dir='ltr'><strong>Marti</strong></span> <span class='ocrx_word' id='word_1_54' title='bbox 685 1042 808 1122; x_wconf 91' lang='lat' dir='ltr'><strong>propius</strong></span> <span class='ocrx_word' id='word_1_55' title='bbox 841 1041 1020 1115; x_wconf 81' lang='lat' dir='ltr'><strong>admovere,</strong></span> <span class='ocrx_word' id='word_1_56' title='bbox 1054 1049 1087 1102; x_wconf 90' lang='lat' dir='ltr'><strong>nt</strong></span> <span class='ocrx_word' id='word_1_57' title='bbox 1119 1042 1224 1104; x_wconf 90' lang='lat' dir='ltr'><strong>Lunae</strong></span> <span class='ocrx_word' id='word_1_58' title='bbox 1252 1042 1333 1105; x_wconf 87' lang='lat' dir='ltr'><strong>circa</strong></span> <span class='ocrx_word' id='word_1_59' title='bbox 1356 1043 1479 1106; x_wconf 78' lang='lat' dir='ltr'><strong>Terram</strong></span> 
     </span>
     <span class='ocr_line' id='line_1_8' title="bbox 120 1127 1477 1215; baseline 0.006 -28"><span class='ocrx_word' id='word_1_60' title='bbox 120 1127 263 1207; x_wconf 75' lang='lat' dir='ltr'><strong>ubisque</strong></span> <span class='ocrx_word' id='word_1_61' title='bbox 286 1128 423 1208; x_wconf 84' lang='lat' dir='ltr'><strong>aequalis</strong></span> <span class='ocrx_word' id='word_1_62' title='bbox 446 1131 668 1215; x_wconf 25' lang='lat' dir='ltr'><strong>pateretliuter</strong></span> <span class='ocrx_word' id='word_1_63' title='bbox 690 1131 897 1212; x_wconf 79' lang='lat' dir='ltr'><strong>proportiones</strong></span> <span class='ocrx_word' id='word_1_64' title='bbox 920 1131 1075 1193; x_wconf 89' lang='lat' dir='ltr'><strong>transitus.</strong></span> <span class='ocrx_word' id='word_1_65' title='bbox 1111 1131 1227 1193; x_wconf 89' lang='lat' dir='ltr'><strong>Vemm</strong></span> <span class='ocrx_word' id='word_1_66' title='bbox 1246 1149 1283 1192; x_wconf 86' lang='lat' dir='ltr'><strong>ex</strong></span> <span class='ocrx_word' id='word_1_67' title='bbox 1297 1131 1353 1194; x_wconf 88' lang='lat' dir='ltr'><strong>hoc</strong></span> <span class='ocrx_word' id='word_1_68' title='bbox 1368 1151 1477 1213; x_wconf 91' lang='lat' dir='ltr'><strong>seque-</strong></span> 
     </span>
     <span class='ocr_line' id='line_1_9' title="bbox 119 1215 1479 1301; baseline 0.005 -24"><span class='ocrx_word' id='word_1_69' title='bbox 119 1222 207 1277; x_wconf 83' lang='lat' dir='ltr'><strong>retur</strong></span> <span class='ocrx_word' id='word_1_70' title='bbox 228 1215 339 1278; x_wconf 83' lang='lat' dir='ltr'><strong>Martie</strong></span> <span class='ocrx_word' id='word_1_71' title='bbox 363 1226 395 1278; x_wconf 90' lang='lat' dir='ltr'><strong>et</strong></span> <span class='ocrx_word' id='word_1_72' title='bbox 415 1218 502 1280; x_wconf 84' lang='lat' dir='ltr'><strong>Jovis</strong></span> <span class='ocrx_word' id='word_1_73' title='bbox 525 1219 613 1300; x_wconf 79' lang='lat' dir='ltr'><strong>louge</strong></span> <span class='ocrx_word' id='word_1_74' title='bbox 637 1220 731 1300; x_wconf 88' lang='lat' dir='ltr'><strong>major</strong></span> <span class='ocrx_word' id='word_1_75' title='bbox 753 1219 936 1301; x_wconf 81' lang='lat' dir='ltr'><strong>parallaxis,</strong></span> <span class='ocrx_word' id='word_1_76' title='bbox 968 1238 1043 1300; x_wconf 88' lang='lat' dir='ltr'><strong>quae</strong></span> <span class='ocrx_word' id='word_1_77' title='bbox 1065 1219 1131 1300; x_wconf 89' lang='lat' dir='ltr'><strong>jam</strong></span> <span class='ocrx_word' id='word_1_78' title='bbox 1155 1227 1246 1282; x_wconf 90' lang='lat' dir='ltr'><strong>antea</strong></span> <span class='ocrx_word' id='word_1_79' title='bbox 1268 1220 1479 1300; x_wconf 77' lang='lat' dir='ltr'><strong>grandiuscula</strong></span> 
     </span>
     <span class='ocr_line' id='line_1_10' title="bbox 120 1303 1477 1392; baseline 0.006 -27"><span class='ocrx_word' id='word_1_80' title='bbox 120 1314 182 1366; x_wconf 78' lang='lat' dir='ltr'><strong>est</strong></span> <span class='ocrx_word' id='word_1_81' title='bbox 227 1303 378 1368; x_wconf 81' lang='lat' dir='ltr'><strong>Mercurio</strong></span> <span class='ocrx_word' id='word_1_82' title='bbox 401 1325 482 1383; x_wconf 85' lang='lat' dir='ltr'><strong>vero,</strong></span> <span class='ocrx_word' id='word_1_83' title='bbox 506 1308 557 1388; x_wconf 89' lang='lat' dir='ltr'><strong>qni</strong></span> <span class='ocrx_word' id='word_1_84' title='bbox 578 1308 675 1371; x_wconf 90' lang='lat' dir='ltr'><strong>minus</strong></span> <span class='ocrx_word' id='word_1_85' title='bbox 698 1310 778 1389; x_wconf 89' lang='lat' dir='ltr'><strong>justo</strong></span> <span class='ocrx_word' id='word_1_86' title='bbox 800 1309 962 1372; x_wconf 87' lang='lat' dir='ltr'><strong>etVeneri</strong></span> <span class='ocrx_word' id='word_1_87' title='bbox 985 1327 1061 1390; x_wconf 87' lang='lat' dir='ltr'><strong>qnae</strong></span> <span class='ocrx_word' id='word_1_88' title='bbox 1085 1309 1161 1371; x_wconf 88' lang='lat' dir='ltr'><strong>satis</strong></span> <span class='ocrx_word' id='word_1_89' title='bbox 1185 1308 1327 1379; x_wconf 86' lang='lat' dir='ltr'><strong>habebat,</strong></span> <span class='ocrx_word' id='word_1_90' title='bbox 1351 1311 1477 1392; x_wconf 89' lang='lat' dir='ltr'><strong>amplius</strong></span> 
     </span>
     <span class='ocr_line' id='line_1_11' title="bbox 120 1394 588 1475; baseline 0.009 -19"><span class='ocrx_word' id='word_1_91' title='bbox 120 1394 196 1475; x_wconf 85' lang='lat' dir='ltr'><strong>quid</strong></span> <span class='ocrx_word' id='word_1_92' title='bbox 219 1394 276 1455; x_wconf 89' lang='lat' dir='ltr'><strong>hoc</strong></span> <span class='ocrx_word' id='word_1_93' title='bbox 298 1395 387 1456; x_wconf 91' lang='lat' dir='ltr'><strong>modo</strong></span> <span class='ocrx_word' id='word_1_94' title='bbox 410 1396 588 1460; x_wconf 90' lang='lat' dir='ltr'><strong>demeretur.</strong></span> 
     </span>
    </p>

    <p class='ocr_par' dir='ltr' id='par_1_4' title="bbox 121 1482 1477 1657">
     <span class='ocr_line' id='line_1_12' title="bbox 199 1482 1477 1570; baseline 0.005 -25"><span class='ocrx_word' id='word_1_95' title='bbox 199 1482 276 1545; x_wconf 77' lang='lat' dir='ltr'><strong>‘Sed</strong></span> <span class='ocrx_word' id='word_1_96' title='bbox 300 1484 372 1564; x_wconf 89' lang='lat' dir='ltr'><strong>quid</strong></span> <span class='ocrx_word' id='word_1_97' title='bbox 394 1485 505 1547; x_wconf 77' lang='lat' dir='ltr'><strong>attinet</strong></span> <span class='ocrx_word' id='word_1_98' title='bbox 528 1486 631 1548; x_wconf 89' lang='lat' dir='ltr'><strong>Lunae</strong></span> <span class='ocrx_word' id='word_1_99' title='bbox 655 1486 802 1548; x_wconf 88' lang='lat' dir='ltr'><strong>rationem</strong></span> <span class='ocrx_word' id='word_1_100' title='bbox 823 1486 945 1570; x_wconf 81' lang='lat' dir='ltr'><strong>habere,</strong></span> <span class='ocrx_word' id='word_1_101' title='bbox 970 1505 1037 1548; x_wconf 91' lang='lat' dir='ltr'><strong>cum</strong></span> <span class='ocrx_word' id='word_1_102' title='bbox 1060 1485 1114 1548; x_wconf 88' lang='lat' dir='ltr'><strong>illa</strong></span> <span class='ocrx_word' id='word_1_103' title='bbox 1136 1504 1194 1549; x_wconf 89' lang='lat' dir='ltr'><strong>nou</strong></span> <span class='ocrx_word' id='word_1_104' title='bbox 1218 1486 1258 1548; x_wconf 89' lang='lat' dir='ltr'><strong>ad</strong></span> <span class='ocrx_word' id='word_1_105' title='bbox 1281 1487 1383 1552; x_wconf 91' lang='lat' dir='ltr'><strong>orbem</strong></span> <span class='ocrx_word' id='word_1_106' title='bbox 1399 1489 1477 1551; x_wconf 92' lang='lat' dir='ltr'><strong>Ter-</strong></span> 
     </span>
     <span class='ocr_line' id='line_1_13' title="bbox 121 1575 1153 1657; baseline 0.001 -22"><span class='ocrx_word' id='word_1_107' title='bbox 121 1592 194 1647; x_wconf 82' lang='lat' dir='ltr'><strong>rae,</strong></span> <span class='ocrx_word' id='word_1_108' title='bbox 217 1579 252 1634; x_wconf 89' lang='lat' dir='ltr'><strong>ut</strong></span> <span class='ocrx_word' id='word_1_109' title='bbox 274 1581 441 1636; x_wconf 89' lang='lat' dir='ltr'><strong>ceterorum</strong></span> <span class='ocrx_word' id='word_1_110' title='bbox 462 1575 651 1654; x_wconf 89' lang='lat' dir='ltr'><strong>planetarum</strong></span> <span class='ocrx_word' id='word_1_111' title='bbox 674 1575 828 1657; x_wconf 77' lang='lat' dir='ltr'><strong>epinyctis,</strong></span> <span class='ocrx_word' id='word_1_112' title='bbox 852 1575 971 1656; x_wconf 90' lang='lat' dir='ltr'><strong>proprie</strong></span> <span class='ocrx_word' id='word_1_113' title='bbox 993 1576 1153 1654; x_wconf 90' lang='lat' dir='ltr'><strong>pertineat.</strong></span> 
     </span>
    </p>

    <p class='ocr_par' dir='ltr' id='par_1_5' title="bbox 121 1661 1480 2192">
     <span class='ocr_line' id='line_1_14' title="bbox 215 1661 1475 1745; baseline 0.003 -22"><span class='ocrx_word' id='word_1_114' title='bbox 215 1661 339 1724; x_wconf 87' lang='lat' dir='ltr'><strong>Terram</strong></span> <span class='ocrx_word' id='word_1_115' title='bbox 362 1663 439 1724; x_wconf 86' lang='lat' dir='ltr'><strong>enim</strong></span> <span class='ocrx_word' id='word_1_116' title='bbox 463 1666 673 1745; x_wconf 62' lang='lat' dir='ltr'><strong>carroperae</strong></span> <span class='ocrx_word' id='word_1_117' title='bbox 696 1673 815 1726; x_wconf 90' lang='lat' dir='ltr'><strong>creator</strong></span> <span class='ocrx_word' id='word_1_118' title='bbox 837 1664 908 1727; x_wconf 90' lang='lat' dir='ltr'><strong>orbe</strong></span> <span class='ocrx_word' id='word_1_119' title='bbox 922 1664 1035 1726; x_wconf 89' lang='lat' dir='ltr'><strong>Lunari</strong></span> <span class='ocrx_word' id='word_1_120' title='bbox 1054 1663 1158 1726; x_wconf 89' lang='lat' dir='ltr'><strong>ultimo</strong></span> <span class='ocrx_word' id='word_1_121' title='bbox 1172 1663 1333 1727; x_wconf 83' lang='lat' dir='ltr'><strong>vestivisse</strong></span> <span class='ocrx_word' id='word_1_122' title='bbox 1348 1664 1475 1743; x_wconf 89' lang='lat' dir='ltr'><strong>videtur,</strong></span> 
     </span>
     <span class='ocr_line' id='line_1_15' title="bbox 127 1750 1480 1834; baseline 0.003 -22"><span class='ocrx_word' id='word_1_123' title='bbox 127 1750 200 1832; x_wconf 81' lang='lat' dir='ltr'><strong>quia</strong></span> <span class='ocrx_word' id='word_1_124' title='bbox 228 1771 291 1813; x_wconf 87' lang='lat' dir='ltr'><strong>eam</strong></span> <span class='ocrx_word' id='word_1_125' title='bbox 318 1752 441 1815; x_wconf 85' lang='lat' dir='ltr'><strong>volebat</strong></span> <span class='ocrx_word' id='word_1_126' title='bbox 465 1753 561 1815; x_wconf 89' lang='lat' dir='ltr'><strong>instar</strong></span> <span class='ocrx_word' id='word_1_127' title='bbox 584 1752 664 1817; x_wconf 89' lang='lat' dir='ltr'><strong>Solis</strong></span> <span class='ocrx_word' id='word_1_128' title='bbox 687 1773 769 1829; x_wconf 88' lang='lat' dir='ltr'><strong>esse,</strong></span> <span class='ocrx_word' id='word_1_129' title='bbox 800 1762 834 1817; x_wconf 92' lang='lat' dir='ltr'><strong>ut</strong></span> <span class='ocrx_word' id='word_1_130' title='bbox 856 1761 888 1815; x_wconf 91' lang='lat' dir='ltr'><strong>et</strong></span> <span class='ocrx_word' id='word_1_131' title='bbox 909 1753 978 1834; x_wconf 87' lang='lat' dir='ltr'><strong>ipsa</strong></span> <span class='ocrx_word' id='word_1_132' title='bbox 1001 1753 1173 1815; x_wconf 79' lang='lat' dir='ltr'><strong>ambiretur.</strong></span> <span class='ocrx_word' id='word_1_133' title='bbox 1220 1754 1406 1834; x_wconf 81' lang='lat' dir='ltr'><strong>Argumento</strong></span> <span class='ocrx_word' id='word_1_134' title='bbox 1430 1762 1480 1817; x_wconf 87' lang='lat' dir='ltr'><strong>est</strong></span> 
     </span>
     <span class='ocr_line' id='line_1_16' title="bbox 125 1841 1478 1922; baseline 0.002 -20"><span class='ocrx_word' id='word_1_135' title='bbox 125 1841 277 1922; x_wconf 86' lang='lat' dir='ltr'><strong>proportio</strong></span> <span class='ocrx_word' id='word_1_136' title='bbox 301 1841 419 1903; x_wconf 88' lang='lat' dir='ltr'><strong>mediae</strong></span> <span class='ocrx_word' id='word_1_137' title='bbox 442 1842 608 1904; x_wconf 89' lang='lat' dir='ltr'><strong>distantiae</strong></span> <span class='ocrx_word' id='word_1_138' title='bbox 623 1843 727 1907; x_wconf 90' lang='lat' dir='ltr'><strong>Lunae</strong></span> <span class='ocrx_word' id='word_1_139' title='bbox 751 1863 769 1903; x_wconf 87' lang='lat' dir='ltr'><strong>a</strong></span> <span class='ocrx_word' id='word_1_140' title='bbox 792 1851 894 1906; x_wconf 86' lang='lat' dir='ltr'><strong>centm</strong></span> <span class='ocrx_word' id='word_1_141' title='bbox 909 1841 1021 1904; x_wconf 87' lang='lat' dir='ltr'><strong>Terrae</strong></span> <span class='ocrx_word' id='word_1_142' title='bbox 1040 1842 1078 1903; x_wconf 88' lang='lat' dir='ltr'><strong>ad</strong></span> <span class='ocrx_word' id='word_1_143' title='bbox 1099 1842 1351 1905; x_wconf 89' lang='lat' dir='ltr'><strong>semidiametmm</strong></span> <span class='ocrx_word' id='word_1_144' title='bbox 1367 1843 1478 1907; x_wconf 83' lang='lat' dir='ltr'><strong>Terrae</strong></span> 
     </span>
     <span class='ocr_line' id='line_1_17' title="bbox 123 1929 1478 2011; baseline 0.002 -20"><span class='ocrx_word' id='word_1_145' title='bbox 123 1929 231 1991; x_wconf 87' lang='lat' dir='ltr'><strong>eadem</strong></span> <span class='ocrx_word' id='word_1_146' title='bbox 254 1931 337 2006; x_wconf 83' lang='lat' dir='ltr'><strong>iere,</strong></span> <span class='ocrx_word' id='word_1_147' title='bbox 362 1947 438 2011; x_wconf 84' lang='lat' dir='ltr'><strong>qnae</strong></span> <span class='ocrx_word' id='word_1_148' title='bbox 460 1931 577 1993; x_wconf 90' lang='lat' dir='ltr'><strong>mediae</strong></span> <span class='ocrx_word' id='word_1_149' title='bbox 600 1931 763 1994; x_wconf 75' lang='lat' dir='ltr'><strong>distantiae</strong></span> <span class='ocrx_word' id='word_1_150' title='bbox 787 1932 927 1995; x_wconf 85' lang='lat' dir='ltr'><strong>Mercurii</strong></span> <span class='ocrx_word' id='word_1_151' title='bbox 951 1952 970 1993; x_wconf 92' lang='lat' dir='ltr'><strong>a</strong></span> <span class='ocrx_word' id='word_1_152' title='bbox 992 1940 1094 1994; x_wconf 89' lang='lat' dir='ltr'><strong>centro</strong></span> <span class='ocrx_word' id='word_1_153' title='bbox 1118 1929 1204 2001; x_wconf 78' lang='lat' dir='ltr'><strong>Solis¹</strong></span> <span class='ocrx_word' id='word_1_154' title='bbox 1223 1932 1261 1993; x_wconf 84' lang='lat' dir='ltr'><strong>ad</strong></span> <span class='ocrx_word' id='word_1_155' title='bbox 1286 1932 1478 1994; x_wconf 87' lang='lat' dir='ltr'><strong>semidiame-</strong></span> 
     </span>
     <span class='ocr_line' id='line_1_18' title="bbox 121 2017 1476 2097; baseline 0.001 -16"><span class='ocrx_word' id='word_1_156' title='bbox 121 2028 203 2081; x_wconf 87' lang='lat' dir='ltr'><strong>trum</strong></span> <span class='ocrx_word' id='word_1_157' title='bbox 227 2017 320 2081; x_wconf 86' lang='lat' dir='ltr'><strong>Solis.</strong></span> <span class='ocrx_word' id='word_1_158' title='bbox 366 2020 444 2082; x_wconf 90' lang='lat' dir='ltr'><strong>Nam</strong></span> <span class='ocrx_word' id='word_1_159' title='bbox 468 2021 494 2083; x_wconf 89' lang='lat' dir='ltr'><strong>si</strong></span> <span class='ocrx_word' id='word_1_160' title='bbox 517 2022 683 2083; x_wconf 89' lang='lat' dir='ltr'><strong>Mercurius</strong></span> <span class='ocrx_word' id='word_1_161' title='bbox 707 2021 746 2082; x_wconf 86' lang='lat' dir='ltr'><strong>ad</strong></span> <span class='ocrx_word' id='word_1_162' title='bbox 769 2020 873 2084; x_wconf 91' lang='lat' dir='ltr'><strong>Solem</strong></span> <span class='ocrx_word' id='word_1_163' title='bbox 905 2029 988 2084; x_wconf 89' lang='lat' dir='ltr'><strong>esset</strong></span> <span class='ocrx_word' id='word_1_164' title='bbox 1019 2028 1054 2081; x_wconf 92' lang='lat' dir='ltr'><strong>ut</strong></span> <span class='ocrx_word' id='word_1_165' title='bbox 1081 2021 1169 2083; x_wconf 88' lang='lat' dir='ltr'><strong>Luna</strong></span> <span class='ocrx_word' id='word_1_166' title='bbox 1198 2028 1250 2083; x_wconf 92' lang='lat' dir='ltr'><strong>est</strong></span> <span class='ocrx_word' id='word_1_167' title='bbox 1274 2021 1313 2084; x_wconf 86' lang='lat' dir='ltr'><strong>ad</strong></span> <span class='ocrx_word' id='word_1_168' title='bbox 1343 2022 1476 2097; x_wconf 80' lang='lat' dir='ltr'><strong>Terram,</strong></span> 
     </span>
     <span class='ocr_line' id='line_1_19' title="bbox 121 2104 1477 2192; baseline 0.004 -23"><span class='ocrx_word' id='word_1_169' title='bbox 121 2106 256 2170; x_wconf 83' lang='lat' dir='ltr'><strong>distaret</strong></span> <span class='ocrx_word' id='word_1_170' title='bbox 286 2104 352 2172; x_wconf 70' lang='lat'><strong>435</strong></span> <span class='ocrx_word' id='word_1_171' title='bbox 385 2109 616 2172; x_wconf 88' lang='lat' dir='ltr'><strong>semidiametrie</strong></span> <span class='ocrx_word' id='word_1_172' title='bbox 644 2110 764 2173; x_wconf 89' lang='lat' dir='ltr'><strong>Terrae.</strong></span> <span class='ocrx_word' id='word_1_173' title='bbox 812 2108 996 2192; x_wconf 85' lang='lat' dir='ltr'><strong>Copemicos</strong></span> <span class='ocrx_word' id='word_1_174' title='bbox 1028 2111 1118 2190; x_wconf 89' lang='lat' dir='ltr'><strong>paulo</strong></span> <span class='ocrx_word' id='word_1_175' title='bbox 1151 2110 1218 2190; x_wconf 92' lang='lat' dir='ltr'><strong>plus</strong></span> <span class='ocrx_word' id='word_1_176' title='bbox 1245 2119 1401 2188; x_wconf 90' lang='lat' dir='ltr'><strong>numerat,</strong></span> <span class='ocrx_word' id='word_1_177' title='bbox 1434 2131 1477 2175; x_wconf 88' lang='lat' dir='ltr'><strong>sc.</strong></span> 
     </span>
    </p>
   </div>
   <div class='ocr_carea' id='block_1_3' title="bbox 10 2192 1287 2295">
    <p class='ocr_par' dir='ltr' id='par_1_6' title="bbox 10 2192 1287 2295">
     <span class='ocr_line' id='line_1_20' title="bbox 10 2192 1287 2295; baseline 0.001 -35"><span class='ocrx_word' id='word_1_178' title='bbox 10 2280 12 2295; x_wconf 35' lang='grc' dir='ltr'>Ι</span> <span class='ocrx_word' id='word_1_179' title='bbox 123 2193 187 2260; x_wconf 74' lang='lat' dir='ltr'><strong>tet</strong></span> <span class='ocrx_word' id='word_1_180' title='bbox 202 2192 250 2280; x_wconf 62' lang='lat'><strong>¹1„</strong></span> <span class='ocrx_word' id='word_1_181' title='bbox 275 2197 341 2278; x_wconf 90' lang='lat' dir='ltr'><strong>quis</strong></span> <span class='ocrx_word' id='word_1_182' title='bbox 364 2199 432 2272; x_wconf 86' lang='lat' dir='ltr'><strong>ecit,</strong></span> <span class='ocrx_word' id='word_1_183' title='bbox 457 2218 546 2279; x_wconf 87' lang='lat' dir='ltr'><strong>quam</strong></span> <span class='ocrx_word' id='word_1_184' title='bbox 568 2199 663 2261; x_wconf 82' lang='lat' dir='ltr'><strong>vere?</strong></span> <span class='ocrx_word' id='word_1_185' title='bbox 685 2200 812 2262; x_wconf 86' lang='lat' dir='ltr'><strong>Inferius</strong></span> <span class='ocrx_word' id='word_1_186' title='bbox 836 2208 970 2262; x_wconf 82' lang='lat' dir='ltr'><strong>correcto</strong></span> <span class='ocrx_word' id='word_1_187' title='bbox 993 2200 1082 2261; x_wconf 90' lang='lat' dir='ltr'><strong>modo</strong></span> <span class='ocrx_word' id='word_1_188' title='bbox 1106 2207 1192 2261; x_wconf 91' lang='lat' dir='ltr'><strong>erunt</strong></span> <span class='ocrx_word' id='word_1_189' title='bbox 1214 2195 1287 2264; x_wconf 82' lang='grc'>441.</span> 
     </span>
    </p>
   </div>
   <div class='ocr_carea' id='block_1_4' title="bbox 121 2287 1546 4225">
    <p class='ocr_par' dir='ltr' id='par_1_7' title="bbox 121 2287 1481 3260">
     <span class='ocr_line' id='line_1_21' title="bbox 213 2287 1480 2369; baseline 0.003 -21"><span class='ocrx_word' id='word_1_190' title='bbox 213 2287 321 2368; x_wconf 87' lang='lat' dir='ltr'><strong>Neque</strong></span> <span class='ocrx_word' id='word_1_191' title='bbox 346 2307 416 2349; x_wconf 87' lang='lat' dir='ltr'><strong>vere</strong></span> <span class='ocrx_word' id='word_1_192' title='bbox 440 2289 630 2351; x_wconf 89' lang='lat' dir='ltr'><strong>metuendum</strong></span> <span class='ocrx_word' id='word_1_193' title='bbox 652 2298 709 2363; x_wconf 80' lang='lat' dir='ltr'><strong>est,</strong></span> <span class='ocrx_word' id='word_1_194' title='bbox 734 2308 770 2350; x_wconf 90' lang='lat' dir='ltr'><strong>ne</strong></span> <span class='ocrx_word' id='word_1_195' title='bbox 794 2290 932 2351; x_wconf 86' lang='lat' dir='ltr'><strong>Lunares</strong></span> <span class='ocrx_word' id='word_1_196' title='bbox 955 2288 1043 2350; x_wconf 90' lang='lat' dir='ltr'><strong>orbes</strong></span> <span class='ocrx_word' id='word_1_197' title='bbox 1066 2309 1086 2350; x_wconf 93' lang='lat' dir='ltr'><strong>a</strong></span> <span class='ocrx_word' id='word_1_198' title='bbox 1102 2288 1209 2350; x_wconf 79' lang='lat' dir='ltr'><strong>vicinis</strong></span> <span class='ocrx_word' id='word_1_199' title='bbox 1232 2307 1388 2369; x_wconf 89' lang='lat' dir='ltr'><strong>corporum</strong></span> <span class='ocrx_word' id='word_1_200' title='bbox 1407 2307 1480 2369; x_wconf 88' lang='lat' dir='ltr'><strong>pro-</strong></span> 
     </span>
     <span class='ocr_line' id='line_1_22' title="bbox 122 2376 1481 2457; baseline 0.001 -19"><span class='ocrx_word' id='word_1_201' title='bbox 122 2376 315 2457; x_wconf 89' lang='lat' dir='ltr'><strong>portionibus</strong></span> <span class='ocrx_word' id='word_1_202' title='bbox 338 2378 501 2457; x_wconf 80' lang='lat' dir='ltr'><strong>compressi</strong></span> <span class='ocrx_word' id='word_1_203' title='bbox 525 2377 684 2442; x_wconf 86' lang='lat' dir='ltr'><strong>elidantur.</strong></span> <span class='ocrx_word' id='word_1_204' title='bbox 730 2378 811 2441; x_wconf 86' lang='lat' dir='ltr'><strong>Nam</strong></span> <span class='ocrx_word' id='word_1_205' title='bbox 835 2377 996 2440; x_wconf 89' lang='lat' dir='ltr'><strong>absurdum</strong></span> <span class='ocrx_word' id='word_1_206' title='bbox 1011 2386 1042 2440; x_wconf 90' lang='lat' dir='ltr'><strong>et</strong></span> <span class='ocrx_word' id='word_1_207' title='bbox 1056 2386 1257 2440; x_wconf 86' lang='lat' dir='ltr'><strong>monstrosum</strong></span> <span class='ocrx_word' id='word_1_208' title='bbox 1272 2386 1329 2452; x_wconf 88' lang='lat' dir='ltr'><strong>est,</strong></span> <span class='ocrx_word' id='word_1_209' title='bbox 1353 2396 1481 2457; x_wconf 90' lang='lat' dir='ltr'><strong>corpora</strong></span> 
     </span>
     <span class='ocr_line' id='line_1_23' title="bbox 123 2465 1477 2548; baseline 0.001 -20"><span class='ocrx_word' id='word_1_210' title='bbox 123 2467 200 2528; x_wconf 88' lang='lat' dir='ltr'><strong>haec</strong></span> <span class='ocrx_word' id='word_1_211' title='bbox 223 2465 356 2527; x_wconf 76' lang='lat' dir='ltr'><strong>materia</strong></span> <span class='ocrx_word' id='word_1_212' title='bbox 378 2467 507 2548; x_wconf 90' lang='lat' dir='ltr'><strong>quadam</strong></span> <span class='ocrx_word' id='word_1_213' title='bbox 529 2467 661 2537; x_wconf 88' lang='lat' dir='ltr'><strong>vestita,</strong></span> <span class='ocrx_word' id='word_1_214' title='bbox 695 2486 771 2548; x_wconf 91' lang='lat' dir='ltr'><strong>qnae</strong></span> <span class='ocrx_word' id='word_1_215' title='bbox 795 2468 892 2530; x_wconf 89' lang='lat' dir='ltr'><strong>alieno</strong></span> <span class='ocrx_word' id='word_1_216' title='bbox 916 2467 1032 2547; x_wconf 87' lang='lat' dir='ltr'><strong>corpori</strong></span> <span class='ocrx_word' id='word_1_217' title='bbox 1055 2468 1217 2530; x_wconf 85' lang='lat' dir='ltr'><strong>transitum</strong></span> <span class='ocrx_word' id='word_1_218' title='bbox 1240 2486 1298 2530; x_wconf 91' lang='lat' dir='ltr'><strong>non</strong></span> <span class='ocrx_word' id='word_1_219' title='bbox 1321 2467 1477 2546; x_wconf 88' lang='lat' dir='ltr'><strong>praebeat,</strong></span> 
     </span>
     <span class='ocr_line' id='line_1_24' title="bbox 121 2554 1479 2638; baseline 0.001 -22"><span class='ocrx_word' id='word_1_220' title='bbox 121 2555 153 2617; x_wconf 89' lang='lat' dir='ltr'><strong>in</strong></span> <span class='ocrx_word' id='word_1_221' title='bbox 177 2555 296 2617; x_wconf 90' lang='lat' dir='ltr'><strong>coelum</strong></span> <span class='ocrx_word' id='word_1_222' title='bbox 319 2555 477 2619; x_wconf 89' lang='lat' dir='ltr'><strong>collocare.</strong></span> <span class='ocrx_word' id='word_1_223' title='bbox 517 2554 580 2619; x_wconf 89' lang='lat' dir='ltr'><strong>Sed</strong></span> <span class='ocrx_word' id='word_1_224' title='bbox 602 2560 698 2638; x_wconf 83' lang='lat' dir='ltr'><strong>neque</strong></span> <span class='ocrx_word' id='word_1_225' title='bbox 722 2558 759 2618; x_wconf 89' lang='lat' dir='ltr'><strong>de</strong></span> <span class='ocrx_word' id='word_1_226' title='bbox 779 2557 918 2620; x_wconf 87' lang='lat' dir='ltr'><strong>crassitie</strong></span> <span class='ocrx_word' id='word_1_227' title='bbox 933 2556 1014 2619; x_wconf 88' lang='lat' dir='ltr'><strong>orbis</strong></span> <span class='ocrx_word' id='word_1_228' title='bbox 1029 2556 1153 2620; x_wconf 88' lang='lat' dir='ltr'><strong>Terreni</strong></span> <span class='ocrx_word' id='word_1_229' title='bbox 1166 2557 1367 2637; x_wconf 80' lang='lat' dir='ltr'><strong>cogitandum,</strong></span> <span class='ocrx_word' id='word_1_230' title='bbox 1392 2556 1479 2636; x_wconf 86' lang='lat' dir='ltr'><strong>quasi</strong></span> 
     </span>
     <span class='ocr_line' id='line_1_25' title="bbox 122 2644 1477 2727; baseline -0.001 -20"><span class='ocrx_word' id='word_1_231' title='bbox 122 2653 214 2707; x_wconf 68' lang='lat' dir='ltr'><strong>unta</strong></span> <span class='ocrx_word' id='word_1_232' title='bbox 236 2663 305 2706; x_wconf 85' lang='lat' dir='ltr'><strong>esse</strong></span> <span class='ocrx_word' id='word_1_233' title='bbox 329 2645 447 2720; x_wconf 90' lang='lat' dir='ltr'><strong>debeat,</strong></span> <span class='ocrx_word' id='word_1_234' title='bbox 461 2653 506 2727; x_wconf 38' lang='lat' dir='ltr'><strong>&#39;ut</strong></span> <span class='ocrx_word' id='word_1_235' title='bbox 527 2645 678 2726; x_wconf 81' lang='lat' dir='ltr'><strong>integram</strong></span> <span class='ocrx_word' id='word_1_236' title='bbox 695 2646 800 2708; x_wconf 88' lang='lat' dir='ltr'><strong>Lunae</strong></span> <span class='ocrx_word' id='word_1_237' title='bbox 823 2647 983 2726; x_wconf 85' lang='lat' dir='ltr'><strong>sphaeram</strong></span> <span class='ocrx_word' id='word_1_238' title='bbox 1007 2644 1149 2720; x_wconf 89' lang='lat' dir='ltr'><strong>includat,</strong></span> <span class='ocrx_word' id='word_1_239' title='bbox 1175 2666 1211 2707; x_wconf 91' lang='lat' dir='ltr'><strong>ac</strong></span> <span class='ocrx_word' id='word_1_240' title='bbox 1233 2645 1358 2726; x_wconf 91' lang='lat' dir='ltr'><strong>proinde</strong></span> <span class='ocrx_word' id='word_1_241' title='bbox 1372 2644 1477 2706; x_wconf 88' lang='lat' dir='ltr'><strong>Lunae</strong></span> 
     </span>
     <span class='ocr_line' id='line_1_26' title="bbox 123 2733 1478 2815; baseline 0 -20"><span class='ocrx_word' id='word_1_242' title='bbox 123 2752 242 2815; x_wconf 87' lang='lat' dir='ltr'><strong>quoque</strong></span> <span class='ocrx_word' id='word_1_243' title='bbox 267 2754 287 2795; x_wconf 91' lang='lat' dir='ltr'><strong>a</strong></span> <span class='ocrx_word' id='word_1_244' title='bbox 310 2735 405 2797; x_wconf 89' lang='lat' dir='ltr'><strong>Terra</strong></span> <span class='ocrx_word' id='word_1_245' title='bbox 432 2734 579 2796; x_wconf 86' lang='lat' dir='ltr'><strong>distantia</strong></span> <span class='ocrx_word' id='word_1_246' title='bbox 600 2736 630 2797; x_wconf 94' lang='lat' dir='ltr'><strong>in</strong></span> <span class='ocrx_word' id='word_1_247' title='bbox 653 2735 876 2814; x_wconf 89' lang='lat' dir='ltr'><strong>proportionem</strong></span> <span class='ocrx_word' id='word_1_248' title='bbox 906 2735 985 2796; x_wconf 91' lang='lat' dir='ltr'><strong>hanc</strong></span> <span class='ocrx_word' id='word_1_249' title='bbox 1014 2735 1122 2797; x_wconf 85' lang='lat' dir='ltr'><strong>cudere</strong></span> <span class='ocrx_word' id='word_1_250' title='bbox 1150 2734 1270 2797; x_wconf 89' lang='lat' dir='ltr'><strong>debeat.</strong></span> <span class='ocrx_word' id='word_1_251' title='bbox 1316 2735 1397 2798; x_wconf 88' lang='lat' dir='ltr'><strong>Nam</strong></span> <span class='ocrx_word' id='word_1_252' title='bbox 1419 2733 1478 2795; x_wconf 88' lang='lat' dir='ltr'><strong>etei</strong></span> 
     </span>
     <span class='ocr_line' id='line_1_27' title="bbox 124 2822 1477 2904; baseline -0.001 -19"><span class='ocrx_word' id='word_1_253' title='bbox 124 2822 278 2885; x_wconf 90' lang='lat' dir='ltr'><strong>orbiculus</strong></span> <span class='ocrx_word' id='word_1_254' title='bbox 301 2823 406 2884; x_wconf 88' lang='lat' dir='ltr'><strong>Lunae</strong></span> <span class='ocrx_word' id='word_1_255' title='bbox 430 2842 521 2903; x_wconf 89' lang='lat' dir='ltr'><strong>supra</strong></span> <span class='ocrx_word' id='word_1_256' title='bbox 543 2824 671 2886; x_wconf 81' lang='lat' dir='ltr'><strong>Telluris</strong></span> <span class='ocrx_word' id='word_1_257' title='bbox 695 2824 797 2886; x_wconf 91' lang='lat' dir='ltr'><strong>orbem</strong></span> <span class='ocrx_word' id='word_1_258' title='bbox 819 2824 964 2897; x_wconf 90' lang='lat' dir='ltr'><strong>emineat,</strong></span> <span class='ocrx_word' id='word_1_259' title='bbox 992 2823 1061 2904; x_wconf 90' lang='lat' dir='ltr'><strong>qnid</strong></span> <span class='ocrx_word' id='word_1_260' title='bbox 1083 2823 1167 2885; x_wconf 90' lang='lat' dir='ltr'><strong>illum</strong></span> <span class='ocrx_word' id='word_1_261' title='bbox 1188 2822 1372 2903; x_wconf 89' lang='lat' dir='ltr'><strong>prohibebit,</strong></span> <span class='ocrx_word' id='word_1_262' title='bbox 1402 2841 1477 2904; x_wconf 90' lang='lat' dir='ltr'><strong>qno·</strong></span> 
     </span>
     <span class='ocr_line' id='line_1_28' title="bbox 123 2910 1476 2988; baseline -0.001 -14"><span class='ocrx_word' id='word_1_263' title='bbox 123 2912 222 2975; x_wconf 89' lang='lat' dir='ltr'><strong>minus</strong></span> <span class='ocrx_word' id='word_1_264' title='bbox 247 2912 428 2975; x_wconf 83' lang='lat' dir='ltr'><strong>moveatur?</strong></span> <span class='ocrx_word' id='word_1_265' title='bbox 460 2910 537 2984; x_wconf 88' lang='lat' dir='ltr'><strong>Quis</strong></span> <span class='ocrx_word' id='word_1_266' title='bbox 560 2931 631 2974; x_wconf 88' lang='lat' dir='ltr'><strong>vero</strong></span> <span class='ocrx_word' id='word_1_267' title='bbox 656 2911 770 2988; x_wconf 90' lang='lat' dir='ltr'><strong>didicit,</strong></span> <span class='ocrx_word' id='word_1_268' title='bbox 794 2933 833 2974; x_wconf 91' lang='lat' dir='ltr'><strong>an</strong></span> <span class='ocrx_word' id='word_1_269' title='bbox 857 2913 975 2974; x_wconf 90' lang='lat' dir='ltr'><strong>omnino</strong></span> <span class='ocrx_word' id='word_1_270' title='bbox 999 2911 1040 2974; x_wconf 94' lang='lat' dir='ltr'><strong>ibi</strong></span> <span class='ocrx_word' id='word_1_271' title='bbox 1064 2913 1127 2974; x_wconf 90' lang='lat' dir='ltr'><strong>sint</strong></span> <span class='ocrx_word' id='word_1_272' title='bbox 1148 2913 1260 2974; x_wconf 86' lang='lat' dir='ltr'><strong>orbes?</strong></span> <span class='ocrx_word' id='word_1_273' title='bbox 1283 2912 1326 2973; x_wconf 82' lang='lat' dir='ltr'><strong>Et</strong></span> <span class='ocrx_word' id='word_1_274' title='bbox 1347 2912 1378 2975; x_wconf 92' lang='lat' dir='ltr'><strong>in</strong></span> <span class='ocrx_word' id='word_1_275' title='bbox 1393 2911 1476 2973; x_wconf 87' lang='lat' dir='ltr'><strong>Mer·</strong></span> 
     </span>
     <span class='ocr_line' id='line_1_29' title="bbox 122 3000 1478 3082; baseline -0.003 -18"><span class='ocrx_word' id='word_1_276' title='bbox 122 3002 207 3064; x_wconf 91' lang='lat' dir='ltr'><strong>curio</strong></span> <span class='ocrx_word' id='word_1_277' title='bbox 226 3002 291 3082; x_wconf 82' lang='lat' dir='ltr'><strong>jam</strong></span> <span class='ocrx_word' id='word_1_278' title='bbox 315 3002 571 3076; x_wconf 63' lang='lat' dir='ltr'><strong>antecedimus,</strong></span> <span class='ocrx_word' id='word_1_279' title='bbox 601 3020 658 3082; x_wconf 91' lang='lat' dir='ltr'><strong>quo</strong></span> <span class='ocrx_word' id='word_1_280' title='bbox 685 3011 776 3080; x_wconf 89' lang='lat' dir='ltr'><strong>pacto</strong></span> <span class='ocrx_word' id='word_1_281' title='bbox 799 3001 864 3081; x_wconf 90' lang='lat' dir='ltr'><strong>ejus</strong></span> <span class='ocrx_word' id='word_1_282' title='bbox 887 3002 968 3064; x_wconf 91' lang='lat' dir='ltr'><strong>orbis</strong></span> <span class='ocrx_word' id='word_1_283' title='bbox 992 3001 1108 3081; x_wconf 86' lang='lat' dir='ltr'><strong>quidem</strong></span> <span class='ocrx_word' id='word_1_284' title='bbox 1132 3010 1234 3062; x_wconf 85' lang='lat' dir='ltr'><strong>servet</strong></span> <span class='ocrx_word' id='word_1_285' title='bbox 1255 3000 1478 3082; x_wconf 89' lang='lat' dir='ltr'><strong>proportionem</strong></span> 
     </span>
     <span class='ocr_line' id='line_1_30' title="bbox 122 3090 1477 3173; baseline -0.002 -20"><span class='ocrx_word' id='word_1_286' title='bbox 122 3091 272 3159; x_wconf 74' lang='lat' dir='ltr'><strong>octaedri,</strong></span> <span class='ocrx_word' id='word_1_287' title='bbox 297 3090 456 3170; x_wconf 81' lang='lat' dir='ltr'><strong>ipse·vero</strong></span> <span class='ocrx_word' id='word_1_288' title='bbox 480 3110 572 3173; x_wconf 90' lang='lat' dir='ltr'><strong>usqne</strong></span> <span class='ocrx_word' id='word_1_289' title='bbox 596 3091 634 3152; x_wconf 89' lang='lat' dir='ltr'><strong>ad</strong></span> <span class='ocrx_word' id='word_1_290' title='bbox 658 3091 796 3172; x_wconf 90' lang='lat' dir='ltr'><strong>quadrati</strong></span> <span class='ocrx_word' id='word_1_291' title='bbox 811 3091 1002 3153; x_wconf 87' lang='lat' dir='ltr'><strong>altitudinem</strong></span> <span class='ocrx_word' id='word_1_292' title='bbox 1021 3109 1113 3170; x_wconf 85' lang='lat' dir='ltr'><strong>supra</strong></span> <span class='ocrx_word' id='word_1_293' title='bbox 1135 3109 1220 3152; x_wconf 86' lang='lat' dir='ltr'><strong>suum</strong></span> <span class='ocrx_word' id='word_1_294' title='bbox 1243 3091 1344 3152; x_wconf 90' lang='lat' dir='ltr'><strong>orbem</strong></span> <span class='ocrx_word' id='word_1_295' title='bbox 1368 3107 1477 3151; x_wconf 69' lang='lat' dir='ltr'><strong>ascen</strong></span> 
     </span>
     <span class='ocr_line' id='line_1_31' title="bbox 121 3178 455 3260; baseline 0 -18"><span class='ocrx_word' id='word_1_296' title='bbox 121 3182 186 3242; x_wconf 87' lang='lat' dir='ltr'><strong>dat.</strong></span> <span class='ocrx_word' id='word_1_297' title='bbox 235 3178 328 3260; x_wconf 86' lang='lat' dir='ltr'><strong>(Cap.</strong></span> <span class='ocrx_word' id='word_1_298' title='bbox 351 3179 455 3255; x_wconf 84' lang='lat' dir='ltr'><strong>XVI.)</strong></span> 
     </span>
    </p>

    <p class='ocr_par' dir='ltr' id='par_1_8' title="bbox 124 3266 1546 4075">
     <span class='ocr_line' id='line_1_32' title="bbox 215 3266 1479 3350; baseline -0.004 -19"><span class='ocrx_word' id='word_1_299' title='bbox 215 3266 279 3331; x_wconf 88' lang='lat' dir='ltr'><strong>Sed</strong></span> <span class='ocrx_word' id='word_1_300' title='bbox 302 3277 337 3331; x_wconf 90' lang='lat' dir='ltr'><strong>ut</strong></span> <span class='ocrx_word' id='word_1_301' title='bbox 359 3269 486 3350; x_wconf 90' lang='lat' dir='ltr'><strong>denique</strong></span> <span class='ocrx_word' id='word_1_302' title='bbox 510 3288 655 3332; x_wconf 88' lang='lat' dir='ltr'><strong>summam</strong></span> <span class='ocrx_word' id='word_1_303' title='bbox 678 3269 746 3331; x_wconf 90' lang='lat' dir='ltr'><strong>huic</strong></span> <span class='ocrx_word' id='word_1_304' title='bbox 770 3267 891 3347; x_wconf 82' lang='lat' dir='ltr'><strong>negotio</strong></span> <span class='ocrx_word' id='word_1_305' title='bbox 914 3286 1032 3329; x_wconf 88' lang='lat' dir='ltr'><strong>manum</strong></span> <span class='ocrx_word' id='word_1_306' title='bbox 1055 3267 1223 3349; x_wconf 91' lang='lat' dir='ltr'><strong>imponam,</strong></span> <span class='ocrx_word' id='word_1_307' title='bbox 1257 3275 1347 3348; x_wconf 88' lang='lat' dir='ltr'><strong>utque</strong></span> <span class='ocrx_word' id='word_1_308' title='bbox 1376 3284 1479 3345; x_wconf 83' lang='lat' dir='ltr'><strong>omues</strong></span> 
     </span>
     <span class='ocr_line' id='line_1_33' title="bbox 124 3355 1481 3440; baseline -0.003 -20"><span class='ocrx_word' id='word_1_309' title='bbox 124 3358 264 3434; x_wconf 83' lang='lat' dir='ltr'><strong>rideant,</strong></span> <span class='ocrx_word' id='word_1_310' title='bbox 285 3358 359 3420; x_wconf 89' lang='lat' dir='ltr'><strong>nihil</strong></span> <span class='ocrx_word' id='word_1_311' title='bbox 381 3368 434 3420; x_wconf 88' lang='lat' dir='ltr'><strong>aut</strong></span> <span class='ocrx_word' id='word_1_312' title='bbox 456 3377 560 3440; x_wconf 91' lang='lat' dir='ltr'><strong>parum</strong></span> <span class='ocrx_word' id='word_1_313' title='bbox 582 3359 612 3420; x_wconf 90' lang='lat' dir='ltr'><strong>in</strong></span> <span class='ocrx_word' id='word_1_314' title='bbox 636 3357 842 3439; x_wconf 79' lang='lat' dir='ltr'><strong>parallauibus</strong></span> <span class='ocrx_word' id='word_1_315' title='bbox 866 3357 985 3431; x_wconf 87' lang='lat' dir='ltr'><strong>mutari,</strong></span> <span class='ocrx_word' id='word_1_316' title='bbox 1009 3365 1124 3420; x_wconf 84' lang='lat' dir='ltr'><strong>atroam</strong></span> <span class='ocrx_word' id='word_1_317' title='bbox 1147 3376 1256 3419; x_wconf 80' lang='lat' dir='ltr'><strong>novum</strong></span> <span class='ocrx_word' id='word_1_318' title='bbox 1274 3355 1425 3429; x_wconf 89' lang='lat' dir='ltr'><strong>muudum,</strong></span> <span class='ocrx_word' id='word_1_319' title='bbox 1449 3362 1481 3417; x_wconf 88' lang='lat' dir='ltr'><strong>et</strong></span> 
     </span>
     <span class='ocr_line' id='line_1_34' title="bbox 124 3446 1480 3529; baseline -0.003 -19"><span class='ocrx_word' id='word_1_320' title='bbox 124 3447 272 3529; x_wconf 85' lang='lat' dir='ltr'><strong>incipiens</strong></span> <span class='ocrx_word' id='word_1_321' title='bbox 297 3468 316 3509; x_wconf 90' lang='lat' dir='ltr'><strong>a</strong></span> <span class='ocrx_word' id='word_1_322' title='bbox 339 3466 454 3510; x_wconf 87' lang='lat' dir='ltr'><strong>summa</strong></span> <span class='ocrx_word' id='word_1_323' title='bbox 476 3448 622 3510; x_wconf 83' lang='lat' dir='ltr'><strong>distantia</strong></span> <span class='ocrx_word' id='word_1_324' title='bbox 640 3467 767 3523; x_wconf 88' lang='lat' dir='ltr'><strong>sursum,</strong></span> <span class='ocrx_word' id='word_1_325' title='bbox 794 3447 832 3509; x_wconf 88' lang='lat' dir='ltr'><strong>ab</strong></span> <span class='ocrx_word' id='word_1_326' title='bbox 851 3446 911 3508; x_wconf 88' lang='lat' dir='ltr'><strong>ima</strong></span> <span class='ocrx_word' id='word_1_327' title='bbox 929 3448 1069 3510; x_wconf 91' lang='lat' dir='ltr'><strong>deorsum</strong></span> <span class='ocrx_word' id='word_1_328' title='bbox 1086 3446 1271 3528; x_wconf 84' lang='lat' dir='ltr'><strong>progrediar.</strong></span> <span class='ocrx_word' id='word_1_329' title='bbox 1316 3447 1480 3507; x_wconf 88' lang='lat' dir='ltr'><strong>Assumam</strong></span> 
     </span>
     <span class='ocr_line' id='line_1_35' title="bbox 127 3534 1480 3619; baseline -0.002 -20"><span class='ocrx_word' id='word_1_330' title='bbox 127 3545 229 3599; x_wconf 88' lang='lat' dir='ltr'><strong>autem</strong></span> <span class='ocrx_word' id='word_1_331' title='bbox 252 3536 330 3599; x_wconf 88' lang='lat' dir='ltr'><strong>banc</strong></span> <span class='ocrx_word' id='word_1_332' title='bbox 353 3537 543 3619; x_wconf 87' lang='lat' dir='ltr'><strong>hypothesin,</strong></span> <span class='ocrx_word' id='word_1_333' title='bbox 569 3535 654 3618; x_wconf 86' lang='lat' dir='ltr'><strong>quasi</strong></span> <span class='ocrx_word' id='word_1_334' title='bbox 677 3537 831 3618; x_wconf 88' lang='lat' dir='ltr'><strong>proportio</strong></span> <span class='ocrx_word' id='word_1_335' title='bbox 855 3536 1114 3599; x_wconf 88' lang='lat' dir='ltr'><strong>eccentricitatum</strong></span> <span class='ocrx_word' id='word_1_336' title='bbox 1138 3536 1177 3598; x_wconf 89' lang='lat' dir='ltr'><strong>ad</strong></span> <span class='ocrx_word' id='word_1_337' title='bbox 1200 3536 1288 3598; x_wconf 90' lang='lat' dir='ltr'><strong>orbes</strong></span> <span class='ocrx_word' id='word_1_338' title='bbox 1312 3543 1396 3597; x_wconf 90' lang='lat' dir='ltr'><strong>certa</strong></span> <span class='ocrx_word' id='word_1_339' title='bbox 1419 3534 1480 3597; x_wconf 88' lang='lat' dir='ltr'><strong>sit:</strong></span> 
     </span>
     <span class='ocr_line' id='line_1_36' title="bbox 127 3623 1481 3708; baseline -0.001 -21"><span class='ocrx_word' id='word_1_340' title='bbox 127 3635 158 3688; x_wconf 86' lang='lat' dir='ltr'><strong>et</strong></span> <span class='ocrx_word' id='word_1_341' title='bbox 181 3626 300 3708; x_wconf 86' lang='lat' dir='ltr'><strong>siquid</strong></span> <span class='ocrx_word' id='word_1_342' title='bbox 322 3626 552 3689; x_wconf 84' lang='lat' dir='ltr'><strong>insummavel</strong></span> <span class='ocrx_word' id='word_1_343' title='bbox 576 3627 635 3688; x_wconf 88' lang='lat' dir='ltr'><strong>ima</strong></span> <span class='ocrx_word' id='word_1_344' title='bbox 658 3625 806 3689; x_wconf 88' lang='lat' dir='ltr'><strong>distantia</strong></span> <span class='ocrx_word' id='word_1_345' title='bbox 828 3625 955 3707; x_wconf 90' lang='lat' dir='ltr'><strong>alicujus</strong></span> <span class='ocrx_word' id='word_1_346' title='bbox 978 3625 1059 3688; x_wconf 89' lang='lat' dir='ltr'><strong>orbis</strong></span> <span class='ocrx_word' id='word_1_347' title='bbox 1082 3625 1141 3687; x_wconf 90' lang='lat' dir='ltr'><strong>erit</strong></span> <span class='ocrx_word' id='word_1_348' title='bbox 1162 3626 1359 3700; x_wconf 88' lang='lat' dir='ltr'><strong>immutatum,</strong></span> <span class='ocrx_word' id='word_1_349' title='bbox 1384 3623 1481 3687; x_wconf 91' lang='lat' dir='ltr'><strong>corri-</strong></span> 
     </span>
     <span class='ocr_line' id='line_1_37' title="bbox 127 3713 1480 3797; baseline -0.003 -19"><span class='ocrx_word' id='word_1_350' title='bbox 127 3735 197 3797; x_wconf 75' lang='lat' dir='ltr'><strong>gam</strong></span> <span class='ocrx_word' id='word_1_351' title='bbox 221 3716 314 3778; x_wconf 89' lang='lat' dir='ltr'><strong>etiam</strong></span> <span class='ocrx_word' id='word_1_352' title='bbox 337 3715 595 3778; x_wconf 85' lang='lat' dir='ltr'><strong>ecceutricitatem</strong></span> <span class='ocrx_word' id='word_1_353' title='bbox 616 3715 896 3796; x_wconf 85' lang='lat' dir='ltr'><strong>proportionaliter:</strong></span> <span class='ocrx_word' id='word_1_354' title='bbox 922 3716 1001 3797; x_wconf 89' lang='lat' dir='ltr'><strong>quod</strong></span> <span class='ocrx_word' id='word_1_355' title='bbox 1025 3735 1063 3777; x_wconf 88' lang='lat' dir='ltr'><strong>an</strong></span> <span class='ocrx_word' id='word_1_356' title='bbox 1086 3722 1168 3777; x_wconf 91' lang='lat' dir='ltr'><strong>recte</strong></span> <span class='ocrx_word' id='word_1_357' title='bbox 1193 3715 1314 3790; x_wconf 81' lang='lat' dir='ltr'><strong>faciam,</strong></span> <span class='ocrx_word' id='word_1_358' title='bbox 1339 3713 1480 3776; x_wconf 87' lang='lat' dir='ltr'><strong>conside-</strong></span> 
     </span>
     <span class='ocr_line' id='line_1_38' title="bbox 130 3802 1481 3867; baseline -0.002 -1"><span class='ocrx_word' id='word_1_359' title='bbox 130 3812 198 3866; x_wconf 88' lang='lat' dir='ltr'><strong>rent</strong></span> <span class='ocrx_word' id='word_1_360' title='bbox 221 3805 363 3867; x_wconf 86' lang='lat' dir='ltr'><strong>artifices.</strong></span> <span class='ocrx_word' id='word_1_361' title='bbox 409 3805 476 3866; x_wconf 86' lang='lat' dir='ltr'><strong>Hoc</strong></span> <span class='ocrx_word' id='word_1_362' title='bbox 499 3806 586 3866; x_wconf 93' lang='lat' dir='ltr'><strong>modo</strong></span> <span class='ocrx_word' id='word_1_363' title='bbox 611 3805 793 3867; x_wconf 86' lang='lat' dir='ltr'><strong>constitutae</strong></span> <span class='ocrx_word' id='word_1_364' title='bbox 816 3805 980 3867; x_wconf 87' lang='lat' dir='ltr'><strong>distantiae</strong></span> <span class='ocrx_word' id='word_1_365' title='bbox 1004 3805 1044 3865; x_wconf 90' lang='lat' dir='ltr'><strong>ad</strong></span> <span class='ocrx_word' id='word_1_366' title='bbox 1065 3804 1194 3866; x_wconf 91' lang='lat' dir='ltr'><strong>mediam</strong></span> <span class='ocrx_word' id='word_1_367' title='bbox 1209 3803 1338 3866; x_wconf 90' lang='lat' dir='ltr'><strong>Telluris</strong></span> <span class='ocrx_word' id='word_1_368' title='bbox 1361 3802 1481 3863; x_wconf 89' lang='lat' dir='ltr'><strong>distan-</strong></span> 
     </span>
     <span class='ocr_line' id='line_1_39' title="bbox 127 3885 1482 3974; baseline -0.002 -20"><span class='ocrx_word' id='word_1_369' title='bbox 127 3892 201 3956; x_wconf 88' lang='lat' dir='ltr'><strong>tiam</strong></span> <span class='ocrx_word' id='word_1_370' title='bbox 225 3914 244 3957; x_wconf 88' lang='lat' dir='ltr'><strong>a</strong></span> <span class='ocrx_word' id='word_1_371' title='bbox 267 3902 369 3957; x_wconf 91' lang='lat' dir='ltr'><strong>centro</strong></span> <span class='ocrx_word' id='word_1_372' title='bbox 393 3894 531 3967; x_wconf 85' lang='lat' dir='ltr'><strong>referam,</strong></span> <span class='ocrx_word' id='word_1_373' title='bbox 554 3894 643 3974; x_wconf 90' lang='lat' dir='ltr'><strong>idque</strong></span> <span class='ocrx_word' id='word_1_374' title='bbox 673 3885 757 3969; x_wconf 82' lang='lat' dir='ltr'><strong>ideo,</strong></span> <span class='ocrx_word' id='word_1_375' title='bbox 790 3892 860 3974; x_wconf 89' lang='lat' dir='ltr'><strong>qnia</strong></span> <span class='ocrx_word' id='word_1_376' title='bbox 890 3891 1074 3974; x_wconf 90' lang='lat' dir='ltr'><strong>Copemicos</strong></span> <span class='ocrx_word' id='word_1_377' title='bbox 1107 3911 1210 3955; x_wconf 91' lang='lat' dir='ltr'><strong>omnes</strong></span> <span class='ocrx_word' id='word_1_378' title='bbox 1242 3893 1415 3973; x_wconf 84' lang='lat' dir='ltr'><strong>parallaxes</strong></span> <span class='ocrx_word' id='word_1_379' title='bbox 1443 3889 1482 3952; x_wconf 90' lang='lat' dir='ltr'><strong>ad</strong></span> 
     </span>
     <span class='ocr_line' id='line_1_40' title="bbox 127 3979 1546 4075; baseline -0.001 -31"><span class='ocrx_word' id='word_1_380' title='bbox 127 3980 223 4045; x_wconf 88' lang='lat' dir='ltr'><strong>locum</strong></span> <span class='ocrx_word' id='word_1_381' title='bbox 246 3981 330 4046; x_wconf 89' lang='lat' dir='ltr'><strong>Solis</strong></span> <span class='ocrx_word' id='word_1_382' title='bbox 352 3983 481 4045; x_wconf 92' lang='lat' dir='ltr'><strong>medium</strong></span> <span class='ocrx_word' id='word_1_383' title='bbox 504 3982 751 4045; x_wconf 88' lang='lat' dir='ltr'><strong>accommodavit.</strong></span> <span class='ocrx_word' id='word_1_384' title='bbox 799 3979 892 4063; x_wconf 89' lang='lat' dir='ltr'><strong>(Cap.</strong></span> <span class='ocrx_word' id='word_1_385' title='bbox 913 3983 1002 4057; x_wconf 84' lang='lat' dir='ltr'><strong>XV.)</strong></span> <span class='ocrx_word' id='word_1_386' title='bbox 1535 4046 1546 4075; x_wconf 46' lang='lat'><em>4</em></span> 
     </span>
    </p>

    <p class='ocr_par' dir='ltr' id='par_1_9' title="bbox 130 4069 1482 4225">
     <span class='ocr_line' id='line_1_41' title="bbox 215 4069 1482 4154; baseline -0.004 -18"><span class='ocrx_word' id='word_1_387' title='bbox 215 4071 268 4137; x_wconf 86' lang='lat' dir='ltr'><strong>Sic</strong></span> <span class='ocrx_word' id='word_1_388' title='bbox 290 4073 384 4154; x_wconf 79' lang='lat' dir='ltr'><strong>igitur</strong></span> <span class='ocrx_word' id='word_1_389' title='bbox 406 4091 439 4134; x_wconf 91' lang='lat' dir='ltr'><strong>se</strong></span> <span class='ocrx_word' id='word_1_390' title='bbox 463 4072 577 4134; x_wconf 91' lang='lat' dir='ltr'><strong>hahent</strong></span> <span class='ocrx_word' id='word_1_391' title='bbox 600 4071 762 4134; x_wconf 88' lang='lat' dir='ltr'><strong>distantiae</strong></span> <span class='ocrx_word' id='word_1_392' title='bbox 787 4078 820 4132; x_wconf 92' lang='lat' dir='ltr'><strong>et</strong></span> <span class='ocrx_word' id='word_1_393' title='bbox 840 4071 1085 4134; x_wconf 86' lang='lat' dir='ltr'><strong>ecceutricitates</strong></span> <span class='ocrx_word' id='word_1_394' title='bbox 1102 4069 1275 4152; x_wconf 89' lang='lat' dir='ltr'><strong>Corpemiei</strong></span> <span class='ocrx_word' id='word_1_395' title='bbox 1299 4070 1338 4132; x_wconf 90' lang='lat' dir='ltr'><strong>ad</strong></span> <span class='ocrx_word' id='word_1_396' title='bbox 1360 4087 1482 4132; x_wconf 88' lang='lat' dir='ltr'><strong>correc-</strong></span> 
     </span>
     <span class='ocr_line' id='line_1_42' title="bbox 130 4161 406 4225; baseline -0.007 -1"><span class='ocrx_word' id='word_1_397' title='bbox 130 4170 178 4224; x_wconf 86' lang='lat' dir='ltr'><strong>tae</strong></span> <span class='ocrx_word' id='word_1_398' title='bbox 201 4162 284 4225; x_wconf 89' lang='lat' dir='ltr'><strong>dicto</strong></span> <span class='ocrx_word' id='word_1_399' title='bbox 308 4161 406 4224; x_wconf 89' lang='lat' dir='ltr'><strong>modo.</strong></span> 
     </span>
    </p>
   </div>
   <div class='ocr_carea' id='block_1_5' title="bbox 129 4262 1488 4478">
    <p class='ocr_par' dir='ltr' id='par_1_10' title="bbox 129 4262 1488 4478">
     <span class='ocr_line' id='line_1_43' title="bbox 199 4262 1482 4334; baseline -0.004 -15"><span class='ocrx_word' id='word_1_400' title='bbox 199 4265 354 4334; x_wconf 75' lang='lat' dir='ltr'><strong>(Sequuutm</strong></span> <span class='ocrx_word' id='word_1_401' title='bbox 370 4268 474 4325; x_wconf 88' lang='lat' dir='ltr'><strong>numeri,</strong></span> <span class='ocrx_word' id='word_1_402' title='bbox 493 4280 553 4332; x_wconf 84' lang='lat' dir='ltr'><strong>quoe</strong></span> <span class='ocrx_word' id='word_1_403' title='bbox 572 4265 670 4317; x_wconf 82' lang='lat' dir='ltr'><strong>exhibet</strong></span> <span class='ocrx_word' id='word_1_404' title='bbox 686 4265 788 4317; x_wconf 82' lang='lat' dir='ltr'><strong>tabulae</strong></span> <span class='ocrx_word' id='word_1_405' title='bbox 806 4266 852 4315; x_wconf 87' lang='lat' dir='ltr'><strong>suh</strong></span> <span class='ocrx_word' id='word_1_406' title='bbox 869 4265 944 4316; x_wconf 85' lang='lat' dir='ltr'><strong>finem</strong></span> <span class='ocrx_word' id='word_1_407' title='bbox 957 4263 1018 4330; x_wconf 83' lang='lat' dir='ltr'><strong>Gap.</strong></span> <span class='ocrx_word' id='word_1_408' title='bbox 1031 4262 1079 4316; x_wconf 84' lang='lat' dir='ltr'><strong>XV</strong></span> <span class='ocrx_word' id='word_1_409' title='bbox 1096 4264 1154 4315; x_wconf 91' lang='lat' dir='ltr'><strong>ordo</strong></span> <span class='ocrx_word' id='word_1_410' title='bbox 1166 4266 1265 4330; x_wconf 78' lang='lat' dir='ltr'><strong>primus.</strong></span> <span class='ocrx_word' id='word_1_411' title='bbox 1285 4263 1376 4315; x_wconf 79' lang='lat' dir='ltr'><strong>additis</strong></span> <span class='ocrx_word' id='word_1_412' title='bbox 1394 4276 1482 4314; x_wconf 72' lang='lat' dir='ltr'><strong>escen</strong></span> 
     </span>
     <span class='ocr_line' id='line_1_44' title="bbox 129 4332 1488 4402; baseline -0.003 -14"><span class='ocrx_word' id='word_1_413' title='bbox 129 4340 275 4392; x_wconf 59' lang='lat' dir='ltr'><strong>uiantium</strong></span> <span class='ocrx_word' id='word_1_414' title='bbox 294 4336 339 4402; x_wconf 78' lang='lat'><strong>(1⁰</strong></span> <span class='ocrx_word' id='word_1_415' title='bbox 357 4337 382 4388; x_wconf 80' lang='lat'><strong>2¹</strong></span> <span class='ocrx_word' id='word_1_416' title='bbox 403 4336 472 4396; x_wconf 71' lang='lat' dir='ltr'><strong>W,</strong></span> <span class='ocrx_word' id='word_1_417' title='bbox 491 4335 535 4387; x_wconf 74' lang='lat'><strong>22‘</strong></span> <span class='ocrx_word' id='word_1_418' title='bbox 554 4334 621 4394; x_wconf 59' lang='lat' dir='ltr'><strong>illu,</strong></span> <span class='ocrx_word' id='word_1_419' title='bbox 642 4335 682 4386; x_wconf 78' lang='lat' dir='ltr'><strong>ll‘</strong></span> <span class='ocrx_word' id='word_1_420' title='bbox 702 4333 767 4399; x_wconf 74' lang='lat' dir='ltr'><strong>dll‘,</strong></span> <span class='ocrx_word' id='word_1_421' title='bbox 787 4332 827 4395; x_wconf 76' lang='grc' dir='ltr'><strong>δ’,</strong></span> <span class='ocrx_word' id='word_1_422' title='bbox 847 4336 889 4387; x_wconf 83' lang='grc'><strong>11’</strong></span> <span class='ocrx_word' id='word_1_423' title='bbox 908 4333 989 4399; x_wconf 69' lang='lat' dir='ltr'><strong>W),</strong></span> <span class='ocrx_word' id='word_1_424' title='bbox 1014 4338 1107 4401; x_wconf 84' lang='lat' dir='ltr'><strong>pariter</strong></span> <span class='ocrx_word' id='word_1_425' title='bbox 1128 4338 1224 4388; x_wconf 86' lang='lat' dir='ltr'><strong>numerl</strong></span> <span class='ocrx_word' id='word_1_426' title='bbox 1245 4336 1336 4388; x_wconf 80' lang='lat' dir='ltr'><strong>ordinis</strong></span> <span class='ocrx_word' id='word_1_427' title='bbox 1353 4335 1421 4393; x_wconf 74' lang='lat' dir='ltr'><strong>tertii</strong></span> <span class='ocrx_word' id='word_1_428' title='bbox 1438 4335 1488 4385; x_wconf 81' lang='lat' dir='ltr'><strong>eli-¹</strong></span> 
     </span>
     <span class='ocr_line' id='line_1_45' title="bbox 130 4407 456 4478; baseline -0.006 -14"><span class='ocrx_word' id='word_1_429' title='bbox 130 4418 246 4476; x_wconf 67' lang='lat' dir='ltr'><strong>mium</strong></span> <span class='ocrx_word' id='word_1_430' title='bbox 264 4407 456 4478; x_wconf 69' lang='lat' dir='ltr'><strong>deceptura.)</strong></span> 
     </span>
    </p>
   </div>
   <div class='ocr_carea' id='block_1_6' title="bbox 133 4550 1484 5081">
    <p class='ocr_par' dir='ltr' id='par_1_11' title="bbox 198 4550 521 4621">
     <span class='ocr_line' id='line_1_46' title="bbox 198 4550 521 4621; baseline -0.012 -16"><span class='ocrx_word' id='word_1_431' title='bbox 198 4552 265 4605; x_wconf 85' lang='lat' dir='ltr'><strong>Delu</strong></span> <span class='ocrx_word' id='word_1_432' title='bbox 282 4555 364 4621; x_wconf 69' lang='lat' dir='ltr'><strong>pergit</strong></span> <span class='ocrx_word' id='word_1_433' title='bbox 380 4550 521 4618; x_wconf 82' lang='lat' dir='ltr'><strong>Kaplerue:</strong></span> 
     </span>
    </p>

    <p class='ocr_par' dir='ltr' id='par_1_12' title="bbox 133 4655 1484 4989">
     <span class='ocr_line' id='line_1_47' title="bbox 214 4655 1484 4723; baseline -0.005 0"><span class='ocrx_word' id='word_1_434' title='bbox 214 4660 281 4722; x_wconf 87' lang='lat' dir='ltr'><strong>Hae</strong></span> <span class='ocrx_word' id='word_1_435' title='bbox 305 4658 468 4723; x_wconf 89' lang='lat' dir='ltr'><strong>distantiae</strong></span> <span class='ocrx_word' id='word_1_436' title='bbox 491 4659 683 4721; x_wconf 84' lang='lat' dir='ltr'><strong>convenienti</strong></span> <span class='ocrx_word' id='word_1_437' title='bbox 707 4659 793 4720; x_wconf 92' lang='lat' dir='ltr'><strong>modo</strong></span> <span class='ocrx_word' id='word_1_438' title='bbox 817 4659 846 4720; x_wconf 92' lang='lat' dir='ltr'><strong>in</strong></span> <span class='ocrx_word' id='word_1_439' title='bbox 871 4659 953 4721; x_wconf 90' lang='lat' dir='ltr'><strong>sinus</strong></span> <span class='ocrx_word' id='word_1_440' title='bbox 985 4676 1148 4720; x_wconf 83' lang='lat' dir='ltr'><strong>conversae</strong></span> <span class='ocrx_word' id='word_1_441' title='bbox 1176 4656 1311 4720; x_wconf 81' lang='lat' dir='ltr'><strong>alliciunt</strong></span> <span class='ocrx_word' id='word_1_442' title='bbox 1337 4655 1484 4717; x_wconf 85' lang='lat' dir='ltr'><strong>maximas</strong></span> 
     </span>
     <span class='ocr_line' id='line_1_48' title="bbox 133 4744 1484 4830; baseline -0.003 -22"><span class='ocrx_word' id='word_1_443' title='bbox 133 4749 301 4826; x_wconf 85' lang='lat' dir='ltr'><strong>parallaxes</strong></span> <span class='ocrx_word' id='word_1_444' title='bbox 333 4749 366 4811; x_wconf 93' lang='lat' dir='ltr'><strong>in</strong></span> <span class='ocrx_word' id='word_1_445' title='bbox 397 4747 599 4830; x_wconf 88' lang='lat' dir='ltr'><strong>superioribus</strong></span> <span class='ocrx_word' id='word_1_446' title='bbox 633 4766 803 4827; x_wconf 80' lang='lat' dir='ltr'><strong>apogaeas,</strong></span> <span class='ocrx_word' id='word_1_447' title='bbox 838 4746 868 4809; x_wconf 90' lang='lat' dir='ltr'><strong>iu</strong></span> <span class='ocrx_word' id='word_1_448' title='bbox 901 4747 1091 4810; x_wconf 80' lang='lat' dir='ltr'><strong>inferioribus</strong></span> <span class='ocrx_word' id='word_1_449' title='bbox 1124 4746 1331 4823; x_wconf 80' lang='lat' dir='ltr'><strong>elongationes</strong></span> <span class='ocrx_word' id='word_1_450' title='bbox 1354 4744 1484 4805; x_wconf 91' lang='lat' dir='ltr'><strong>omnium</strong></span> 
     </span>
     <span class='ocr_line' id='line_1_49' title="bbox 134 4832 1484 4920; baseline -0.003 -24"><span class='ocrx_word' id='word_1_451' title='bbox 134 4837 275 4900; x_wconf 67' lang='lat' dir='ltr'><strong>mammas</strong></span> <span class='ocrx_word' id='word_1_452' title='bbox 310 4857 418 4920; x_wconf 87' lang='lat' dir='ltr'><strong>pamm</strong></span> <span class='ocrx_word' id='word_1_453' title='bbox 447 4838 607 4901; x_wconf 87' lang='lat' dir='ltr'><strong>admodum</strong></span> <span class='ocrx_word' id='word_1_454' title='bbox 639 4837 874 4917; x_wconf 86' lang='lat' dir='ltr'><strong>discrepantes,</strong></span> <span class='ocrx_word' id='word_1_455' title='bbox 917 4855 971 4898; x_wconf 89' lang='lat' dir='ltr'><strong>nec</strong></span> <span class='ocrx_word' id='word_1_456' title='bbox 1000 4835 1058 4898; x_wconf 90' lang='lat' dir='ltr'><strong>uisi</strong></span> <span class='ocrx_word' id='word_1_457' title='bbox 1090 4836 1119 4898; x_wconf 92' lang='lat' dir='ltr'><strong>in</strong></span> <span class='ocrx_word' id='word_1_458' title='bbox 1151 4835 1252 4897; x_wconf 90' lang='lat' dir='ltr'><strong>Marte</strong></span> <span class='ocrx_word' id='word_1_459' title='bbox 1289 4832 1484 4906; x_wconf 89' lang='lat' dir='ltr'><strong>notabiliter;</strong></span> 
     </span>
     <span class='ocr_line' id='line_1_50' title="bbox 136 4926 263 4989; baseline 0.008 -1"><span class='ocrx_word' id='word_1_460' title='bbox 136 4926 263 4989; x_wconf 83' lang='lat' dir='ltr'><strong>scilicet:</strong></span> 
     </span>
    </p>

    <p class='ocr_par' dir='ltr' id='par_1_13' title="bbox 183 5026 1274 5081">
     <span class='ocr_line' id='line_1_51' title="bbox 183 5026 1274 5081; baseline 0.002 -4"><span class='ocrx_word' id='word_1_461' title='bbox 183 5026 270 5081; x_wconf 69' lang='lat' dir='ltr'><strong>britti</strong></span> <span class='ocrx_word' id='word_1_462' title='bbox 285 5030 385 5081; x_wconf 59' lang='lat' dir='ltr'><strong>Ormi</strong></span> <span class='ocrx_word' id='word_1_463' title='bbox 1257 5027 1274 5079; x_wconf 83' lang='lat'><strong><em>2</em></strong></span> 
     </span>
    </p>
   </div>
   <div class='ocr_carea' id='block_1_7' title="bbox 0 0 1905 5808">
    <p class='ocr_par' dir='ltr' id='par_1_14' title="bbox 0 0 1905 5808">
     <span class='ocr_line' id='line_1_52' title="bbox 0 0 1905 5808; baseline 0 0"><span class='ocrx_word' id='word_1_464' title='bbox 0 0 1905 5808; x_wconf 95' lang='lat' dir='ltr'><strong> </strong></span> 
     </span>
    </p>
   </div>
  </div>
 </body>
</html>
