3786 5808
457 962 800 1065 uutuonl
849 959 1268 1064 nannieno

749 1160 786 1236 S.
841 1163 883 1236 P.
938 1163 986 1238 D.-

786 1341 945 1351 -n—-u—-n

273 1455 422 1577 collecta
438 1512 563 1593 Kepleri
577 1531 670 1595 opera
683 1531 739 1576 nos
754 1513 887 1577 edituros
901 1533 969 1578 esse
983 1512 1197 1602 promittentes
1216 1511 1291 1574 haec
1314 1508 1543 1592 praemisimus:

271 1618 393 1684 Gentes
415 1618 603 1681 humanitate
628 1621 766 1683 excultae
789 1619 870 1684 viros
894 1621 1041 1702 egregios·
1056 1639 1115 1682 non
1138 1608 1341 1681 monumentis
1364 1621 1483 1677 tantum
1506 1632 1544 1674 ex

183 1745 253 1789 aere
276 1734 332 1790 ant
353 1724 453 1806 lapide
477 1724 633 1807 exigendis
656 1727 847 1789 honorandos
866 1734 991 1808 putant3
1021 1727 1076 1789 sed
1109 1725 1147 1787 ab
1169 1724 1275 1787 inieris
1298 1728 1445 1784 revocant
1467 1738 1541 1801 pro-

182 1833 331 1914 ponendis
353 1832 406 1905 iis,
436 1851 513 1914 quae
536 1840 696 1913 gesserunt
718 1839 751 1894 et
774 1833 964 1914 evigilarunt,
993 1832 1182 1913 virorumque
1206 1832 1243 1893 de
1267 1827 1401 1892 colendis
1426 1846 1540 1907 augen-

182 1938 289 2020 disque
308 1938 405 2001 literis
428 1939 505 2001 bene
527 1938 701 2002 meritorum
724 1940 898 2004 memoriam
925 1939 1063 2002 recolunt
1094 1938 1179 2021 libpis
1212 1954 1313 1999 eornm
1336 1934 1541 2015 divulgendis.

182 2044 274 2126 Apud
298 2041 406 2108 Gallos
429 2045 549 2126 quidem
573 2052 606 2108 et
628 2045 745 2127 Anglos
761 2048 916 2128 italosque
936 2047 983 2109 La
996 2046 1102 2121 Placii,
1126 2042 1269 2120 Neutoni,
1294 2040 1427 2105 Galilaei
1451 2059 1544 2121 opera

182 2151 339 2233 magnilica
362 2159 520 2233 apparatu,
545 2152 758 2234 adjuvantibus
780 2152 965 2234 principibus
989 2160 1021 2215 et
1043 2150 1216 2226 academiis,
1245 2150 1353 2212 iterum
1375 2147 1542 2228 iterumque

181 2257 263 2339 typis
286 2277 432 2339 expressa
454 2266 534 2321 sunt.
582 2260 683 2341 Atque
712 2257 876 2334 Germani,
909 2268 1020 2343 quanto
1054 2260 1154 2323 studio
1187 2264 1309 2320 nostros
1340 2255 1542 2319 recentiorum

178 2363 336 2427 literarum
359 2364 541 2439 conditores,
567 2373 679 2447 quanto
702 2366 814 2428 honore
838 2348 929 2429 viros'
943 2366 980 2428 de
1004 2366 1172 2429 excolenda
1202 2370 1292 2445 gente
1320 2362 1445 2425 meritos
1467 2378 1542 2441 pro·

182 2478 356 2553 aquantur,
381 2471 518 2534 collectis
532 2469 667 2547 Goethii,
684 2469 836 2548 Schilleri,
852 2473 1005 2553 Lessingii
1025 2472 1208 2553 aliorumque
1223 2470 1364 2551 operibus
1379 2472 1542 2529 testentur.

273 2577 329 2640 lile
352 2594 424 2639 vero
442 2579 619 2641 recentioris
643 2578 845 2641 astronomiae
868 2586 974 2643 auctor
997 2585 1029 2642 et
1052 2578 1197 2648 conditor,
1218 2577 1302 2657 cujus
1321 2592 1428 2637 nomen
1446 2571 1476 2632 in
1491 2588 1543 2633 ore

187 2690 239 2746 est
260 2682 405 2759 omnium,
438 2682 603 2767 quicunque
626 2703 784 2767 corporum
807 2686 982 2748 coelestium
1004 2693 1120 2760 motus,
1152 2693 1192 2755 et,
1222 2704 1297 2766 quas
1325 2680 1375 2743 bic
1398 2677 1542 2760 sequitur,

184 2790 286 2871 legum
309 2789 501 2880 aliquatenus
524 2792 610 2872 gnari
633 2798 712 2867 sunt,
737 2781 803 2872 pari
823 2790 923 2855 studio
942 2791 1103 2854 ethonore
1121 2790 1262 2871 indignus
1279 2784 1447 2852 habeatnr?
1471 2782 1542 2845 Mo·

184 2904 328 2959 numento
350 2896 469 2960 scilicet
490 2896 679 2960 Ratisbonae
703 2900 786 2960 iacto
809 2898 886 2961 satis
918 2898 1086 2960 consultum
1113 2897 1219 2960 honori
1241 2890 1433 2976 repleri,
1459 2886 1539 2950 Ger·

184 3004 322 3066 manicae
346 3002 446 3084 gentis
469 3002 622 3085 dignitati,
645 3003 795 3067 desiderio
820 3002 931 3079 eorum,
957 3002 1006 3083 qui
1029 3002 1135 3065 literas
1157 3002 1264 3064 volunt
1286 2999 1353 3063 coli.

273 3110 320 3172 At
341 3109 467 3191 Kepleri
490 3128 596 3191 opera,
625 3118 691 3174 arte
724 3116 757 3173 et
779 3107 940 3190 multiplici
963 3108 1117 3185 doctrina,
1137 3105 1302 3172 meditandi
1325 3111 1357 3167 et
1380 3116 1541 3181 argumen-

184 3216 269 3278 tandi
292 3216 473 3287 subtilitate,
498 3217 639 3280 dictionis
662 3212 774 3298 partim
797 3216 916 3298 poetico
940 3215 1047 3279 ardore
1071 3212 1281 3278 incalescentis
1305 3206 1467 3291 elegantia,
1496 3205 1543 3268 114

184 3322 266 3384 sciro
289 3321 392 3413 lepore
416 3323 595 3404 facetiisque
618 3324 759 3405 insignia,
784 3323 894 3387 libellis
917 3323 997 3400 istis,
1022 3322 1072 3404 qui
1091 3330 1194 3386 nostro
1214 3338 1288 3382 aeuo
1309 3318 1464 3396 literarum
1481 3312 1545 3376 sei-

184 3429 452 3492 lioetamantibus
474 3426 727 3507 commendantur,
751 3430 951 3512 praeferenda
973 3448 1046 3493 sane
1070 3435 1196 3493 suntet
1218 3426 1316 3508 magis
1340 3420 1445 3505 digna,
1471 3439 1546 3503 quac

187 3534 388 3599 bibliothecas
411 3544 526 3612 ornent,
552 3545 585 3599 et
608 3539 680 3602 viris
703 3537 821 3602 illarum
843 3557 943 3600 rernm
966 3536 1109 3601 studiosis
1133 3536 1269 3617 aptiore,
1295 3550 1383 3615 qnam
1406 3547 1467 3611 qua
1489 3526 1545 3589 du·
1591 3602 1598 3619 x

187 3642 285 3706 centia
309 3643 527 3725 qninquaginta
550 3645 636 3708 annis
660 3644 769 3708 abhinc
791 3641 919 3725 primum
943 3644 973 3706 in
997 3646 1094 3707 lucem
1116 3641 1307 3724 prodierunt,
1338 3639 1436 3700 forma
1456 3650 1546 3695 man·

188 3748 306 3813 dentur.
352 3748 480 3813 Praeter
503 3751 616 3831 primas
640 3750 788 3814 editiones
813 3773 832 3813 a
853 3751 987 3831 Keplero
1016 3751 1083 3831 ipso
1114 3747 1270 3811 institutas
1293 3763 1353 3808 non
1375 3742 1463 3806 modo
1487 3756 1547 3801 uon

187 3854 308 3918 collecti
330 3856 396 3938 ejus
419 3856 488 3919 libri
512 3876 565 3920 seu
588 3877 705 3934 omnes,
732 3878 784 3920 sen
806 3858 955 3939 potiores,
979 3858 1048 3930 sed,
1072 3856 1177 3937 paucis
1200 3852 1353 3934 exceptis,
1378 3868 1415 3912 ne
1439 3842 1547 3925 singuli

189 3961 308 4044 quidem
331 3964 427 4026 denuo
451 3971 522 4026 sunt
544 3964 625 4046 typis
649 3964 802 4044 exscripti.
836 3965 923 4028 Unde
943 3946 1069 4039 facturn,¹
1089 3962 1191 4025 utrix
1213 3959 1275 4021 ulla
1292 3954 1336 4022 sit
1352 3953 1546 4026 bibliotheca,

187 4068 219 4131 11
242 4086 302 4151 qua
325 4089 430 4133 omnes
453 4070 518 4151 ejus
542 4068 609 4132 libri
632 4071 830 4152 reperiantur.

276 4177 407 4239 Multum
434 4195 508 4239 sane
537 4195 646 4258 operae
675 4176 845 4257 laborisque
874 4174 1106 4237 consumendum
1133 4179 1201 4235 erat
1223 4173 1253 4235 in
1278 4165 1454 4251 colligendis
1478 4164 1547 4227 istis

189 4300 307 4365 quoquo
330 4300 437 4345 versus
460 4282 594 4365 disjectis
618 4280 768 4364 operibus,
792 4301 849 4344 nec
871 4281 929 4343 nisi
948 4281 1109 4344 multorum
1129 4297 1273 4363 annorum
1292 4277 1396 4341 labore
1412 4280 1546 4336 111111-

187 4389 270 4452 tibus
291 4408 341 4452 111
364 4388 404 4451 ad
427 4398 578 4462 eventum,
602 4408 689 4470 quem
708 4388 927 4471 exoptavimus,
952 4388 1083 4450 adducta
1102 4394 1160 4451 est.
1189 4388 1325 4449 Insumto
1344 4389 1446 4446 autem
1460 4384 1546 4441 11111
1643 4472 1646 4477 ἢ

186 4496 291 4559 labore
314 4495 346 4558 id
369 4495 499 4576 egimus,
523 4504 572 4572 ut,
602 4495 739 4558 collectis
767 4495 814 4559 his
842 4495 982 4578 operibus
1013 4502 1044 4557 et
1068 4494 1096 4556 in
1121 4495 1247 4555 11111111
1270 4492 1358 4573 hujus
1381 4486 1474 4551 seculi
1497 4474 1546 4546 in-

187 4600 276 4681 genio
309 4599 408 4682 magis
440 4620 601 4681 congruam
633 4602 782 4678 redactis,
807 4602 874 4665 Viri
905 4608 1029 4682 propter
1056 4598 1163 4681 judicii
1195 4599 1396 4662 subtilitatem
1423 4600 1549 4657 aeterna

186 4707 333 4770 memoria
355 4706 439 4787 digni
461 4726 568 4770 nomen
592 4708 622 4770 in
646 4708 808 4771 illustriore
832 4715 1022 4771 monumento
1046 4726 1234 4788 poneremus.

279 4812 329 4875 Ad
352 4812 385 4875 id
407 4812 594 4877 alliciendum
617 4822 749 4896 quantae
771 4812 967 4880 difficultates
990 4820 1022 4876 et
1044 4813 1259 4896 impedimenta
1280 4809 1394 4875 homini
1417 4806 1545 4887 privato,

186 4918 358 5002 splendidis
376 4919 496 4984 auxiliis
511 4919 667 4999 destituto,
692 4922 863 5004 superanda
881 4920 1005 4998 luerint,
1030 4940 1117 4985 nemo
1136 4938 1194 4983 nou
1213 4918 1374 5000 intelliget.
1408 4910 1545 4976 Vicimus
