3838 5824
741 362 824 428 coc
839 362 968 417 n-xn.
1475 336 1548 435 ras

176 525 272 586 babet,
287 539 336 577 cor
347 540 435 594 prosa
448 524 493 588 sit
509 524 668 596 quam'ejus
683 524 831 591 contraria,
845 526 900 580 hoo
912 525 981 596 ipso,
1002 524 1068 596 quia
1081 524 1223 580 contraria
1236 524 1298 594 ejus
1312 525 1466 597 concipitur
1479 544 1541 582 esse

176 604 205 658 ia
228 620 283 656 non
307 609 387 658 ente:
412 621 484 675 quae
507 604 531 657 si
545 604 629 658 etiam
652 620 737 673 prosa
759 604 835 659 facta
858 612 941 668 esset,
966 607 1080 659 muudus
1095 612 1187 659 tamen
1203 604 1299 659 similis
1321 605 1385 660 huie
1398 607 1541 675 praesenti

177 684 268 737 raama
281 688 367 738 esset.
410 683 586 754 Comparatio
609 684 699 737 locum
713 700 768 737 non
782 685 870 739 babet
882 686 1051 749 mundorum,
1073 686 1121 739 ubi
1141 701 1211 739 uuus
1233 685 1309 738 solus
1323 692 1376 740 est
1403 687 1542 753 ⁴Valeant

177 763 273 832 itaque
292 763 472 832 quaestiones
495 763 651 832 hujusmodi
670 764 841 828 materiales,
865 772 895 819 et
917 782 978 820 cunr
992 765 1088 821 iisdem
1110 765 1196 819 etiarn
1218 765 1334 819 metatio
1352 766 1466 829 zodiaci,
1492 783 1541 820 seu

177 841 270 913 posim
285 837 365 912 (quia
374 843 420 897 bic
432 842 501 897 locis
515 842 573 897 suis
586 844 698 898 excedit
714 844 777 898 sori
796 838 938 912 successu)
954 843 1016 900 riae
1029 844 1127 916 regiae
1151 844 1287 899 aSolaris
1302 844 1424 915 corporis
1439 845 1541 900 circmo

177 921 324 991 interejns
344 924 424 992 polos
442 923 531 977 medio
545 928 727 977 mostrataa
771 925 843 979 Nam
866 925 890 979 si
903 925 961 995 poli
984 932 1014 978 et
1035 924 1097 978 axis
1120 923 1243 994 corporis
1256 924 1362 979 Solaris
1386 925 1413 979 in
1436 927 1541 997 plagas

178 1000 269 1056 mundi
293 1001 365 1055 alias
388 1001 462 1057 versi
482 1003 608 1066 fuissent,
633 1003 718 1058 etiam
741 1003 789 1058 ria
801 1005 884 1077 regia
906 1004 965 1059 alia
987 1003 1087 1058 ltrisset
1100 1007 1238 1058 traducta.
1281 1005 1358 1065 Quod
1380 1004 1449 1058 idem
1464 1012 1494 1059 et
1507 1006 1541 1058 de

177 1079 274 1152 lgun‘s
287 1083 458 1136 dodecaddro
472 1090 503 1137 et
515 1083 658 1139 ioosaedro
672 1083 822 1139 dicendum.
864 1084 966 1139 Demus
988 1084 1068 1147 enirn,
1092 1100 1189 1137 munus
1210 1082 1333 1153 ipsarum
1346 1100 1417 1146 esse.
1441 1083 1541 1139 metari

179 1161 318 1215 audiamur
341 1161 509 1217 santonibus
531 1164 634 1218 motuis
656 1165 785 1228 laterum,
809 1171 839 1218 ot
852 1165 921 1218 certi
935 1165 1046 1234 quidem
1066 1163 1176 1226 ordinis,
1201 1180 1237 1216 ex
1257 1181 1317 1226 sex,
1342 1180 1410 1233 qnos
1423 1162 1541 1219 diximus

59 1248 62 1253 ⁴
179 1258 240 1294 asse
254 1239 415 1310 possibiles:
440 1248 515 1298 certa
530 1244 670 1301 mamiato
682 1245 835 1317 figurarum
856 1243 912 1299 situ
934 1245 963 1299 in
980 1246 1080 1299 mundo
1097 1242 1193 1299 mutili
1216 1244 1296 1299 sedes
1314 1243 1400 1298 etiam
1423 1243 1481 1299 alia
1494 1260 1541 1298 ao·

178 1320 256 1374 diaeo
277 1320 446 1393 obtingeret.
801 1350 804 1355 ¹

774 1510 946 1519 u——.--—-

744 1726 865 1826 Caput
890 1725 978 1800 XII.

606 1884 739 1949 Danao
760 1880 888 1949 zodiaci
908 1893 939 1949 ct
960 1891 1112 1966 mactata

168 2102 174 2109 ι
267 2026 359 2090 Multi
391 2025 570 2089 divisionem
601 2025 744 2088 zodiaci
777 2026 807 2088 in
841 2026 995 2088 duodecim
1028 2023 1169 2106 praecisa
1198 2023 1286 2103 signa
1312 2041 1367 2105 pro
1398 2023 1540 2102 figmento

180 2118 309 2179 humano
337 2116 488 2189 habuere,
518 2115 574 2177 tali
600 2134 725 2197 nempe,
757 2115 805 2177 cui
832 2115 907 2177 nihil
935 2115 977 2177 rei
1007 2113 1154 2177 naturalis
1179 2112 1287 2174 subsit.
1333 2112 1439 2193 Neque
1463 2110 1541 2172 enirn

180 2206 255 2268 baec
287 2226 381 2285 μορια
408 2203 522 2266 viribus
555 2211 609 2265 aut
636 2203 844 2266 affectionibus
877 2204 995 2266 differre
1027 2202 1216 2264 naturalibus
1248 2200 1452 2273 arbitrantur,
1486 2199 1541 2260 sed

180 2301 317 2357 assumta
338 2300 462 2372 propter
485 2293 600 2354 numeri
624 2293 662 2354 ad
685 2293 819 2355 rationes
843 2292 1052 2371 aptitudinem.
1100 2288 1218 2361 Quibus
1246 2288 1306 2351 etsi
1333 2308 1391 2351 non
1420 2288 1540 2349 omniuo
1633 2342 1637 2346 n

180 2400 330 2462 repugno,
362 2388 463 2443 tamen
492 2401 529 2441 ne
557 2380 626 2460 quid
657 2390 770 2445 temere
800 2380 970 2461 rejiciatur,
1004 2400 1042 2442 ex
1069 2377 1177 2440 iisdem
1203 2376 1358 2459 principiis
1383 2374 1540 2463 divisionis

180 2471 267 2550 hujus
299 2488 424 2533 causam
457 2487 641 2549 proponam,
675 2471 714 2532 ad
747 2489 836 2550 quam
860 2468 1036 2533 Creatorem
1066 2467 1268 2547 proprietates
1301 2467 1342 2537 (si
1372 2484 1446 2546 quas
1469 2465 1540 2527 illae

182 2558 344 2621 distinctas
369 2558 497 2632 habent)
521 2559 767 2641 accommodasse
791 2578 862 2622 vero
886 2577 944 2620 uon
970 2558 1027 2619 erit
1051 2556 1199 2618 absimile.
1214 2558 1242 2629 ⁸)

268 2647 471 2710 Numerorum
493 2646 659 2727 subjectum
682 2647 831 2726 quodnam
859 2647 915 2719 sit,
945 2666 1038 2726 supra
1067 2643 1205 2707 vidimus.
1251 2642 1294 2704 Et
1315 2650 1397 2703 certe
1420 2646 1542 2721 praeter

181 2743 326 2817 quantum
350 2743 403 2797 aut
421 2744 533 2819 quanto
552 2736 660 2811 simile,
684 2737 822 2815 potentia
836 2735 1034 2816 qualicunque
1048 2732 1228 2814 praeditum,
1252 2730 1326 2792 nibil
1350 2735 1398 2788 est
1420 2728 1450 2789 in
1474 2734 1540 2789 toto

182 2825 321 2886 universo
345 2819 545 2899 numerabile,
561 2832 684 2904 praeter
706 2824 814 2896 Deum,
838 2825 888 2905 qui
910 2823 1064 2903 ipsissima
1086 2819 1258 2882 veneranda
1281 2817 1415 2879 Trinitas
1437 2823 1495 2876 est.
1510 2813 1540 2886 b)

180 2913 252 2975 Jam
276 2913 367 2993 igitur
390 2908 517 2991 corpora
540 2912 640 2975 omnia
665 2912 861 2974 dissernimus
883 2931 938 2992 per
966 2910 1132 2972 zodiacum.
1149 2911 1175 2981 ⁰)
1220 2906 1405 2976 Videamus,
1436 2902 1542 2982 ecquid

182 3003 317 3063 sectione
340 3002 398 3063 bac
421 3000 563 3064 zodiacus
586 3002 652 3081 ipse
675 3001 803 3080 adeptus
827 3001 876 3063 vel
898 3018 1008 3080 passus
1032 2995 1128 3069 sit.‘¹)
1165 2993 1322 3057 Sectorum
1347 2992 1439 3070 igitur
1462 2991 1543 3052 dicto

182 3092 269 3153 modo
300 3089 369 3151 cubi
399 3088 492 3151 facies
516 3110 553 3152 ex
577 3088 711 3152 sectione
735 3089 887 3151 resultans
911 3088 969 3150 erit
991 3087 1150 3168 quadrata,
1175 3091 1209 3145 ut
1231 3090 1263 3144 et
1280 3080 1425 3153 octaedri,
1448 3097 1543 3161 pyra-

182 3179 271 3241 midis
296 3178 465 3257 triangula,
493 3179 674 3259 reliquorum
702 3177 827 3239 duorum
855 3176 1032 3257 decangula.
1080 3172 1198 3244 Quater
1220 3171 1280 3233 tria
1303 3168 1405 3231 decies
1429 3166 1545 3228 iaciunt

184 3286 331 3330 summam
355 3276 473 3329 centurn
498 3276 531 3329 et
553 3267 669 3348 viginti.
716 3266 813 3346 Igitur
836 3267 982 3345 inscripta
1004 3264 1114 3326 circuio
1139 3260 1324 3341 quadratum,
1350 3255 1543 3336 triangulum,

184 3356 383 3434 decaogulnm
412 3355 450 3416 ad
478 3356 558 3417 idern
591 3363 733 3437 punctum
763 3374 851 3418 arcus
878 3356 981 3417 varios
1012 3353 1042 3414 in
1075 3347 1317 3414 circumferentia
1345 3345 1545 3425 distinguunt,

186 3464 260 3526 quos
284 3463 388 3506 omnes
411 3444 535 3507 metitur
556 3445 655 3525 portio
683 3463 741 3505 uou
769 3444 867 3524 major
897 3443 1062 3506 centesima
1084 3441 1169 3503 vice·

184 3534 260 3595 sima
284 3534 378 3594 totius
402 3533 514 3594 circuli.
561 3532 720 3596 Naturalis
743 3530 835 3612 igitur
863 3533 969 3595 divisio
998 3530 1113 3593 zodiaci
1137 3529 1166 3591 in

188 3619 249 3685 120
272 3641 310 3682 ex
333 3621 463 3701 regulari
488 3621 548 3683 situ
571 3640 727 3701 corporum
751 3620 831 3682 inter
853 3623 952 3684 orbes.
992 3618 1085 3700 (iujos
1108 3620 1165 3681 tri·

185 3710 266 3790 plurn
290 3708 421 3771 comsit
444 3703 526 3782 360,
554 3710 689 3772 videmus
717 3709 795 3771 hanc
819 3709 995 3771 divisionem
1019 3728 1076 3770 non
1101 3727 1167 3769 orn·

184 3799 253 3861 nino
268 3798 351 3860 nulla
365 3798 480 3881 ratione
496 3798 562 3860 niti.
594 3798 664 3861 Jaru
685 3798 710 3860 si
730 3798 908 3877 quadratum
932 3806 964 3859 et
986 3796 1168 3877 triangulum
1215 3843 1218 3856 .

185 3906 301 3949 rursum
325 3906 362 3949 ex
386 3887 490 3948 eodem
514 3896 624 3968 puncto
648 3888 813 3967 separatim
830 3886 1044 3960 describamus,
1068 3886 1167 3965 portio

185 3975 287 4037 circuli
320 3975 443 4036 minima
474 3976 533 4037 erit
563 3995 635 4057 pars
669 3975 845 4038 duodecima
878 3975 1025 4050 ambitus,
1062 3992 1168 4054 nempe
1227 3981 1230 3992 “

186 4065 348 4144 signum:
382 4064 426 4126 Ut
458 4065 562 4127 mirum
594 4067 653 4137 sit,
687 4072 719 4126 et
750 4073 862 4126 motum
891 4061 972 4126 Solis
1002 4073 1035 4127 et
1064 4065 1169 4127 Lunae

186 4164 372 4216 menstruum
386 4155 414 4227 ·)
443 4161 476 4216 et
498 4154 724 4233 conjunctiones
749 4171 876 4234 magnas
899 4153 1085 4231 superiorum
1108 4161 1170 4215 tarn

186 4254 257 4326 apte
281 4243 429 4323 quadrare
453 4242 491 4303 ad
514 4245 683 4324 portiones,
715 4261 791 4323 quae
820 4242 858 4304 ab
886 4243 1047 4305 eorundem
1076 4242 1250 4322 corporibus
1277 4262 1332 4326 per
1362 4243 1545 4325 triangulum

186 4341 217 4395 et
239 4331 419 4413 quadratum
442 4328 714 4411 distinguamus&

275 4419 377 4501 Atque
402 4420 478 4480 adeo
503 4440 591 4500 quam
615 4420 691 4481 haec
715 4419 901 4481 duodenaria
924 4417 1032 4480 divisio
1051 4437 1144 4498 penes
1158 4428 1296 4481 naturam
1320 4418 1349 4482 in
1373 4419 1470 4498 pretio
1494 4418 1546 4491 sit,

187 4510 324 4589 exemplo
348 4527 423 4589 cape
448 4516 606 4585 extraneo,
637 4517 670 4569 ut
694 4507 829 4586 quamvis
854 4527 947 4569 causa
969 4527 1026 4569 non
1051 4507 1168 4567 omniuo
1198 4507 1322 4586 cognita
1350 4509 1409 4581 sit,
1442 4513 1544 4568 tamen

187 4599 307 4661 occasio
331 4603 446 4679 pateat,
471 4596 597 4659 subinde
621 4596 806 4678 praeclarius
831 4596 867 4655 de
893 4596 938 4658 his
963 4596 1090 4677 quinque
1114 4596 1216 4675 liguris
1239 4595 1443 4667 sentiendi.‘)

274 4686 352 4748 Esto
375 4686 533 4767 proposita
556 4687 630 4748 fides
655 4686 765 4767 aliqua,
789 4684 914 4765 eJusque
939 4705 1030 4746 sonus
1049 4686 1076 4746 Γ
1094 4691 1136 4745 ut.
1169 4683 1268 4764 Igitur
1290 4692 1364 4763 quot
1442 4689 1545 4700 ““““

187 4783 348 4839 occurrunt
367 4792 457 4835 voces
476 4795 496 4836 a
514 4778 541 4838 Γ
558 4795 652 4855 usque
675 4775 714 4837 ad
738 4780 876 4835 octavam
900 4780 1100 4835 consonantes
1120 4791 1185 4833 curn
1204 4774 1237 4846 Γ,
1261 4770 1362 4847 toties,
1385 4807 1545 4866 ’,ἦ
1570 4773 1574 4780 “

188 4884 242 4931 nec
266 4862 400 4949 saepius,
422 4869 511 4949 potes
535 4864 623 4931 fldem
647 4861 839 4933 rationaliter
861 4861 1008 4943 dividere,
1033 4860 1077 4921 sic
1102 4867 1133 4922 ut
1158 4860 1273 4925 divisas
1296 4860 1364 4922 fidis
1386 4865 1490 4942 partes
1514 4865 1546 4918 et
