3814 5818
370 354 437 425 tid
917 354 1180 424 summamque

371 512 589 580 demonstratio
611 513 702 593 plane
724 512 798 575 nihil
822 514 885 576 ts'le
909 514 1037 577 redolet.
1083 513 1164 578 Nam
1187 521 1219 577 et
1240 513 1366 576 liberum
1385 513 1566 577 astronomis
1587 510 1732 595 relinquit

370 605 435 667 siue
459 602 650 665 concentrico
676 620 743 664 cum
767 601 902 685 epieycln
924 602 1021 665 velint
1043 603 1087 665 oti
1110 603 1141 665 in
1164 602 1300 665 omnibns
1324 602 1466 683 quinque,
1501 602 1551 683 qni
1580 602 1731 664 stationes

372 693 496 767 iaciunt,
520 691 585 753 sive
601 690 770 752 eccentrico
784 690 814 753 in
838 692 934 754 tribus
957 692 1176 772 superioribus3
1209 699 1242 753 et
1264 692 1338 754 nihil
1361 691 1405 753 illi
1430 710 1520 754 corae
1543 698 1592 754 est
1614 689 1730 753 orbium

369 782 556 845 divorsomm
579 798 673 841 cansa
695 779 773 841 situs
796 780 844 843 vel
867 779 1083 861 magnitudinis
1111 789 1217 844 mutua
1245 781 1441 860 comparatio.
1487 778 1629 859 Respicit
1650 776 1729 840 euim

369 870 437 951 ejus
459 867 680 931 demonstratio
708 887 798 930 noum
822 869 920 931 solum
946 868 1117 949 planetam,
1151 887 1277 950 eumque
1306 888 1365 932 non
1388 869 1492 941 aliter,
1526 868 1583 930 nisi
1606 873 1731 947 propter

370 958 488 1020 unicum
512 956 678 1019 stationum
701 963 733 1018 et
755 975 947 1037 regresauum
970 978 1157 1036 porsonam.
1203 958 1271 1020 Non
1296 965 1345 1019 est
1365 958 1458 1038 igitur
1471 956 1627 1038 Apollonii
1654 972 1729 1035 pro·

369 1047 470 1109 hlema
499 1064 556 1126 pro
588 1044 805 1128 hypothesibus
833 1045 1045 1108 astronomicis
1077 1047 1258 1109 habendum.
1305 1047 1412 1120 Addo,
1441 1047 1525 1127 quod
1548 1063 1586 1107 ne
1609 1043 1730 1123 quidem

370 1136 409 1197 ad
437 1135 525 1196 unius
555 1134 699 1213 planetae
726 1141 827 1196 motos
857 1134 1108 1197 demonstrandos
1141 1135 1326 1197 sufficientes
1359 1135 1505 1197 assumsit
1535 1132 1728 1216 hypotheses,

370 1242 438 1287 oum
460 1230 651 1285 eammctua
674 1222 935 1302 inaequalitatem,
971 1241 1048 1306 quae
1071 1224 1111 1285 ad
1135 1225 1262 1287 eundem
1284 1222 1402 1286 zodiaci
1425 1224 1523 1286 locum
1550 1221 1730 1291 restituitur,

370 1313 409 1374 de
432 1311 582 1373 industria
604 1309 795 1390 praeteriret.
843 1310 910 1382 Quo
925 1312 1117 1374 manifestum
1141 1312 1224 1384 fecit,
1247 1312 1321 1375 nihil
1335 1312 1415 1374 aliud
1434 1331 1469 1374 se
1483 1329 1627 1392 quaerere
1640 1328 1731 1389 quam

370 1400 588 1482 geometricam
611 1399 812 1462 conclusionis
835 1419 873 1462 ex
896 1401 1041 1463 assumtis
1064 1401 1212 1463 deductae
1227 1400 1448 1477 certitudinem,
1473 1418 1550 1482 qnae
1564 1399 1730 1461 vehemen-

371 1497 418 1551 ter
441 1488 614 1567 iugeniosos
637 1489 893 1569 contemplatores
917 1490 1070 1552 delectare
1094 1490 1184 1553 solet.

458 1575 529 1638 Jam
553 1583 587 1638 ut
599 1577 810 1651 concedamus,
833 1595 888 1657 pro
911 1578 1129 1660 hypothesibus
1144 1579 1238 1658 justis
1252 1577 1392 1641 habenda
1405 1576 1616 1639 demonstrata
1628 1573 1729 1654 Apol·

371 1663 452 1740 lonii,
478 1665 558 1746 quod
576 1665 644 1745 jam
666 1665 830 1729 refutatum
854 1674 911 1742 est,
937 1668 1093 1729 desumtas
1116 1674 1217 1729 tamen
1242 1664 1512 1745 auttranspositas
1535 1681 1575 1725 ex
1587 1663 1731 1726 Aristar·

370 1753 496 1829 chianis,
512 1754 579 1834 quis
590 1754 670 1817 Urso
685 1754 810 1816 credet?
833 1754 956 1817 Etenim
971 1774 1081 1836 magna
1093 1754 1312 1836 probabilitate
1326 1753 1493 1827 contendit,
1509 1753 1558 1815 uel
1572 1752 1730 1832 ignoratas
1754 1826 1758 1833 ι

369 1843 420 1903 uel
434 1861 492 1904 non
507 1841 681 1904 intellectas
697 1862 765 1904 esse
779 1843 952 1906 Aristarchi
970 1844 1182 1924 conceptiones
1195 1843 1368 1924 Apollonio.
1414 1841 1536 1904 Etenim
1559 1859 1626 1903 cnm
1640 1839 1732 1903 sciret

370 1929 562 2010 Apollonius,
587 1930 767 2011 quibusdam
789 1949 829 1993 ex
851 1933 1036 1995 astronomis
1058 1934 1179 2012 placere
1203 1932 1403 2008 eccentricos,
1433 1929 1502 1993 aliis
1525 1927 1733 1992 concentricos

371 2037 439 2081 oum
462 2018 607 2099 epieyclo‚
633 2019 790 2098 problema
812 2039 898 2082 suum
921 2020 1055 2102 utrisque
1079 2021 1326 2084 accommodarit.
1374 2018 1463 2091 Quor
1486 2018 1514 2080 si
1537 2018 1575 2080 de
1588 2016 1729 2079 Aristar-

372 2106 483 2170 chiana
505 2105 618 2168 Terrae
641 2108 794 2170 volutione
818 2108 968 2183 scivisset,
992 2110 1083 2172 credo
1098 2109 1246 2189 equidem,
1271 2127 1365 2189 aeque
1380 2108 1470 2171 facile
1494 2107 1533 2169 ad
1547 2106 1631 2170 illam
1646 2123 1732 2168 snum

371 2194 528 2276 problema
554 2196 777 2258 conformasset
806 2216 841 2259 ιι
864 2204 936 2277 post
963 2216 1032 2260 eum
1060 2197 1255 2279 Cepernicus.
1300 2197 1436 2271 Deinde,
1470 2194 1497 2258 si
1519 2193 1731 2258 Aristarchum

373 2282 541 2364 exprimere
564 2284 727 2347 voluisset:
763 2285 834 2365 quid
862 2305 976 2367 quaeso
998 2306 1074 2368 opos
1104 2286 1149 2349 illi
1177 2287 1286 2349 fuisset
1314 2304 1467 2360 asserere,
1496 2284 1575 2364 qnod
1596 2277 1733 2345 centrum

372 2370 735 2454 eccentrici‘aeqnaliter
766 2393 834 2436 cum
856 2372 929 2438 Sole
960 2375 1134 2438 moveatur?
1180 2375 1301 2447 Quanto
1334 2374 1431 2455 majus
1465 2373 1590 2436 iecisset
1621 2389 1732 2450 operae

372 2459 592 2541 compendium,
608 2462 645 2537 si,
661 2463 740 2542 quod
756 2462 845 2525 hodie
860 2464 973 2546 Tycha
989 2466 1173 2527 asseruisset
1190 2463 1320 2526 omnium
1338 2465 1526 2545 planetarum
1544 2467 1651 2522 ιιιιιι
1664 2478 1732 2522 esse

372 2549 404 2612 in
427 2547 511 2613 Sole.
557 2550 655 2625 Nono,
679 2569 746 2614 cum
769 2560 892 2632 separet
913 2562 1019 2615 centra
1040 2553 1230 2634 planetarum
1253 2573 1272 2615 a
1294 2551 1367 2614 Sole
1390 2561 1423 2613 et
1445 2549 1639 2623 abinvicem,
1664 2566 1732 2611 cer·

373 2646 423 2700 tas
447 2645 479 2699 et
503 2637 687 2720 aTychonis
711 2639 799 2720 longe
824 2641 962 2705 diversas
984 2650 1083 2705 metas
1098 2641 1299 2704 exstruendae
1313 2642 1438 2703 ‘formae
1451 2638 1626 2708 mundanae
1639 2655 1732 2717 prae-

372 2725 438 2789 llxit
464 2725 502 2788 iis
527 2727 576 2808 qni
604 2726 662 2789 hoc
685 2728 834 2793 voluerint
859 2739 1026 2810 praestare.
1073 2732 1152 2794 Nam
1181 2738 1253 2811 post
1274 2731 1363 2793 orbes
1387 2729 1491 2791 Lunae
1521 2734 1659 2809 systema
1681 2743 1733 2787 se·

372 2822 481 2896 quetur
503 2817 526 2892 ι
549 2835 616 2878 ιιι
639 2817 785 2898 epieycln,
811 2837 903 2899 supra
925 2820 1004 2883 hunc
1029 2818 1054 2893 Ω
1077 2837 1143 2882 cum
1167 2819 1303 2902 epieycln
1320 2817 1409 2899 longe
1433 2814 1637 2895 amplissimo:
1669 2822 1733 2875 tum

372 2903 436 2966 Sol.
481 2903 525 2965 Et
552 2904 618 2983 jam
651 2923 743 2985 supra
775 2905 880 2969 Solem
901 2907 929 2970 L
952 2909 994 2979 (si
1026 2908 1065 2969 ad
1098 2909 1221 2971 schema
1244 2904 1274 2971 5.
1307 2906 1494 2987 respexeris)
1516 2903 1560 2978 Ε,
1595 2909 1731 2966 centrum

373 2991 535 3055 eccentrici
558 3000 584 3063 d
606 3000 670 3055 tam
693 2994 756 3056 alte
780 2995 933 3059 sublatum
956 2996 1135 3071 circumibit,
1152 3005 1187 3059 ιι
1208 2994 1262 3059 ΕΟ
1288 2997 1379 3077 (quae
1403 3001 1519 3057 certam
1541 2991 1637 3056 habet
1657 3010 1730 3072 pro-

372 3079 548 3160 portionem
567 3082 605 3144 ad
629 3081 698 3154 EF)
726 3083 844 3163 longior
872 3086 927 3160 sit,
957 3103 1046 3165 quam
1069 3085 1137 3159 EF,
1169 3104 1207 3147 ne
1235 3084 1315 3147 orbis
1344 3083 1426 3146 Solis
1454 3082 1615 3163 aliquando
1639 3078 1732 3142 Marti

372 3176 501 3249 cogetur
529 3169 691 3249 hospitium
714 3174 875 3252 praehere,
910 3174 988 3256 quod
1016 3173 1153 3235 omnibns
1181 3173 1242 3236 illis
1270 3172 1457 3254 impossibile
1484 3170 1580 3232 videri
1608 3187 1732 3231 ιιιιιιι

361 3266 431 3329 ιιι,
455 3258 507 3339 qui
528 3257 700 3337 palpabiles
724 3268 756 3322 et
779 3261 991 3323 adamantinos
1015 3262 1104 3324 orbes
1126 3281 1193 3324 cum
1208 3261 1375 3325 Aristotele
1394 3261 1529 3323 credunt
1574 3259 1641 3321 Hoc
1654 3257 1733 3320 enim

372 3352 430 3419 est,
456 3346 537 3424 qnod
560 3364 754 3426 permagnam
779 3348 853 3410 iacit
876 3350 1075 3412 differentiam
1108 3349 1188 3413 inter
1211 3369 1298 3413 veras
1317 3348 1472 3429 Apollonii
1495 3347 1679 3428 hypotheses
1703 3353 1735 3408 et

371 3452 437 3506 eas,
462 3452 538 3513 quas
560 3435 658 3497 Ursus
681 3434 728 3497 illi
752 3437 870 3515 affingit
892 3440 975 3511 (cnm
993 3438 1144 3519 'lychonis
1168 3440 1254 3513 sint),
1280 3440 1357 3519 quod
1380 3438 1518 3519 utrinque
1543 3435 1676 3516 quidem,
1700 3442 1734 3496 ut

371 3540 466 3601 snpra
492 3522 761 3600 demonstratum„
783 3526 923 3597 stella&
950 3526 981 3588 in
1005 3527 1174 3589 eccentrico
1204 3525 1225 3590 2
1254 3528 1328 3590 locis
1357 3526 1484 3589 incurrit
1511 3532 1610 3587 metas
1637 3521 1735 3585 centri

371 3609 547 3673 eccentrici:
571 3610 705 3694 Tychoni
732 3632 804 3676 vero
827 3615 952 3679 eaedem
975 3621 1091 3692 metae,
1125 3614 1205 3679 idem
1238 3615 1366 3679 circulus
1389 3623 1438 3677 est
1469 3621 1509 3689 et
1523 3611 1606 3676 Solis
1627 3612 1732 3692 ipsius,

370 3699 473 3778 itaque
496 3707 522 3770 ὁ
544 3699 588 3763 illi
612 3700 700 3782 longe
723 3703 805 3765 intra
828 3701 910 3767 Solis
933 3704 1192 3787 propinquitatem
1220 3703 1260 3766 ad
1284 3705 1394 3767 Terras
1422 3702 1599 3766 descendit:
1632 3700 1734 3780 Apol·

373 3787 453 3850 lonio
476 3788 597 3855 minime
620 3790 670 3853 vel
693 3799 777 3855 certe
800 3811 860 3855 uon
874 3794 1063 3868 necessario;
1088 3794 1222 3877 Tychoni
1237 3793 1294 3855 hoc
1314 3812 1352 3856 ex
1365 3790 1626 3856 observationibus
1648 3808 1734 3851 com·

371 3884 500 3958 partum,
524 3876 703 3943 diversitate
726 3890 871 3960 aspectus
893 3902 959 3945 rem
981 3882 1123 3946 subtilem
1145 3882 1369 3964 patefaciente:
1395 3879 1558 3961 Apollonio
1571 3879 1656 3942 nulla
1678 3877 1734 3941 oh·

371 3976 514 4044 semaa,
551 3968 659 4051 quibus
691 3971 876 4034 ιιιιιιιίιιι
906 3971 1038 4034 evincat.
1085 3970 1138 4039 Sic
1171 3989 1243 4053 ergo
1276 3978 1302 4041 d
1334 3970 1363 4032 in
1391 3970 1553 4051 Apollonio
1586 3986 1734 4049 nunquam

370 4056 510 4120 humilior
533 4056 605 4121 Sole
628 4058 796 4137 fingendus.

458 4147 504 4209 Ut
535 4153 637 4208 antem
669 4165 707 4209 ex
730 4146 884 4227 Apollonii
911 4147 1129 4211 demonstratis
1153 4155 1288 4210 centrum
1316 4147 1477 4210 eccentrici
1499 4145 1611 4209 Martis
1644 4161 1736 4224 supra

372 4233 477 4298 Solem
495 4234 774 4299 circumducendum
797 4244 889 4312 esset,
915 4237 960 4299 ita
973 4235 1098 4300 Saturni
1121 4242 1255 4298 ιιιιιιιι
1279 4236 1359 4298 inira
1377 4234 1490 4311 Solem,
1515 4233 1644 4298 omnium
1664 4250 1735 4295 vero

370 4323 460 4386 trium
488 4324 537 4385 vel
565 4321 748 4401 longissimis
778 4324 948 4388 interuallis
975 4345 1070 4407 supra
1093 4321 1133 4402 Θ
1158 4324 1313 4388 circumire
1347 4323 1420 4387 nihil
1450 4324 1620 4405 prohibeat.
1666 4318 1735 4392 Quo

370 4412 459 4474 modo
489 4411 572 4475 nulla
598 4420 683 4475 corta
709 4413 789 4476 ratio
821 4413 880 4477 erit
909 4413 1120 4496 proportiones
1144 4413 1261 4477 orbium
1292 4422 1327 4476 nt
1354 4414 1435 4495 apud
1458 4411 1672 4476 Aristarchum
1704 4417 1737 4472 et

373 4500 546 4582 Tychonem
566 4499 770 4581 investigandi
792 4501 851 4564 nisi
873 4503 949 4566 haec
971 4503 1068 4578 unios,
1094 4521 1169 4584 quse
1194 4523 1214 4563 a
1236 4508 1376 4565 contactu
1399 4502 1514 4565 orbium
1538 4510 1571 4563 et
1592 4518 1735 4562 occursa-

372 4588 455 4650 tione
478 4596 583 4651 mntna
604 4588 729 4653 dnomm
751 4590 943 4671 planetarum
966 4592 1102 4655 cauenda
1125 4589 1308 4654 desumitur:
1334 4610 1394 4670 qna
1416 4590 1534 4653 ratione
1558 4587 1633 4651 nihil
1655 4586 1737 4650 aliod

372 4676 499 4740 docetur
521 4695 611 4758 qnam
633 4686 736 4742 ιιιιιι
758 4686 873 4755 metae,
908 4681 989 4744 inira
1013 4700 1088 4763 quas
1111 4681 1255 4761 planetae
1278 4698 1337 4742 non
1362 4680 1562 4742 descendunt:
1590 4684 1625 4739 at
1648 4695 1736 4758 qnam

372 4765 435 4828 alte
458 4785 551 4847 supra
573 4764 630 4829 bas
652 4774 751 4830 metas
774 4769 963 4844 attollantur,
986 4769 1187 4849 pervestigari
1210 4768 1280 4831 hinc
1302 4767 1416 4849 nequit.

462 4855 567 4939 Usque
590 4855 666 4919 adeo
689 4874 800 4937 magna
822 4864 871 4920 eat
883 4857 964 4922 inter
977 4864 1133 4940 utramque
1147 4856 1327 4940 hypothesin
1347 4856 1528 4930 differentia,
1551 4855 1621 4917 dnm
1638 4853 1738 4917 altera
