3814 5818
422 352 489 421 258
970 350 1093 416 ΑΜ·
1109 348 1233 412 nyssam

423 522 457 576 et
477 514 602 576 Lunae:
626 511 712 591 quasi
735 528 793 571 non
818 526 912 590 aeque
937 509 974 573 de
998 517 1037 584 d,
1069 509 1108 583 9,
1141 511 1222 593 lt-nq
1245 507 1282 569 de
1307 505 1347 584 Q
1372 508 1453 579 et)
1480 507 1527 568 vel
1551 506 1678 569 Eudoxo
1697 506 1784 586 prius

423 601 615 664 constitisset
637 600 676 661 de
699 598 886 678 digressione
919 598 1025 661 horum
1048 598 1275 660 evidentissima
1296 596 1337 658 ab
1352 604 1531 677 aequatura:
1561 604 1594 656 et
1612 596 1698 675 qnasi
1723 614 1782 656 non

420 689 545 753 rodiano
568 689 679 751 circulo
702 688 838 767 singulos
861 706 915 767 pro
938 686 1066 766 singulis
1088 687 1222 766 planetis
1239 685 1384 748 Eudorus
1407 684 1624 758 subordinarit,
1649 684 1700 764 qni
1725 684 1782 745 de-

421 777 593 841 clinationis
615 776 697 839 illins
721 777 901 839 varietatem
924 776 1093 848 efficerent3
1118 773 1280 854 autquasi
1305 792 1401 853 neque
1417 772 1564 853 Calippus
1588 773 1781 835 animadver-

421 868 507 941 terit,
541 862 562 944 b
591 876 623 927 et
649 866 680 939 ll
703 882 798 946 aeque
828 873 919 945 atque
948 874 1066 926 ceteros
1095 861 1116 926 5
1141 865 1269 925 diversis
1300 862 1486 942 temporibus
1514 861 1716 943 inaequaliter
1743 862 1782 923 ab

421 963 584 1039 aequatura
613 955 737 1016 distare.
784 956 891 1034 ltaque
919 972 986 1016 cum
1018 952 1094 1014 nihil
1116 970 1171 1033 pro
1194 971 1228 1013 se
1250 952 1469 1014 Fracastorens
1497 951 1625 1026 habeat,
1659 958 1783 1030 practer

421 1062 560 1111 nummos
588 1051 744 1106 secuturos
779 1061 889 1122 eosque
918 1042 1000 1105 varie
1025 1041 1054 1103 in
1074 1041 1295 1121 exemplaribus
1318 1042 1516 1120 depravatos,
1550 1040 1606 1100 hoc
1634 1039 1664 1100 in
1688 1057 1783 1101 caum

421 1152 542 1195 manere
565 1131 714 1204 existimo,
739 1131 814 1192 duos
836 1131 1045 1193 tautummodo
1060 1128 1126 1193 Soli
1148 1139 1182 1191 et
1194 1130 1299 1192 Lunae
1322 1131 1412 1192 orbes
1435 1148 1455 1190 a
1479 1128 1608 1209 calippo
1631 1128 1779 1208 adjectos,

421 1240 479 1283 nou
511 1229 652 1301 quatuor,
686 1220 715 1282 h.
741 1238 769 1281 e.
800 1220 905 1299 cuique
936 1238 1040 1293 unnm;
1074 1219 1209 1281 additum
1233 1236 1304 1280 vero
1337 1218 1464 1297 singulis
1492 1237 1530 1279 ex
1558 1218 1686 1298 quinque
1723 1234 1782 1277 nou

421 1309 630 1372 declinationis
659 1318 713 1371 aut
735 1309 919 1382 latitudiuis,
948 1310 1002 1370 sed
1031 1307 1267 1369 eccentrioitatis
1294 1307 1469 1368 efficiendae
1493 1325 1596 1368 cansa.
1644 1305 1782 1367 Videant

421 1398 487 1473 alii,
521 1418 560 1459 an
584 1398 651 1463 sola
672 1416 862 1459 numerorum
880 1397 1042 1460 concordia
1065 1396 1209 1469 sufficiat,
1241 1403 1275 1456 ut
1292 1405 1479 1478 statuamus,
1509 1394 1662 1475 cognitam
1685 1393 1781 1456 luisse

420 1486 549 1565 Calippu
578 1486 727 1567 geminam
751 1487 780 1548 in
805 1487 892 1549 Luna
925 1485 1187 1566 inaequalitatem,
1220 1484 1261 1545 ad
1284 1484 1369 1562 cujus
1392 1492 1525 1546 motuum
1554 1482 1780 1545 similitudinem

420 1575 512 1638 etiam
543 1574 625 1637 Solis
661 1575 908 1655 inaequalitatem
941 1575 1091 1654 geminam
1125 1573 1241 1635 fecerit.
1292 1574 1419 1634 Manent
1450 1571 1541 1652 igitur
1573 1572 1630 1633 hac
1661 1572 1780 1633 ratione

416 1660 493 1743 liet
513 1663 546 1738 ll
567 1664 656 1725 orbes
680 1663 834 1744 quaterni,
868 1672 907 1737 ὁ,
932 1668 967 1741 b,
998 1662 1022 1735 Ω
1047 1663 1170 1724 veniunt
1192 1662 1281 1723 orbes
1304 1661 1399 1741 quini,
1430 1658 1470 1737 Q
1491 1662 1571 1733 et)
1601 1660 1710 1722 intimis
1734 1659 1779 1734 (iu

418 1752 618 1814 Aristotelico
642 1753 836 1832 sphaerarum
856 1752 975 1825 ordine)
1005 1751 1110 1814 itidem
1130 1749 1278 1830 quaterni.
1317 1748 1397 1812 Hinc
1425 1751 1477 1812 lux
1500 1749 1624 1812 affertur
1651 1749 1779 1811 obscuro

416 1840 594 1903 Aristotelis
618 1841 684 1902 loco
712 1841 765 1902 lib.
789 1842 831 1902 11.
860 1840 897 1902 de
926 1841 1010 1902 coelo
1038 1858 1106 1920 cap.
1133 1836 1184 1902 lt.
1229 1838 1287 1901 Ait
1308 1834 1349 1900 ibi
1375 1838 1574 1901 Aristoteles:
1607 1839 1681 1918 „qui
1707 1838 1777 1917 pla-

418 1937 508 1991 netae
530 1928 661 1991 medium
685 1937 823 1997 teneant,
857 1948 910 1991 eos
932 1928 1066 2007 pluribus
1095 1928 1226 1989 motibus
1249 1926 1355 1989 cieri.“
1400 1929 1517 2007 Nempe
1541 1926 1589 1989 hic
1612 1934 1652 2001 6,
1677 1930 1716 2004 ζέ,
1741 1925 1778 2001 Ω,

417 2017 509 2079 medii
531 2017 693 2079 secuudum
717 2017 932 2091 Aristotelem,
956 2015 1055 2095 quinis
1079 2016 1210 2079 motibus
1234 2015 1360 2091 cientur,
1383 2012 1404 2094 b
1429 2024 1461 2078 et
1482 2015 1513 2090 ll
1535 2014 1656 2091 summi,
1681 2012 1723 2091 Q
1748 2022 1780 2077 et

417 2106 444 2177 b
475 2105 540 2179 imi,
571 2106 726 2185 quaternis
754 2114 883 2167 tantum.
929 2103 998 2174 Quo
1026 2106 1075 2166 vel
1103 2106 1168 2166 solo
1198 2105 1263 2167 luco
1293 2114 1400 2166 nostra
1426 2102 1637 2183 interpretatio
1671 2111 1779 2166 eontm

417 2195 649 2256 Fracastorenm
673 2194 812 2256 munitur.
857 2194 1013 2256 Hactenus
1037 2211 1110 2273 ergo
1133 2212 1222 2254 unam
1244 2201 1363 2271 partem
1386 2193 1532 2273 propositi
1551 2193 1598 2254 sui
1621 2192 1780 2272 expedivit

417 2281 617 2355 Aristoteles,
648 2282 717 2344 dnm
741 2301 832 2361 supra
855 2282 914 2344 sibi
936 2281 1094 2360 proposuit
1120 2281 1387 2361 „interrogandos
1416 2282 1465 2363 qni
1493 2282 1568 2343 haec
1589 2280 1779 2361 inquirnut“

417 2370 490 2432 Jam
512 2369 647 2450 sequitur
670 2371 769 2432 altera
791 2388 882 2450 pars3
913 2369 1035 2432 dicebat
1057 2389 1184 2450 namque
1208 2371 1340 2449 „partim
1369 2370 1427 2433 sibi
1450 2370 1652 2451 quaerendum
1675 2370 1778 2432 esne.“

417 2459 523 2538 Itaque
547 2458 633 2520 addit
656 2459 701 2531 (in
724 2459 860 2539 Metaph.
885 2459 943 2521 loc.
967 2457 1051 2533 eit.):
1082 2460 1130 2533 „si
1155 2471 1256 2521 autem
1279 2477 1383 2520 omnes
1406 2459 1493 2521 simul
1520 2457 1639 2538 positae
1663 2458 1778 2521 debent

419 2547 637 2627 apparentibus
661 2548 849 2622 satisfacere,
875 2566 1000 2609 necesse
1023 2556 1073 2609 est
1095 2547 1258 2610 secundnm
1281 2566 1518 2628 unumquemque
1537 2547 1694 2627 planetam
1709 2565 1777 2608 esse

419 2635 497 2697 alias
521 2636 668 2714 sphaeras
692 2636 753 2698 nni
769 2636 943 2716 pauciores,
967 2652 1044 2716 quae
1068 2637 1228 2698 revolvant
1251 2636 1344 2697 etad
1369 2637 1450 2698 idem
1473 2636 1637 2698 restituant
1659 2653 1778 2716 semper

418 2724 547 2805 primam
571 2724 731 2804 sphaeram
753 2727 864 2787 stellae
887 2725 966 2786 infra
982 2725 1163 2798 ordinatae:
1193 2724 1249 2786 hoc
1273 2725 1351 2786 enim
1374 2733 1465 2804 pacto
1490 2726 1586 2787 solum
1609 2722 1777 2804 continget,
1898 2732 1899 2795 ξ

417 2814 609 2893 planetarum
631 2822 732 2876 motus
755 2822 914 2895 praestare
937 2815 1052 2889 omnia,
1082 2833 1159 2894 qnae
1182 2814 1364 2893 apparent.“
1409 2814 1467 2876 Hic
1490 2833 1539 2876 me
1562 2812 1705 2875 aliorsum
1729 2813 1777 2875 in-

417 2902 581 2965 clinantem
610 2902 830 2965 ihacmtorens
862 2903 892 2965 in
920 2904 1001 2964 viam
1033 2902 1168 2965 reduxit:
1199 2901 1336 2983 quamvis
1368 2902 1398 2964 in
1430 2902 1606 2983 quibusdam
1638 2900 1777 2981 abipso

417 2991 580 3054 etiamnum
603 2990 792 3064 dissentiam,
819 3011 942 3073 quorum
965 2993 1022 3055 hoc
1045 2991 1172 3072 primum
1195 2999 1253 3063 est,
1278 2991 1356 3071 qnod
1380 3010 1456 3071 quae
1481 2992 1529 3054 hic
1553 2991 1592 3054 ab
1606 2990 1776 3053 Aristotele

416 3081 483 3160 ipso
507 3082 724 3143 subnectuntur
752 3081 961 3161 philosophica
983 3080 1092 3160 magis,
1116 3100 1206 3161 quam
1219 3079 1432 3154 aeuonomica,
1457 3080 1521 3160 ipse
1540 3080 1633 3142 etiarn
1646 3076 1777 3159 Calippo

417 3166 536 3244 tribuit,
572 3169 650 3249 quod
683 3170 907 3231 inconsiderate
935 3170 1058 3231 factum.
1105 3170 1212 3249 Itaque
1240 3168 1385 3230 Eudoxus
1416 3177 1448 3230 et
1471 3167 1618 3248 Calippus
1647 3168 1776 3230 totidem

418 3258 573 3337 ponebant
604 3257 634 3318 in
663 3258 789 3336 singulis
820 3258 1012 3336 planetarum
1040 3258 1177 3336 sphaeris
1205 3258 1308 3333 orbes,
1342 3265 1415 3337 quot
1443 3267 1575 3319 motuum
1605 3256 1774 3319 varietates
1897 3328 1898 3339 ,

419 3345 720 3423 deprehendebantur
742 3344 772 3405 in
797 3345 897 3407 stella.
943 3346 1130 3407 Aristoteles
1158 3346 1354 3426 philosophus
1382 3346 1478 3409 utitur
1501 3346 1652 3409 axiomata
1675 3346 1775 3425 philo·

418 3433 558 3512 sophico,
591 3432 753 3512 superioris
783 3444 898 3494 motum
928 3434 1077 3513 sphaerae
1105 3435 1317 3497 communicari
1348 3452 1416 3496 cum
1444 3434 1651 3510 inferioribus,
1686 3434 1776 3515 idque

419 3527 508 3600 raptu
531 3519 673 3601 quodam,
704 3528 738 3582 ut
759 3530 947 3601 quotcunque
970 3523 1102 3585 motibus
1130 3523 1260 3585 cieretur
1282 3523 1386 3603 aliqua
1407 3523 1560 3604 superior,
1593 3524 1721 3593 totidem
1744 3530 1776 3584 et

418 3627 522 3669 omnes
545 3608 632 3681 illas,
662 3627 739 3689 quas
761 3609 842 3671 iufra
865 3611 942 3673 hanc
966 3611 1041 3684 sint,
1072 3612 1163 3688 cieri,
1192 3612 1251 3674 nisi
1273 3613 1443 3674 renitantur
1469 3613 1591 3693 proprio
1623 3622 1656 3674 et
1682 3611 1775 3673 insito

418 3696 548 3777 quodam
571 3706 670 3758 motus
694 3697 850 3779 principio.
897 3701 1003 3781 ltaque
1027 3701 1096 3782 quia
1119 3700 1250 3781 exempli
1273 3701 1376 3780 gratia
1398 3701 1475 3763 imus
1489 3697 1510 3778 lj
1525 3700 1606 3763 orbis
1629 3701 1717 3765 mnis
1733 3696 1775 3763 30

418 3785 561 3859 circumit,
586 3795 728 3865 rapturus
751 3799 801 3850 est
822 3789 950 3867 primum
972 3789 1068 3866 Jovis,
1092 3801 1126 3853 ut
1145 3791 1171 3851 is
1185 3790 1311 3851 fixarum
1330 3781 1442 3851 motum
1457 3800 1587 3871 nequeat
1600 3790 1773 3852 observare.

419 3872 612 3953 Quapropter
641 3885 762 3954 oportet
788 3877 891 3938 orbem
918 3878 1044 3958 primum
1067 3878 1098 3953 'll
1126 3879 1154 3940 in
1179 3879 1361 3940 contrarium
1383 3879 1522 3953 tendere,
1555 3887 1589 3941 ut
1617 3880 1706 3941 annis
1730 3874 1773 3941 30

416 3964 510 4023 semel
534 3963 623 4025 imum
642 3964 765 4026 Saturni
788 3965 817 4026 in
842 3965 1013 4047 oppositum
1035 3975 1193 4047 percurrat
1216 3976 1248 4029 et
1270 3967 1315 4028 sic
1338 3969 1444 4029 eodem
1468 3969 1532 4029 loco
1553 3976 1687 4030 maneat.
1729 3967 1774 4028 at

419 4052 474 4111 hoc
498 4052 609 4130 primus
631 4052 662 4127 ‘ll
684 4066 841 4133 praestare
865 4056 977 4134 nequit,
1001 4055 1095 4118 habet
1118 4055 1196 4117 enim
1216 4056 1297 4117 aliud
1313 4056 1452 4128 officium,
1475 4066 1511 4118 ut
1528 4066 1673 4137 sequatur
1686 4056 1773 4129 fixas,

420 4149 451 4200 et
474 4140 599 4201 Terram
627 4142 790 4204 circumeat
818 4143 900 4205 horis
924 4141 976 4206 24.
1025 4145 1130 4225 ltaque
1158 4145 1395 4207 restituente
1422 4145 1471 4207 hic
1499 4164 1574 4225 opus
1598 4154 1662 4219 est,
1695 4161 1773 4225 quae

355 4308 366 4315 ό
417 4229 482 4289 loco
502 4230 616 4306 primae
630 4229 748 4301 domae,
771 4231 802 4292 id
826 4233 904 4312 quud
928 4234 1133 4295 neceesarium
1148 4253 1216 4294 esse
1230 4232 1369 4308 diximus,
1394 4233 1516 4296 efficiat.
1563 4235 1658 4297 Porro
1672 4244 1775 4297 antem

417 4317 474 4378 hac
501 4317 682 4379 restituente
708 4322 748 4380 ab
772 4320 858 4381 unico
881 4332 963 4383 motu
991 4322 1069 4383 imae
1092 4321 1255 4384 Saturniae
1284 4322 1443 4397 liberatur,
1477 4321 1589 4385 ceteris
1611 4321 1774 4385 Saturniae

417 4406 566 4485 sphaerae
593 4406 756 4470 etiamnum
784 4409 923 4471 obnoxia.
971 4408 1164 4491 Quapropter
1196 4412 1323 4474 totidem
1355 4411 1587 4473 restituentibus
1616 4429 1691 4491 opus
1716 4410 1775 4473 erit

416 4494 551 4573 proxime
573 4494 652 4557 infra
675 4497 813 4577 sequenti
837 4497 907 4560 Jovi
930 4498 1054 4577 ejusque
1077 4499 1173 4577 primo
1191 4499 1270 4574 orbi,
1295 4511 1368 4581 quot
1390 4501 1511 4562 omnino
1534 4499 1657 4563 orbibus
1680 4517 1773 4579 supe-

416 4581 478 4643 rior
498 4578 519 4660 b
544 4584 653 4646 fertur:
686 4585 746 4647 nuh
768 4587 875 4650 minus.
922 4587 1002 4649 Nam
1026 4587 1076 4649 ubi
1103 4589 1201 4666 prima
1223 4589 1311 4651 Jovis
1340 4607 1395 4668 per
1417 4589 1613 4663 restituentes
1643 4588 1775 4652 liberata

417 4671 508 4733 fuerit
536 4673 575 4733 ab
599 4671 668 4735 aliis
691 4673 816 4736 Saturni
839 4675 984 4750 motibus,
1014 4675 1144 4738 obnoxia
1169 4686 1271 4740 tamen
1301 4678 1397 4740 adhuc
1420 4677 1534 4757 primae
1557 4673 1592 4756 li,
1615 4696 1676 4741 uon
1699 4696 1773 4758 opus

415 4768 466 4821 est
488 4760 572 4823 illam
595 4762 686 4823 etiam
714 4762 753 4824 ab
777 4764 865 4842 hujus
888 4774 971 4825 motu
999 4765 1135 4828 liberari:
1165 4787 1232 4829 cum
1255 4767 1409 4847 utriusque
1437 4766 1517 4829 idem
1547 4774 1649 4829 motus
1676 4767 1719 4828 sit
1741 4774 1773 4827 et

415 4850 582 4913 communia
606 4850 754 4931 sphaerae
776 4853 912 4916 marum.
960 4852 1218 4926 Quemadmodum
1245 4856 1338 4936 iqitm
1360 4855 1458 4938 prima
1480 4852 1500 4937 5
1523 4863 1638 4921 motum
1659 4856 1773 4920 nullum
