3872 5836
690 377 994 448 amaseam
1454 378 1518 447 385

165 532 301 608 effectus,
324 533 454 597 tristitia
467 535 582 611 cordis;
606 545 639 599 et
651 547 750 600 metus
765 547 822 615 est,
845 558 884 601 ne
899 539 1058 602 adolescat
1071 539 1124 603 illa
1137 539 1167 601 in
1182 539 1374 601 crocodilum.
1421 539 1519 603 Deum

165 640 269 697 exora,
293 631 329 684 ut
350 632 381 684 te
405 631 527 686 tueatur
550 626 589 688 ab
611 627 728 689 artibus
751 625 897 703 Satanae,
922 629 972 709 qui
994 629 1114 691 ιιιιειιε
1137 628 1308 691 humoribus
1332 630 1412 690 solet
1435 629 1520 691 abuti

166 719 200 771 et
223 711 395 790 hujusmodi
419 712 566 776 bestiolas
588 714 701 791 fovere,
725 716 753 778 si
776 716 853 780 forte
874 735 932 797 per
952 736 1006 779 eas
1029 716 1163 780 taedium
1177 717 1259 779 vitae
1282 717 1430 780 instillare
1444 736 1519 797 pos-

162 800 207 860 sit
223 800 274 880 pio
297 808 330 862 et
351 802 467 863 afflicto
490 802 613 866 homiui.
659 803 756 880 Scito,
780 807 908 869 eandem
930 807 1102 879 bestiolam,
1126 805 1157 868 id
1180 814 1230 868 εει
1254 806 1392 868 rosiones
1415 805 1519 868 orificii

164 888 327 951 ventriculi
358 897 390 951 et
411 908 460 952 me
483 890 584 954 lovere
604 893 750 974 jejunum,
775 914 850 975 quas
863 895 969 957 crebro
993 895 1081 975 ejicio
1105 895 1279 958 eructando.
1326 893 1402 957 Sum
1420 904 1521 957 autem

165 985 202 1039 ει
220 995 282 1057 ego
306 977 550 1043 melancholicus.
597 981 765 1063 conjugem
784 982 863 1047 inter
885 990 971 1047 astra
992 1002 1051 1047 non
1074 983 1229 1058 invenies3
1253 984 1348 1045 Terra
1365 983 1447 1063 parit
1463 984 1519 1046 hoc
1625 975 1632 989 ’

164 1084 262 1146 genus
285 1065 435 1129 animalis.
480 1068 615 1132 Fortuna
638 1073 757 1150 generis
780 1081 830 1134 ειι
851 1072 1041 1135 vocabulum.
1087 1073 1146 1135 Illa
1168 1070 1350 1141 naturaliter
1379 1071 1520 1134 nonnisi
1558 1068 1562 1075 ’

163 1153 263 1217 tribus
286 1155 334 1216 his
356 1155 483 1218 vinculis
508 1179 527 1219 a
549 1159 635 1221 coelo
658 1168 707 1222 εει
732 1180 826 1223 nexa:
851 1161 963 1234 animi,
996 1162 1130 1242 corporis
1154 1162 1290 1242 gratiose
1314 1160 1432 1235 habitu,
1463 1180 1520 1241 quo

168 1242 359 1307 ιειειιιειιιιι·
380 1245 417 1316 ιι,
448 1262 542 1324 penes
566 1266 641 1327 quos
665 1257 713 1311 εει
734 1258 873 1329 potestas
901 1250 1064 1330 ampliandi
1087 1258 1171 1312 tuam
1194 1252 1360 1323 fortunam,
1393 1249 1519 1329 denique

164 1333 255 1433 genip
284 1333 419 1395 tutelari.
465 1333 509 1395 Et
536 1337 607 1415 quia
635 1337 754 1400 animus
777 1338 832 1401 tibi
855 1339 1036 1403 naturaliter
1065 1348 1114 1401 εει
1139 1337 1311 1414 subtristis,
1344 1346 1520 1400 contemnes

164 1420 387 1482 omniamodis
411 1420 549 1484 ιειιιιιε
573 1425 812 1505 amplificandae,
837 1447 915 1508 quae
938 1428 990 1489 alii
1012 1427 1143 1509 probant
1165 1436 1197 1490 ει
1211 1433 1434 1489 consectantur.
1471 1427 1519 1489 De

164 1508 273 1571 habitu
296 1510 431 1590 corporis
449 1510 515 1590 ipse
533 1511 650 1592 J‘udica.
697 1514 732 1577 Si
762 1535 892 1596 namque
914 1535 962 1578 me
981 1535 1040 1579 non
1064 1535 1098 1578 ει
1120 1515 1323 1595 corpulentior
1346 1524 1378 1578 et
1400 1515 1521 1596 gravior

163 1599 261 1674 uultu,
284 1599 733 1679 nunquamfiesconsul.1n
758 1623 868 1683 genere
892 1623 976 1667 erras
999 1624 1066 1667 cunr
1089 1605 1221 1669 maxima
1235 1605 1390 1666 ιεειοιιιι
1413 1604 1520 1666 multi-

165 1686 280 1762 tudiue,
304 1687 493 1764 existimans,
517 1708 537 1750 a
559 1690 644 1752 coelo
668 1691 759 1754 liuere
782 1713 882 1754 rerum
904 1700 1042 1757 eventus.
1088 1694 1169 1757 Illud
1190 1711 1262 1755 vero
1285 1694 1376 1773 plane
1398 1700 1521 1772 praeter

166 1776 265 1837 lucem
289 1776 328 1837 ad
351 1794 406 1838 nos
430 1775 503 1839 nihil
526 1778 675 1855 demittit;
708 1781 809 1843 anima
832 1784 901 1855 (εει
924 1781 1024 1862 potius
1047 1783 1127 1856 vita)
1151 1788 1214 1858 εει,
1247 1800 1340 1862 qnae,
1373 1788 1518 1843 nascente

165 1863 295 1940 homine,
319 1863 419 1927 influit
440 1863 470 1927 in
494 1866 572 1929 hanc
596 1868 682 1948 quasi
705 1870 832 1932 formam
855 1871 1008 1933 radiorum
1030 1871 1214 1946 sideralium,
1237 1871 1283 1932 sic
1305 1870 1354 1932 vel
1378 1870 1421 1932 sic
1445 1889 1520 1932 con·

164 1953 364 2034 figuratorum
399 1953 428 2014 in
459 1963 571 2034 puncto
597 1958 754 2020 nascentis
786 1959 945 2022 heminis..
971 1958 1006 2022 Si
1033 1959 1256 2039 configuratio
1261 1966 1311 2020 εει
1336 1957 1521 2032 harmonica,

162 2041 323 2123 pulchram
346 2042 473 2104 formam
496 2044 683 2108 nanciscitur
705 2047 824 2111 animus
847 2049 897 2112 vel
920 2047 1059 2111 animalis
1086 2048 1227 2124 facultas,
1252 2065 1377 2128 eamque
1395 2047 1519 2118 retinet,

166 2149 257 2212 quam
279 2131 331 2193 diu
354 2131 434 2193 est
425 2150 456 2193 ιι
480 2151 616 2214 corpore,
640 2134 771 2199 fabricet
792 2136 885 2217 igitur
898 2145 931 2199 et
944 2137 1101 2218 pulchrum
1120 2136 1177 2200 sibi
1196 2136 1388 2211 domicilium,
1412 2137 1522 2233 figurat

163 2219 288 2295 vultum,
314 2226 348 2281 ιι
369 2239 465 2282 causa
486 2222 653 2324 adjurans3
677 2225 784 2306 quibus
807 2226 923 2288 duobus
938 2227 1043 2289 fulcris
1058 2225 1120 2288 dixi
1139 2225 1196 2288 niti
1213 2224 1342 2288 hominis
1358 2212 1519 2301 fortunam,

165 2307 248 2390 quod
270 2308 464 2412 praecipuam
486 2310 553 2390 ejus
576 2312 779 2377 conditionem
809 2315 932 2378 attinet.
977 2315 1058 2379 Nam
1086 2323 1212 2377 eventus
1243 2315 1457 2395 particulares,
1491 2314 1521 2374 in

166 2396 278 2478 quibus
301 2396 356 2459 illa
378 2397 547 2462 consistere
569 2400 698 2477 videtur,
724 2403 825 2464 snut
816 2423 847 2467 sn
869 2411 1024 2485 potestate
1047 2402 1121 2476 Dei,
1154 2412 1186 2466 et
1215 2404 1282 2483 ejus
1315 2404 1465 2485 permissu
1490 2403 1522 2464 in

164 2492 324 2568 potestate
346 2486 427 2567 genii
449 2489 600 2560 tutelaris,
624 2497 656 2553 et
679 2490 822 2554 divinitus
845 2493 1060 2573 gubernantur.
1106 2493 1234 2555 Animus
1256 2510 1343 2565 vero,
1365 2499 1456 2572 prout
1473 2500 1523 2553 εει

166 2581 375 2655 comparatus,
398 2575 445 2638 ita
466 2576 505 2639 iis
529 2578 614 2640 novit
636 2579 689 2655 ιιι,
715 2589 748 2642 ει
770 2581 850 2662 quod
872 2581 951 2643 male
974 2581 1093 2656 cecidit,
1117 2583 1222 2657 lenire,
1246 2588 1300 2643 aut
1328 2581 1420 2642 etiam
1444 2580 1523 2661 quod

168 2665 249 2727 bene
272 2664 394 2740 cecidit,
419 2684 510 2746 aegre
534 2668 691 2747 accipere,
725 2668 826 2749 inique
848 2670 996 2744 tolerare,
1020 2678 1052 2732 ει
1074 2670 1120 2733 ιιι
1142 2689 1229 2733 snam
1251 2669 1321 2730 inde
1344 2669 1401 2730 sibi
1425 2669 1521 2730 sabri-

167 2771 240 2816 care
260 2753 419 2817 lenonum.
467 2752 599 2818 Genesis
626 2764 681 2818 tna
702 2756 822 2820 videtur
849 2757 904 2820 tibi
928 2778 966 2819 ex
988 2758 1119 2840 quadam
1141 2757 1242 2839 gratia
1264 2756 1365 2819 vultus
1398 2765 1431 2817 ει
1454 2774 1521 2818 mo·

166 2861 243 2916 rum,
268 2849 322 2904 aut
344 2852 428 2907 certe
451 2863 490 2906 ex
512 2845 772 2907 commiseratione
797 2855 829 2909 et
851 2845 1074 2908 existimatione
1088 2846 1213 2927 pietatis
1236 2844 1373 2926 polliceri
1388 2845 1522 2906 favorem

165 2931 328 3007 bominum,
353 2931 385 2994 id
408 2939 458 2995 εει
479 2933 636 3013 pulchram
661 2935 829 3010 fortunam3
854 2935 932 3016 qnia,
956 2935 1084 2998 utmale
1106 2936 1241 2997 habeant
1263 2932 1366 3007 ceteri,
1391 2941 1521 2995 atcerte

162 3020 286 3101 Jupiter
307 3020 338 3083 iu
360 3020 459 3084 medio
484 3022 561 3084 coeli
584 3029 657 3098 stat,
683 3033 828 3104 qnantum
850 3043 888 3085 ea
910 3023 969 3099 die,
994 3024 1052 3086 imo
1076 3042 1112 3086 eo
1127 3041 1216 3095 anno,
1239 3021 1404 3104 pervadere
1423 3021 1523 3103 potuit

166 3109 352 3185 altissimus3
376 3130 447 3173 nam
470 3111 677 3193 capricornum
700 3131 737 3174 eo
761 3132 839 3176 anno
862 3113 973 3188 tenuit,
1007 3113 1127 3194 signum
1149 3112 1358 3174 humillimum.
1404 3110 1522 3191 Estque

164 3199 369 3280 configuratus
392 3200 506 3263 Veneri
529 3200 696 3283 triangulo:
725 3202 879 3266 invenient
901 3202 1001 3284 igitur
1016 3202 1046 3263 in
1070 3209 1101 3264 te
1126 3200 1253 3264 feminae
1283 3199 1363 3282 quod
1388 3199 1520 3280 placeat,

163 3288 243 3351 unde
267 3289 410 3370 conjicio,
443 3290 555 3353 habere
587 3300 619 3354 te
645 3310 737 3372 posse
769 3292 901 3374 aliquam
928 3292 1082 3372 optionem
1109 3290 1189 3354 inter
1213 3293 1309 3354 lectas
1332 3288 1466 3368 virgines
1489 3296 1522 3349 et

164 3385 330 3454 ιιιιιοιει,
354 3379 457 3459 itaque
481 3379 626 3461 possibile
649 3400 728 3457 esse,
752 3390 787 3445 ιι
809 3383 884 3445 felix
906 3381 1093 3445 nanciscaris
1117 3379 1296 3463 conjugium.
1342 3378 1388 3440 Αι
1415 3385 1522 3440 eontra

165 3465 221 3530 Sol
243 3466 339 3529 habet
361 3466 526 3532 Saturnum
550 3477 777 3534 antecessorem
800 3471 831 3534 in
846 3470 947 3535 sextili
961 3471 1081 3546 Martie,
1106 3470 1184 3533 unde
1204 3467 1342 3549 conjicio,
1366 3474 1397 3529 te
1412 3466 1521 3529 nemini

163 3555 263 3619 minus
281 3557 414 3637 placere,
438 3576 527 3637 quam
542 3557 679 3638 tibiipsi,
705 3560 783 3620 unde
798 3560 957 3634 timiditas,
982 3561 1083 3621 vultus
1098 3558 1249 3633 demissio,
1273 3565 1381 3620 utnon
1396 3557 1520 3630 audeas,

164 3645 236 3721 etsi,
260 3646 378 3725 quando
401 3646 511 3720 audes,
533 3645 662 3708 tristitia
685 3647 803 3708 oculum
826 3654 951 3709 naturae
976 3640 1165 3721 otcaecavic,
1197 3652 1232 3707 ιι
1253 3644 1414 3724 genuinam
1436 3651 1521 3705 tuam

164 3750 227 3796 non
250 3752 411 3814 agnoscas,
434 3733 466 3795 in
488 3752 619 3814 persona
642 3752 740 3796 erres:
765 3734 844 3814 quod
867 3735 893 3796 si
912 3736 1005 3796 semel
1020 3734 1173 3815 repulsam
1185 3732 1315 3813 patiaris
1339 3730 1433 3809 (qnod
1451 3731 1521 3791 novi

164 3821 239 3885 nihil
261 3821 365 3895 habet,
388 3821 449 3882 nisi
471 3828 621 3900 quatenns
644 3821 860 3885 melancholico
883 3822 929 3884 ita
942 3823 1094 3896 videtur),
1112 3822 1178 3900 jam
1197 3838 1286 3900 porro
1299 3817 1433 3880 timidior
1447 3820 1519 3880 red-

166 3910 259 3982 ditus,
283 3907 461 3988 desperabis
485 3910 648 3972 secundam
670 3911 863 3991 interpellare
886 3912 977 3992 paulo
1000 3908 1211 3992 splendidioris
1230 3910 1379 3970 fortunae.
1424 3906 1521 3986 Atqui

163 3994 332 4059 laxandum
354 4002 403 4059 est
425 4004 490 4059 ιειε
513 3996 622 4060 ἰιειιιι
646 4007 737 4080 atque
759 4000 879 4075 iterum,
903 3999 963 4062 etsi
976 4018 1038 4062 una
1051 4006 1139 4060 nocte
1158 3996 1233 4060 nihil
1248 3994 1380 4076 ceperis:
1404 3996 1522 4057 animus

164 4083 361 4161 attollendus,
385 4086 538 4148 exuendus
561 4096 730 4151 contemtus
753 4089 805 4164 tui,
831 4089 902 4169 quia
924 4088 951 4151 is
974 4088 1102 4151 vitiosus
1125 4087 1156 4149 in
1179 4096 1210 4149 ιε
1234 4094 1292 4158 εει,
1315 4084 1404 4164 idque
1429 4083 1458 4145 in
1474 4084 1521 4146 his

164 4172 319 4250 externis3
347 4192 419 4236 narn
441 4173 480 4238 de
503 4175 622 4238 actione
650 4196 716 4240 cum
739 4177 805 4240 Deo
830 4178 895 4259 jam
923 4195 981 4239 non
1010 4178 1124 4259 loquor.
1171 4175 1311 4257 Inprimis
1343 4173 1519 4248 cavendum,

165 4282 204 4328 ne
227 4270 261 4326 ιε
283 4281 369 4326 amor
392 4270 544 4339 occaecat
567 4265 618 4346 qui
643 4266 722 4329 solet
744 4286 813 4330 esse
835 4267 866 4329 in
890 4265 1115 4328 melancholicis
1139 4265 1267 4335 delirus,
1292 4270 1325 4326 et
1348 4262 1397 4342 qui
1420 4261 1521 4324 sobrio

159 4351 276 4456 judicio
299 4354 337 4416 de
361 4352 500 4433 personis
523 4362 557 4416 et
580 4354 803 4418 condhionibos
831 4356 1045 4423 consectandis
1082 4363 1115 4417 et
1136 4355 1257 4435 optione
1287 4351 1428 4414 habenda
1450 4350 1520 4431 plu

163 4460 271 4506 ιιιιιιιιιι
292 4451 414 4505 noceat.
461 4440 524 4504 Sed
545 4442 643 4520 video,
668 4452 787 4525 tempus
809 4444 921 4519 abisse,
946 4463 1004 4525 quo
1027 4445 1107 4506 solet
1129 4462 1212 4505 amor
1231 4459 1348 4504 nocere.
1394 4439 1521 4502 Interim

164 4529 285 4594 sextilis
307 4528 329 4611 ιι
353 4537 448 4607 ειςι,
475 4527 515 4608 Θ
540 4550 608 4595 cum
629 4491 651 4611 ιι
674 4533 810 4595 lahorem
831 4541 865 4595 ει
887 4532 1076 4614 diligentiam
1095 4538 1212 4607 notant,
1237 4537 1400 4611 quaesunt
1422 4529 1522 4593 media

164 4619 206 4682 ad
229 4620 368 4684 somenae
391 4620 540 4701 quendam
563 4638 744 4684 successum.
790 4623 819 4695 J)
844 4617 919 4699 adh
943 4624 1045 4685 veniet
1067 4621 1179 4684 aetatis
1198 4614 1250 4683 56.
1270 4619 1399 4695 circiter,
1425 4614 1466 4694 Θ
1482 4618 1521 4678 ad

162 4701 239 4779 [ld
262 4707 376 4773 aetatis
398 4704 469 4782 21,
492 4709 531 4771 ad
556 4706 619 4789 *ιι
644 4718 675 4773 et
697 4714 779 4782 Δςι
802 4711 873 4775 anni
892 4707 943 4773 51.
969 4708 1030 4786 533
1054 4710 1221 4791 ascendens
1245 4710 1283 4770 ad
1298 4701 1335 4773 [J
1351 4714 1376 4778 ὁ
1395 4724 1473 4769 anno
1488 4701 1520 4778 8,

163 4796 205 4859 ad
226 4793 298 4876 Διι
322 4805 355 4860 et
376 4803 447 4868 *d
469 4817 497 4860 c.
521 4794 575 4864 29.
599 4795 643 4862 30
666 4799 790 4863 aetatis.
836 4798 899 4862 Sed
922 4798 970 4861 hie
999 4799 1093 4863 horae
1116 4799 1268 4880 quadrans
1291 4796 1400 4858 vitiose
1428 4812 1519 4875 prae-

167 4884 280 4949 teritus
300 4881 323 4949 4
345 4904 442 4949 annos
465 4887 568 4952 efficit.
613 4888 656 4952 Hi
679 4888 891 4982 tremescunt
904 4888 1164 4969 periculosissimi.
1212 4885 1319 4969 Spero,
1343 4885 1375 4946 in
1389 4901 1520 4964 sequen·

216 4987 419 5043 ῐψῑιθικιι·
1275 4987 1309 5040 25
