3838 5824
797 343 960 399 m
1471 349 1516 421 dd

157 508 238 576 test,
272 520 363 583 qnam
393 501 528 567 bremen
559 522 598 567 ex
625 503 690 567 alta
716 503 810 580 turri,
834 506 977 587 luemque
1004 506 1060 569 snb
1084 527 1122 571 ea
1143 508 1310 573 umbrosus.
1356 508 1520 576 Rotundus

157 591 236 653 enim
259 589 341 655 Solis
368 591 471 655 radius
494 593 596 672 optica
617 594 735 656 ratione
757 611 812 672 per
835 596 967 657 foramen
994 595 1188 676 ingrediens,
1213 599 1240 659 si
1268 617 1307 660 ex
1340 600 1461 681 obliquo
1489 602 1519 663 in
1593 600 1596 615 '

156 680 281 763 plnum
303 679 426 753 incidat,
451 682 571 760 ellipsin
593 682 700 764 pingit.
725 682 811 763 crq'ns
834 703 873 745 ex
895 683 986 764 longa
1009 693 1041 745 et
1062 687 1147 748 brevi
1171 687 1329 763 diametro,
1354 688 1381 749 si
1404 689 1520 770 ellipsis

156 768 236 832 satis
259 787 371 849 magna
393 769 450 844 sit,
474 778 549 850 puta
572 790 610 834 ex
634 772 700 834 loco
724 771 800 847 alto,
829 772 917 852 plura
940 791 995 854 ego
1019 774 1179 855 colligam,
1211 794 1299 856 qnam
1322 796 1361 841 en
1384 778 1520 841 omnibus

157 857 388 939 quadrantibus,
412 859 598 935 astrolabiis,
621 859 760 933 armillis,
783 861 909 935 baculis,
934 870 967 924 et
989 862 1145 925 similibus.

246 946 293 1008 De
317 946 577 1010 observationibus
600 950 679 1030 quod
703 968 750 1011 me
774 949 930 1025 sollicitas,
950 951 1013 1030 jam
1029 952 1144 1031 pridem
1163 951 1257 1013 habes
1277 953 1352 1013 duas
1372 952 1519 1033 insignio·
1625 972 1629 981 ‘

156 1055 207 1097 res
232 1036 269 1097 de
292 1036 440 1098 Mercurio
464 1045 496 1098 et
517 1036 639 1100 Polari:
664 1038 807 1101 Nonnihil
832 1037 922 1101 etiam
950 1038 1067 1102 videbis
1096 1040 1126 1102 in
1159 1059 1226 1102 meo
1258 1041 1451 1123 prognostico
1480 1043 1520 1103 ad

157 1143 270 1187 annum
309 1120 407 1199 1599,
445 1125 525 1206 qnod
565 1126 594 1188 in
637 1127 714 1188 hunc
741 1127 829 1191 finem
865 1127 964 1206 adieci
997 1128 1093 1191 literis
1127 1128 1220 1190 hisce.
1267 1129 1432 1192 Praeterea
1457 1128 1519 1193 fere

156 1213 233 1276 nihil
256 1213 369 1286 habeo,
399 1213 457 1275 nisi
488 1214 561 1277 illud
589 1223 620 1277 te
644 1216 775 1278 sortasse
800 1216 949 1290 delectet,
975 1216 1023 1278 die
1048 1213 1101 1280 25.
1126 1217 1213 1297 Sept.
1239 1236 1325 1280 mane
1350 1218 1520 1280 corleonis

157 1323 178 1364 a
200 1302 322 1364 Venere
350 1302 474 1382 eclipsin
499 1321 567 1365 esse
584 1323 718 1383 passum,
742 1305 831 1384 plane
855 1311 890 1366 nt
912 1312 983 1366 aute
1007 1324 1102 1367 annos
1126 1313 1206 1369 noto.
1258 1305 1395 1386 Eclipsin
1419 1314 1519 1369 tamen

156 1391 223 1472 ipse
252 1409 311 1452 non
343 1390 423 1465 vidi,
460 1410 516 1454 nec
553 1392 710 1474 quisquam
743 1394 775 1456 in
810 1393 867 1455 hoc
904 1400 969 1454 toto
1002 1393 1167 1458 occidente.
1228 1391 1380 1474 Colligere
1418 1402 1520 1458 autem

155 1479 242 1561 potui
278 1479 382 1559 paucis
414 1487 485 1542 ante
514 1480 643 1543 Veneris
671 1489 768 1544 ortum
799 1481 881 1544 horis
917 1481 1075 1543 accidisse.
1130 1483 1211 1545 Nam
1248 1482 1362 1545 oriente
1396 1484 1518 1546 Venere

156 1569 240 1631 nullo
268 1568 357 1630 modo
389 1568 491 1632 videre
528 1588 579 1632 cor
610 1571 712 1649 potui,
752 1571 809 1632 sed
844 1577 915 1650 post
948 1578 1047 1633 ortum
1078 1571 1143 1650 ejus
1171 1591 1230 1633 una
1262 1571 1337 1632 bora
1364 1572 1519 1652 separatio

155 1665 248 1720 tanta
279 1656 350 1731 init,
389 1676 427 1719 ex
454 1676 513 1738 qua
544 1659 718 1739 conjectata
744 1659 912 1739 conjunctio
945 1664 1015 1720 ante
1048 1666 1147 1721 ortum
1177 1659 1316 1721 cadebat.
1377 1659 1520 1722 Vidisses

157 1745 360 1815 differentiam
384 1746 459 1813 lucis
487 1746 517 1808 iu
545 1754 672 1828 utraque
699 1748 800 1809 stella.
847 1747 989 1810 Rubebat
1012 1747 1091 1809 enim
1114 1766 1165 1810 cer
1187 1747 1336 1822 nonnihil,
1373 1755 1406 1810 et
1433 1749 1520 1829 quasi

155 1835 345 1916 pellucebat,
370 1835 494 1915 perinde
517 1836 604 1916 quasi
627 1837 732 1899 Venus
755 1836 845 1900 lactis
869 1835 1048 1913 crassitiem,
1073 1856 1124 1898 cor
1147 1856 1243 1917 aquae
1259 1836 1401 1916 limpidae
1418 1837 1519 1899 tenni·

156 1932 256 1987 tatem
278 1924 456 1987 imitaretur.

247 2010 377 2084 Quaeris
404 2020 438 2074 et
469 2012 507 2075 de
532 2013 655 2094 reliquis
678 2013 787 2075 studiis
819 2014 910 2087 meis,
952 2021 985 2075 et
1012 2032 1134 2092 operam
1160 2012 1313 2092 polliceris
1343 2011 1520 2091 adjutandis

157 2093 523 2165 meis‘observationinus.
557 2102 598 2164 Et
621 2102 837 2165 humanitatem
860 2102 938 2164 hauc
961 2101 1075 2182 pridem
1090 2102 1209 2182 quidem
1224 2101 1393 2179 degustavi,
1414 2107 1521 2181 gratus

156 2209 302 2270 agnosco,
326 2209 381 2252 nec
404 2191 572 2253 mehercule
596 2200 755 2253 contemno
779 2200 833 2253 aut
855 2190 975 2270 rejicio:
1000 2200 1134 2253 cetermn
1157 2190 1187 2251 in
1211 2189 1287 2251 haec
1311 2200 1448 2269 tempora
1470 2189 1519 2252 in-

156 2280 296 2354 cidimus,
320 2279 349 2340 iu
373 2279 480 2359 quibus
503 2280 664 2341 hebescere
688 2279 880 2342 solertissimi
904 2280 1047 2360 cujusque
1067 2279 1174 2349 aciem,
1193 2278 1350 2340 deferbere
1371 2278 1518 2354 ardorem,

158 2376 287 2430 conatus
310 2367 436 2448 opprimi
459 2387 583 2432 necesse
607 2369 656 2430 sit.
692 2366 772 2440 Quid
796 2369 895 2431 enim?
918 2370 948 2431 in
973 2366 1077 2450 Styria
1101 2367 1265 2430 maneam?
1289 2387 1326 2428 au
1343 2366 1519 2428 discedam?

155 2457 264 2537 Neque
287 2474 334 2518 me
357 2456 499 2537 reprimo,
524 2458 574 2537 qni
596 2458 762 2520 studiorum
785 2457 841 2520 tibi
863 2476 996 2519 meorum
1020 2475 1110 2538 qnam
1134 2455 1356 2537 penitissimam
1380 2455 1520 2518 notitiam

157 2545 263 2625 aperui
286 2546 390 2624 (quam
415 2544 591 2608 facilitatem
616 2545 782 2626 agnovisti,
808 2554 842 2608 ut
865 2546 982 2619 video),
1012 2545 1082 2626 quin
1107 2553 1138 2606 et
1161 2545 1288 2606 affectus
1312 2543 1405 2605 animi
1427 2552 1519 2622 pate-

157 2634 282 2699 faciam:
312 2630 400 2705 Quod
424 2642 457 2695 tu
482 2634 611 2697 fortasse
635 2635 751 2714 gaudes
781 2636 831 2706 (ut
852 2644 924 2696 sunt
946 2635 1106 2707 humana),
1132 2634 1161 2695 id
1186 2652 1232 2694 me
1257 2633 1359 2693 dolere
1382 2631 1520 2695 acerbis-

156 2722 234 2785 sime
257 2741 382 2784 uecesse
405 2730 463 2785 est.
511 2721 701 2786 Christianus
724 2742 805 2794 sum,
839 2724 1048 2802 Augustanam
1075 2720 1294 2784 confessionem
1323 2739 1361 2781 err
1393 2721 1520 2783 institu-

156 2811 240 2873 tione
262 2821 430 2891 parentum‚
455 2830 493 2873 ex
516 2812 683 2873 rationibus
707 2810 830 2890 saepius
855 2811 894 2871 ad
917 2810 1063 2872 trutinam
1079 2809 1239 2885 revocatis,
1259 2827 1296 2870 ex
1317 2809 1520 2871 tentationum

157 2900 342 2981 quotidianis
366 2899 518 2963 exercitiis
541 2900 642 2974 hausi,
676 2900 754 2962 hauc
782 2900 962 2978 amplector,
991 2899 1132 2960 simulare
1160 2917 1218 2959 non
1248 2897 1353 2971 didici,
1385 2897 1465 2959 seria
1488 2897 1519 2958 in

156 2988 352 3068 religionibus
376 2997 485 3062 tracto,
509 3008 567 3051 non
593 2989 716 3063 ludicra,
741 3007 832 3069 quare
852 2994 884 3049 et
906 2987 985 3049 serio
1009 2988 1046 3048 de
1069 2986 1223 3065 religionis
1238 2984 1391 3057 exercitio,
1411 3002 1518 3046 sacra·

156 3087 326 3141 mentorum
345 3097 399 3139 usu
423 3086 541 3157 satago.
590 3076 671 3149 Quid
699 3076 819 3139 autem?
863 3075 963 3155 Ejecti
997 3084 1067 3137 sunt
1095 3074 1178 3136 hisce
1205 3073 1382 3155 provinciis,
1412 3073 1519 3152 quibus

156 3165 349 3231 internuntiis
371 3167 517 3230 hactenns
541 3185 607 3229 cum
630 3167 695 3228 Deo
715 3166 779 3247 egi:
817 3165 923 3246 quibus
960 3165 1028 3226 aliis
1066 3182 1157 3244 agere
1187 3180 1307 3243 possem
1339 3180 1407 3225 cum
1440 3161 1517 3236 Deo,

157 3254 178 3316 ii
201 3274 260 3317 non
285 3255 492 3318 admittuntur.
541 3256 593 3317 Ad
626 3256 701 3318 haec
728 3254 840 3317 salario
868 3254 954 3327 vivo,
987 3272 1040 3333 pro
1068 3251 1240 3314 conditione
1269 3250 1340 3324 loci,
1374 3269 1518 3331 perquam

155 3344 255 3418 tenui3
285 3363 355 3425 spes
384 3352 451 3406 erat
485 3344 633 3406 auctionis
657 3344 686 3406 in
710 3352 877 3423 posterum3
908 3342 973 3423 quis
1003 3337 1148 3422 augebit?
1192 3339 1370 3403 Proceribus
1405 3339 1518 3401 ademti

156 3443 229 3495 suut
252 3452 364 3507 omnes,
391 3434 441 3514 qui
464 3433 652 3513 religionem,
678 3433 727 3513 qui
755 3441 838 3494 artes
868 3432 965 3512 magis
996 3431 1185 3493 necessarias
1216 3429 1404 3503 tractabaut3
1434 3428 1518 3489 solus

156 3530 297 3604 superest
318 3521 559 3597 mathematicus,
584 3541 642 3602 qno
665 3534 768 3583 carere
783 3521 914 3583 omnium
929 3521 1070 3583 facillime
1085 3537 1175 3600 posse
1194 3537 1372 3598 persuasum
1392 3517 1516 3579 habent.

155 3610 193 3673 ln
215 3618 306 3673 tanta
328 3611 569 3684 exacerbatione,
596 3619 644 3674 tot
666 3611 810 3673 bonorum
833 3611 963 3672 virorum
986 3609 1095 3684 exiliis,
1121 3627 1181 3690 qua
1204 3607 1301 3667 lronte
1316 3605 1423 3667 otiosis
1442 3604 1518 3667 meis

119 3696 131 3751 ι’
156 3698 414 3779 speculationibus
438 3699 568 3780 amplius
592 3698 743 3779 quidpiam
767 3698 902 3778 petiero?
948 3697 1055 3778 ltaque
1082 3697 1108 3759 si
1137 3697 1282 3775 languent
1313 3714 1381 3756 mea
1403 3693 1515 3769 studia,

157 3788 185 3849 si
212 3795 342 3849 conatus
370 3787 572 3863 intercidunt,
602 3789 629 3850 si
659 3786 891 3866 exoptatissima
923 3785 1167 3865 Magnificentius
1199 3793 1271 3846 tuae
1303 3782 1518 3864 promtitudine

157 3877 196 3939 ad
219 3877 438 3957 pmmovendas
463 3897 546 3939 meas
569 3876 798 3939 observationes
822 3884 853 3937 et
875 3875 1277 3937 conficiendainstrumenta
1297 3871 1520 3950 inpraesentia

157 3966 201 4028 uti
224 3984 349 4047 nequeo,
374 3966 573 4029 habitationis
598 3984 640 4029 sc.
665 3966 814 4027 incertus:
839 3964 957 4042 culpam
976 3982 1091 4025 omnem
1106 3963 1136 4024 in
1155 3960 1320 4041 religionis,
1335 3961 1365 4021 in
1384 3960 1517 4022 familiae

156 4074 260 4117 curam
283 4054 430 4118 conferes.
477 4057 584 4137 Rotam
607 4063 708 4117 tamen
734 4056 785 4129 (ne
809 4060 999 4115 contemnere
1023 4051 1263 4113 benevolentiam
1286 4051 1368 4110 tuam
1386 4049 1516 4122 ridear),
1542 4088 1547 4095 .

156 4143 237 4227 quod
259 4143 332 4207 mihi
355 4144 424 4205 vivo
448 4144 567 4224 semper
589 4145 662 4207 utile
687 4145 753 4206 erit.
801 4141 1072 4204 observationibus
1094 4140 1235 4202 Werneri
1258 4156 1357 4199 caree.
1402 4137 1516 4198 Exem-

158 4233 255 4314 plaria
291 4240 363 4313 post
403 4240 451 4295 tot
486 4252 582 4296 annos
617 4233 765 4295 distracta
796 4231 896 4293 omnia
937 4229 1087 4291 existimo.
1139 4227 1173 4291 Si
1206 4227 1283 4308 quod
1315 4244 1408 4306 penes
1450 4226 1518 4287 Vos

158 4322 314 4402 exemplar
337 4330 394 4397 est,
411 4321 605 4402 iri-proceres
629 4322 724 4383 nostri
747 4320 854 4382 libenti
881 4318 979 4380 animo
1003 4325 1232 4399 quantacunque
1255 4315 1382 4394 pecunia
1404 4314 1516 4376 biblio-

158 4412 264 4473 thecae
288 4429 361 4472 suae
386 4421 534 4474 asserent.
586 4410 648 4472 Sed
675 4418 707 4473 et
734 4410 760 4470 si
793 4410 858 4489 quis
892 4408 969 4469 alius
997 4407 1224 4469 obseruationes
1257 4423 1329 4465 suas
1359 4403 1388 4463 in
1420 4403 1516 4464 lucem

158 4500 319 4571 edidisset,
347 4500 412 4578 ejus
446 4519 502 4580 ego
526 4518 632 4561 nomen
656 4500 683 4561 si
707 4498 817 4571 sciero,
851 4496 1061 4560 adminiculum
1089 4494 1118 4556 id
1143 4494 1214 4555 mihi
1238 4493 1296 4554 erit
1319 4491 1516 4571 comparandi

36 4618 39 4651 l
159 4590 268 4669 operis.
317 4587 396 4659 Quin
422 4588 480 4650 imo
504 4588 552 4650 vel
577 4587 706 4667 scriptas
731 4606 816 4661 amo,
849 4586 937 4648 modo
969 4587 1006 4647 de
1034 4582 1157 4645 artificis
1188 4592 1221 4644 et
1244 4580 1435 4643 amanuensis
1458 4581 1517 4641 tide

37 4702 38 4711 ¹
158 4686 308 4741 constent.
356 4678 457 4757 Atque
491 4678 547 4738 hac
579 4677 610 4738 in
640 4695 671 4738 re
701 4684 773 4756 post
799 4684 914 4737 sumtus
939 4675 977 4735 ad
1003 4675 1203 4736 instrumenta
1225 4669 1297 4732 nihil
1323 4668 1394 4730 mihi
1418 4668 1518 4747 majus

157 4768 202 4829 vel
227 4786 282 4917 reg
306 4766 455 4846 quispiam
483 4775 639 4845 praestare
662 4763 771 4847 possit,
791 4783 880 4844 quam
903 4762 1108 4842 hujuscemodi
1128 4759 1372 4822 observationum
1398 4757 1517 4836 copiam

158 4857 253 4921 facien
278 4874 307 4919 o.
