3814 5818
604 358 608 365 ,
685 344 707 383 ο
736 335 940 387 manum

736 505 932 650 CaputII.

591 711 649 774 De
670 709 819 775 Historia
840 710 1080 796 Hypotheeiuna

243 854 280 915 Iu
311 852 441 916 historia
479 856 689 937 hypothesium
721 858 854 920 texenda
876 857 974 920 Ursus
1016 855 1143 919 91111919
1175 856 1271 919 utitur
1302 875 1362 919 uou
1393 856 1514 920 inscito.

155 942 186 1006 A
207 943 289 1005 veris
312 941 391 1005 euim
413 951 536 1006 9191199
560 945 911 1013 19119911991119919111
934 946 1009 1009 facit
1023 946 1204 1026 cognitionis
1225 945 1432 1008 historiarum:
1459 966 1518 1028 qua

155 1033 301 1106 obtenta,
333 1032 407 1094 nibil
434 1041 551 1096 9191919
573 1035 623 1095 filo
645 1037 791 1098 orationis
815 1038 854 1099 ad
877 1044 1046 1098 commenta
1074 1055 1130 1096 sua
1155 1034 1317 1109 delabitur,
1354 1036 1518 1115 99911919-

155 1120 232 1184 ctori
254 1138 310 1201 pro
326 1121 533 1184 relationibus
556 1123 707 1187 historicis
731 1125 874 1189 obtrudit.
906 1126 968 1186 -De
992 1125 1162 1199 Thalete,
1197 1125 1247 1204 qui
1268 1124 1382 1204 primus
1411 1133 1460 1186 991
1488 1126 1518 1187 111

20 1288 30 1303 .
155 1211 213 1273 hae
240 1217 479 1273 astronomorum
510 1211 588 1274 99119
617 1214 645 1275 19
670 1212 802 1277 Graecia
825 1214 977 1295 (quamvis
1001 1213 1130 1276 Linum
1159 1221 1191 1275 et
1214 1213 1403 1275 Musaeum
1434 1215 1517 1275 anti-

156 1298 329 1379 quissimos,
353 1300 432 1361 119119
455 1299 640 1364 inventorem
661 1304 818 1383 sphaerae,
843 1305 927 1367 illum
949 1310 1083 1365 motuum
1098 1301 1180 1365 89119
1203 1310 1236 1365 91
1257 1303 1362 1364 Lunae
1386 1302 1520 1364 celebret

133 1389 312 1466 'Diogenes
334 1388 509 1462 Laertius),
537 1390 767 1467 9119199991,
798 1413 873 1473 quae
898 1394 935 1454 de
957 1391 1163 1472 praedictione
1187 1390 1336 1470 eclipseos
1360 1390 1518 1473 prodidere

155 1476 271 1541 Plinius
295 1484 327 1537 et
348 1476 540 1540 Herodotus:
572 1487 654 1541 certe
680 1482 818 1562 equidem
841 1482 919 1544 hauc
943 1481 1146 1544 astronomiae
1176 1487 1295 1561 partem
1319 1487 1428 1542 9119919
1451 1481 1517 1542 991-

156 1567 479 1630 111199911999999991
526 1566 569 1629 Et
590 1569 733 1632 Laertius
758 1571 890 1651 quidem,
920 1571 1047 1649 primum
1071 1570 1255 1649 astrologiae
1280 1575 1400 1630 secreta
1421 1568 1519 1631 111119-

155 1666 228 1729 1919,
253 1653 337 1717 89119
359 1673 479 1718 99191911
503 1676 523 1717 9
545 1657 677 1719 991911119
700 1659 730 1720 111
753 1660 918 1722 solstitium
941 1659 1106 1739 reperisse,
1130 1658 1201 1720 auci
1225 1658 1428 1739 quantitatem
1453 1654 1518 1720 365

155 1745 271 1808 dierum
304 1744 513 1820 constituisse,
547 1746 584 1808 de
613 1748 755 1810 solstitiis
787 1756 819 1810 et
842 1747 1042 1829 aequinoctiis
1074 1747 1250 1826 scripsisse,
1284 1746 1354 1808 anui
1382 1753 1521 1829 tempora

154 1852 293 1896 mensum
321 1852 405 1904 esse,
439 1832 522 1909 89119
548 1842 580 1897 91
602 1837 707 1898 Lunum
737 1837 959 1917 magnitudines
992 1849 1185 1917 comparasse
1218 1835 1359 1916 Solisque
1383 1835 1520 1898 19199199

155 1922 347 2005 praedixisse
371 1923 492 1985 9999111
539 1925 647 2004 Neque
671 1934 772 1989 199199
797 1927 968 1989 methodum
993 1926 1123 2006 eclipses
1136 1925 1330 2005 praedicendi
1355 1944 1430 1986 999
1453 1926 1520 2004 ipso

151 2021 261 2094 petere
283 2010 401 2091 potuit,
434 2030 502 2074 cum
519 2014 576 2075 hoc
600 2034 658 2076 nun
681 2016 723 2077 sit
745 2017 832 2078 unius
856 2016 983 2091 aetatis,
1019 2017 1180 2078 observare
1204 2013 1390 2076 sufficientes
1413 2013 1519 2076 Lunae

159 2099 329 2164 momelius
351 2100 391 2161 ad
415 2102 540 2183 eclipsin
565 2101 648 2166 89119
671 2105 916 2184 praedicendam

247 2186 402 2252 credibile
425 2190 527 2269 igitur,
552 2211 619 2256 cum
634 2195 724 2272 paulo
748 2202 819 2256 ante
844 2214 911 2256 eam
925 2193 1022 2274 ipsam
1036 2190 1163 2271 eclipsin
1188 2190 1327 2271 bellaque
1350 2209 1426 2270 quae
1450 2198 1522 2254 tuuc

157 2286 247 2359 gesta
269 2288 483 2342 commemorat
505 2280 693 2358 Herodotus,
722 2301 783 2362 pax
806 2284 907 2364 utique
933 2281 1023 2344 fuerit
1040 2280 1144 2363 Lydos
1167 2278 1247 2341 iuter
1270 2286 1303 2341 et
1323 2278 1521 2360 Babylonios,

157 2368 271 2430 Tuales
300 2386 371 2429 vero
395 2368 490 2449 Lydis
517 2369 633 2432 vicinus
661 2372 691 2432 in
715 2372 821 2435 Mileto
850 2372 1018 2445 habitaret,
1052 2377 1149 2432 artem
1177 2368 1306 2448 eclipses
1330 2369 1523 2448 computandi

162 2456 306 2519 didicisse
330 2476 350 2516 a
375 2457 565 2539 Babyloniis.
612 2460 653 2521 Et
677 2460 819 2535 Laertius
843 2461 963 2540 quidem
991 2466 1175 2531 auctorest,
1200 2459 1374 2540 Aegyptum
1398 2457 1521 2520 adiisse.

156 2547 204 2609 Ao
225 2547 293 2626 ipse
317 2545 429 2607 Thales
456 2548 535 2625 apud
559 2557 711 2611 auctorem
736 2550 819 2612 illum
842 2550 886 2611 sic
914 2550 953 2611 ad
968 2548 1172 2629 Pherecydem
1187 2547 1225 2607 de
1240 2565 1294 2607 se:
1319 2547 1519 2627 „Aegyptum

156 2634 389 2717 penetravimus,
413 2643 448 2697 ut
471 2636 561 2701 isthic
576 2638 783 2701 sacerdotibus
799 2646 831 2700 et
846 2637 1026 2701 astronomis
1041 2635 1325 2716 congrederemur.“
1372 2633 1431 2705 Qui
1450 2636 1519 2697 fue-

156 2727 216 2789 rint
240 2730 340 2786 antem
359 2723 403 2785 illi
422 2727 597 2798 astronomi,
617 2727 758 2789 Ladrtius
778 2728 807 2789 in
822 2727 997 2809 Pythagora
1012 2725 1115 2798 innuit,
1142 2742 1228 2804 quem
1248 2723 1375 2785 eundem
1391 2723 1519 2804 Aegyp-

160 2823 223 2878 tum
247 2813 416 2893 profectum
440 2822 546 2877 narrat
568 2816 647 2894 apud
671 2813 844 2878 Chaldaeos
868 2821 1089 2877 conversatum.
1135 2811 1214 2873 Erat
1234 2829 1342 2887 nempe
1360 2813 1523 2892 Aegyptus

158 2903 213 2967 sub
236 2901 471 2982 Babyloniomm
491 2903 576 2981 jugo.
622 2905 657 2966 Iu
681 2904 738 2966 11119
761 2923 833 2967 vero
857 2903 1004 2984 epistolae
1024 2903 1089 2982 jam
1114 2900 1266 2980 allegatae
1283 2899 1396 2962 Thales
1420 2900 1521 2963 addit:

158 2999 213 3067 „at
228 3009 283 3052 noa
298 2990 346 3071 qui
362 2990 405 3051 nil
419 2991 587 3066 scribimus,
613 2991 776 3055 Graeciam
794 2995 961 3073 Asiamque
975 2990 1206 3073 peragramus.“
1227 2990 1277 3051 Ita
1291 2988 1355 3050 sire
1375 2988 1405 3050 iu
1424 2985 1522 3051 Chal-

158 3082 267 3143 daeam
290 3097 344 3156 per
367 3080 584 3155 coutinentem,
609 3081 673 3143 sive
698 3082 774 3144 mari
797 3082 828 3144 in
851 3083 1025 3163 Aegyptum
1048 3078 1151 3154 iverit,
1177 3076 1398 3141 Chaldaeorum
1422 3076 1521 3139 utrin-

104 3192 108 3197 ·
158 3189 216 3251 que
239 3168 358 3247 copiam
381 3168 486 3230 habuit
510 3178 540 3231 et
565 3171 780 3233 astronomiam
804 3172 873 3234 inde
896 3172 925 3232 iu
943 3169 1105 3232 Graeciam
1120 3169 1225 3230 efferre
1246 3165 1356 3247 potuit.
1402 3164 1524 3228 Etenim

160 3257 276 3321 consuli
301 3256 408 3317 solitos
432 3278 451 3318 a
474 3256 603 3321 Graecis
625 3260 811 3343 Babylonios
835 3263 872 3323 de
895 3267 976 3323 motu
1000 3259 1121 3331 Lunae,
1145 3256 1217 3319 illud
1239 3255 1419 3337 persuadet,
1444 3256 1522 3335 quod

159 3366 263 3410 omnes
285 3363 362 3425 pene
387 3343 526 3409 Graecae
549 3348 688 3412 nationes
712 3369 790 3411 anuo
809 3350 923 3413 Lunari
947 3356 1113 3411 uterentur
1161 3347 1227 3407 Huc
1241 3347 1321 3409 19191
1335 3343 1429 3405 verba
1447 3343 1523 3406 Ari-

159 3434 281 3499 stotelis
305 3434 374 3505 (lib.
399 3435 440 3498 11.
467 3436 503 3497 de
528 3434 622 3500 Coelo
645 3458 711 3518 cap
742 3436 823 3513 ¹22)
854 3439 944 3502 simili
967 3439 1085 3500 ratione
1109 3436 1147 3499 19
1171 3436 1281 3499 9919119
1310 3434 1401 3496 etiam
1425 3432 1523 3495 stellis

160 3526 329 3605 loquuntur,
355 3525 403 3603 qui
428 3543 530 3587 earum
554 3526 701 3588 rationem
722 3529 871 3608 quondam
885 3526 1021 3608 plurimis
1037 3525 1124 3588 aunis
1138 3525 1347 3598 observarunt,
1374 3514 1522 3604 Aegyptii

163 3623 195 3675 et
216 3611 389 3694 Babylonii,
414 3614 562 3694 aquibus
586 3615 682 3676 multa
706 3615 764 3676 119
786 3615 880 3702 digna
903 3617 940 3683 19
964 3614 1090 3695 singulis
1114 3613 1263 3675 sideribus
1287 3611 1470 3691 accepimus.

250 3700 336 3772 Quas
368 3720 453 3763 meas
476 3704 667 3783 conjecturas
696 3704 745 3765 hic
768 3723 834 3766 cum
858 3705 929 3766 Ursi
952 3701 1133 3784 conjecturis
1157 3703 1293 3764 conferre
1317 3700 1419 3775 libuit,
1453 3700 1523 3781 quia

160 3791 187 3853 19
209 3790 927 3873 1199911111,99119991191999199191911111.
975 3790 1255 3871 Sedjamstatim
1284 3795 1393 3871 peccat
1415 3789 1523 3862 Ursus,

160 3879 357 3963 hypotheses,
382 3898 457 3959 quas
479 3880 671 3961 physicorum
694 3901 762 3943 esse
786 3881 839 3955 ait,
863 3880 953 3962 paulo
967 3888 1039 3960 post
1060 3887 1198 3958 tempora
1211 3877 1390 3940 Aristotelis
1407 3877 1525 3939 demum

164 3968 351 4031 constitutas
375 3968 567 4044 existimaus,
592 3990 648 4032 nec
671 3971 734 4032 ulla
756 3969 872 4032 ratione
897 3969 968 4031 sciri
990 3986 1091 4049 posse,
1116 3968 1289 4047 qualesnam
1309 3967 1421 4030 luerint
1444 3973 1524 4028 tem·

160 4057 285 4139 poribus
310 4055 448 4118 Thaletis
482 4066 514 4119 et
540 4058 734 4141 Pythagorae
767 4066 1005 4123 astronomorum
1035 4056 1229 4139 hypotheses.
1277 4055 1346 4127 Quo
1370 4055 1436 4117 loco
1465 4073 1523 4116 nou

161 4147 283 4239 uidetur
311 4144 440 4207 Plinium
468 4146 579 4226 legisse
607 4148 658 4210 lib
684 4149 725 4210 11.
757 4166 823 4227 cap.
848 4146 900 4211 22
946 4146 1069 4209 Etenim
1095 4145 1166 4208 illae
1194 4145 1356 4208 hodiernae
1379 4144 1524 4224 physico-

163 4254 238 4310 rum,
263 4242 298 4296 ut
320 4241 412 4295 vocat
430 4235 536 4310 Ursus,
562 4236 757 4317 hypotheses,
783 4256 837 4299 eeu
860 4226 927 4299 1119
937 4235 1134 4315 sphaerarum
1159 4233 1319 4303 ordinatio,
1345 4251 1433 4314 quam
1448 4232 1525 4293 Pto-

163 4326 299 4388 lemaeus
326 4329 376 4385 cst
398 4324 569 4404 amplexus,
594 4325 785 4405 Pythagorae
813 4326 930 4388 usitata
960 4324 1155 4386 luitardi
1183 4324 1279 4387 lector
1302 4323 1395 4384 verbu
1418 4320 1525 4382 Plinii:

163 4412 227 4477 891
250 4412 453 4492 Pythagoras,
477 4412 582 4492 iuquit,
607 4412 757 4476 interdum
779 4434 818 4476 ex
842 4414 956 4477 musica
979 4412 1095 4474 1911999
1120 4412 1254 4491 appellat
1276 4419 1393 4484 tonum,
1427 4427 1526 4488 quau·

163 4510 228 4564 tum
251 4500 335 4562 absit
356 4522 376 4562 a
399 4501 494 4563 Terra
516 4501 613 4563 Luna.
659 4502 710 4564 Ab
734 4521 770 4567 99
798 4504 836 4566 91
860 4502 1056 4575 Merdurium,
1090 4501 1181 4581 spatii
1206 4499 1272 4580 ejus
1295 4498 1462 4571 dimidium,
1494 4504 1527 4559 et

163 4591 203 4653 ab
227 4608 264 4651 eo
289 4589 329 4650 ad
352 4589 504 4651 Venerem
528 4591 590 4653 1919
614 4591 809 4665 tantundem,
834 4613 853 4653 a
875 4610 934 4673 qua
957 4590 995 4652 ad
1012 4589 1115 4654 Solem
1139 4588 1332 4668 sesquiplum,
1357 4608 1376 4648 a
1395 4585 1467 4649 Sole
1487 4586 1526 4646 ad
1553 4613 1558 4628 .

162 4681 298 4744 Martem
316 4684 429 4753 tonum,
454 4677 493 4740 ab
517 4698 553 4741 99
577 4679 616 4741 91
629 4679 738 4742 Jovem
760 4679 914 4744 dimidium
937 4684 968 4742 et
992 4679 1030 4741 ab
1055 4698 1091 4740 eo
1115 4678 1155 4739 ad
1174 4676 1338 4793 Saturnum
1361 4674 1525 4747 dimidium,

164 4766 290 4835 911919
314 4765 499 4846 sesquiplum
522 4769 562 4830 ad
585 4768 809 4850 signiferum.

255 4854 356 4921 Audis
377 4854 512 4919 ordinem
535 4858 728 4945 sphaerarum
752 4859 907 4935 19919191
930 4855 1038 4920 Plinio.
1081 4854 1146 4943 Aut
1173 4853 1266 4935 igitur
1287 4849 1403 4913 Plinius
1427 4848 1525 4910 1119199
