3788 5828
379 386 446 454 tet
979 384 1143 439 minim.

381 549 414 599 D.
430 548 529 599 Curuus
542 561 599 597 eum
613 547 704 598 disens
717 546 862 611 appellaret.
882 551 909 595 et
919 545 1069 612 plagiarium
1080 559 1164 595 meum
1175 546 1276 609 iusuper
1291 544 1437 595 intimaret.
1462 541 1513 596 Sed
1525 544 1626 600 acciffit.
1643 550 1674 595 ut
1685 543 1745 595 dum

381 621 496 670 studiosis
515 619 660 683 quibusdem
679 633 710 668 ex
728 619 791 667 meis
808 617 875 666 hunc
889 616 998 667 laborem
1016 615 1156 682 corrigendi
1169 629 1256 681 operes
1269 612 1459 682 typographicae
1477 616 1503 667 in
1516 617 1564 665 isto
1578 617 1745 682 Epistularum

380 691 440 740 libro
454 690 668 749 eoncmdidissem,
691 695 766 754 atque
784 688 832 738 illis
845 689 985 752 originalia,
1002 694 1075 751 prout
1092 688 1261 750 manuscripts
1278 693 1362 748 eraut,
1381 687 1546 742 tradidissem,
1565 688 1601 736 illi
1618 687 1681 738 nihil
1698 689 1744 736 im·

381 761 528 811 mutandum
547 761 675 821 dmerint,
699 775 780 825 neque
797 774 839 809 rne
855 759 937 823 magis
955 759 1024 808 seriis
1042 757 1175 809 dictamum
1193 758 1350 822 interponam
1369 758 1424 807 ensi
1441 759 1507 814 sint,
1527 757 1633 824 ideoque
1652 760 1745 815 onmia

382 839 456 897 prout
475 832 631 897 autographa
647 831 792 889 habebant,
817 830 922 894 imprimi
938 830 1110 894 permiserint,
1136 830 1221 894 sicque
1238 829 1334 879 incurie
1351 828 1460 894 quedem
1483 829 1578 880 iactum
1601 836 1655 888 est,
1680 829 1746 892 quod

381 904 458 967 ipsius
480 917 571 953 nomeu
596 918 652 952 cum
675 901 791 967 epithetis
814 900 933 965 appositis
954 900 1028 950 isthic
1051 906 1177 950 retentum
1199 901 1238 949 sit
1275 902 1315 950 An
1333 914 1390 950 vero
1407 900 1472 951 mec
1490 900 1615 951 sufficiens
1634 907 1661 951 ct
1675 902 1747 963 iusta

381 975 444 1023 satis
462 974 495 1023 sit
513 986 604 1034 cause,
628 980 682 1023 tear
699 987 775 1037 supra
793 986 891 1021 omnem
908 971 1008 1022 medum
1027 985 1123 1020 sesana
1139 969 1237 1021 malitie
1253 973 1278 1020 in
1297 986 1337 1021 me
1356 978 1382 1021 et
1399 985 1480 1030 meos,
1508 971 1619 1038 adeoque
1636 973 1746 1035 patrisne

381 1046 462 1108 ipsam
481 1043 659 1101 debacchandi,
678 1042 746 1095 brari
764 1043 932 1107 dispiciemus.
968 1041 1094 1092 Potuisset
1113 1042 1225 1107 equidem
1243 1043 1275 1092 de
1293 1043 1392 1105 injuria,
1411 1044 1432 1091 si
1450 1056 1501 1107 qua
1517 1042 1582 1093 ieret
1598 1043 1645 1092 sibi
1663 1040 1745 1099 illata,

382 1116 499 1178 conqueri
518 1121 593 1180 atque
610 1114 677 1165 hanc
695 1115 768 1164 licitis
788 1113 879 1163 mediis
904 1112 1015 1170 emoliri,
1040 1128 1091 1162 uon
1115 1118 1200 1163 autem
1218 1127 1248 1163 er
1272 1113 1375 1163 effraeni
1393 1112 1519 1164 mdictae
1537 1113 1674 1178 cupiditate
1692 1119 1746 1162 tam

381 1186 512 1250 impotenti
530 1188 612 1235 auimo
630 1186 720 1243 furere,
739 1186 869 1248 omniaque
887 1184 961 1249 louge
980 1185 1104 1234 deteriore
1120 1183 1232 1234 reddere.
1268 1183 1356 1248 Neque
1374 1190 1459 1234 musea
1478 1192 1525 1242 est,
1547 1199 1592 1235 car
1609 1185 1744 1244 exitam

382 1257 446 1321 quod
465 1258 492 1306 in
510 1258 584 1307 istum
602 1264 748 1322 nugatorem
766 1257 812 1305 sim
831 1257 990 1312 commotior,
1009 1269 1086 1319 quem
1100 1268 1173 1305 ureae
1191 1255 1344 1305 conditiones
1363 1255 1511 1317 admittent,
1531 1262 1561 1305 ut
1577 1262 1606 1305 tu
1624 1252 1745 1317 (candido

383 1325 583 1389 tameuauimo)
608 1329 699 1385 infers,
726 1343 777 1377 noa
801 1327 867 1376 enim
886 1324 1000 1375 Caesaris
1018 1328 1057 1376 ira
1082 1322 1130 1387 (nti
1148 1326 1248 1392 quidam
1267 1328 1343 1377 etiam
1362 1326 1395 1376 ad
1412 1340 1453 1376 me
1470 1323 1623 1391 pemeripslt)
1642 1325 1745 1392 dignum

384 1399 495 1449 arbitror.
519 1391 699 1463 >Atquoniem
719 1400 862 1460 contraius
881 1403 907 1446 et
929 1397 982 1456 ias,
1003 1403 1145 1461 *cenaeque
1168 1396 1355 1447 laudatissimae
1378 1398 1473 1460 imperii
1498 1399 1686 1447 constitutiones
1705 1412 1746 1446 me

383 1470 474 1533 scripto
492 1469 547 1534 plus
563 1484 639 1534 quarn
663 1470 758 1520 iamoeo
782 1467 883 1534 praeter
905 1481 1003 1517 omnem
1021 1469 1152 1518 reducem
1171 1473 1197 1517 et
1214 1470 1329 1518 meritum
1345 1482 1428 1518 meum
1447 1467 1610 1518 dehonestare
1626 1468 1746 1531 perfricta

383 1541 463 1590 heuto
482 1547 585 1591 cenatus
604 1547 654 1599 est,
678 1544 734 1604 iure
757 1541 884 1604 cumipse
903 1540 946 1604 agi
964 1539 1068 1597 curabo,
1095 1545 1170 1602 etque
1192 1539 1330 1589 secundum
1352 1539 1421 1604 leges
1446 1540 1544 1603 reprimi
1569 1545 1596 1589 et
1618 1539 1746 1604 raadgeri

384 1611 505 1661 Subduxit
522 1613 544 1661 is
562 1626 589 1661 se
607 1601 692 1678 Pregs
709 1613 735 1660 iu
754 1610 868 1662 Silesiam
885 1610 960 1675 paulo
977 1615 1034 1674 post
1050 1625 1134 1660 meum
1151 1608 1234 1661 isthuc
1253 1623 1397 1667 accessum,
1420 1610 1466 1660 sed
1482 1624 1575 1675 nuper,
1593 1611 1630 1660 ati
1647 1611 1745 1665 msciri,

384 1683 461 1731 tacite
473 1683 554 1734 rediit
573 1683 646 1732 Forte
658 1683 768 1747 quodibi
780 1696 819 1731 ure
831 1696 882 1731 non
894 1680 1000 1745 amplius
1015 1695 1069 1731 esse
1080 1680 1252 1739 intellexeraty
1269 1687 1383 1747 atquem
1398 1680 1489 1748 longae
1501 1679 1561 1730 mihi
1578 1683 1628 1730 sint
1646 1695 1745 1738 marrus,

383 1754 482 1802 etiamsi
499 1759 597 1817 praesto
615 1768 667 1803 uon
684 1754 747 1811 sim,
774 1752 844 1803 brari
861 1753 887 1801 iu
906 1758 999 1802 arresto
1019 1752 1134 1802 detentus
1154 1757 1180 1801 et
1198 1758 1287 1814 postea
1305 1751 1331 1801 iu
1349 1752 1470 1815 iudicium
1487 1757 1626 1817 protractus
1644 1753 1746 1801 sentiet.

455 1823 579 1884 Quoniam
596 1838 653 1875 roro
671 1824 783 1890 intelligo
802 1838 833 1874 ex
850 1824 915 1879 tuis,
937 1828 964 1873 te
982 1835 1083 1886 spurces
1102 1830 1129 1874 et
1146 1822 1261 1872 scurriles
1279 1823 1342 1872 istas
1362 1822 1463 1874 chartae
1481 1838 1531 1873 non
1548 1822 1651 1880 umere,
1674 1823 1747 1872 mitto

380 1893 1523 2031 ttici“r.,i.5‘,i:.lt.tit⁰triiiiliiii-'dliiirrei’ittdss
1533 1895 1748 2031 ,wli

291 2074 294 2080 .
386 2044 498 2087 autorem
517 2039 627 2102 apprime
644 2037 764 2087 redoleat
794 2035 989 2101 impudentiores
1008 2036 1145 2086 calumnier
1163 2048 1290 2100 nmquam
1308 2034 1371 2086 forte
1388 2035 1479 2103 legisti
1508 2036 1648 2086 Abhorreut
1667 2035 1700 2085 ab
1719 2036 1748 2084 iis

388 2123 460 2159 aures
479 2110 587 2158 omnium
606 2108 760 2158 cordatorum
779 2114 805 2158 et
822 2107 961 2171 proborum.

458 2179 551 2251 Veruqu
570 2180 601 2229 de
619 2180 667 2228 isto
686 2179 761 2229 effero
777 2178 842 2228 Urso
861 2177 1026 2227 Dithmarsico
1044 2175 1099 2240 plus
1118 2176 1194 2236 sade,
1213 2190 1293 2241 neque
1312 2177 1378 2227 enim
1396 2181 1434 2225 tot
1452 2189 1469 2226 a
1485 2182 1512 2226 te
1529 2176 1570 2227 rel
1586 2191 1628 2227 me
1644 2175 1748 2240 prelatis

386 2252 465 2301 verbis
484 2251 572 2316 dignus
591 2256 642 2306 est,
667 2257 693 2300 et
710 2252 732 2300 si
749 2252 830 2314 ipsum
846 2250 913 2298 intus
932 2253 957 2299 et
974 2249 1001 2297 iu
1019 2254 1077 2298 cute
1096 2245 1136 2309 (ut
1154 2245 1237 2310 ajunt)
1255 2262 1341 2296 nones
1360 2243 1424 2309 (uon
1440 2249 1492 2310 jem
1511 2248 1597 2313 loquor
1613 2248 1645 2297 de
1663 2248 1748 2299 scabie

388 2322 499 2379 Gallice,
518 2332 569 2386 qua
586 2322 617 2371 ob
635 2321 701 2371 ritae
720 2322 886 2386 impuritatem
905 2317 1013 2380 scatet),
1032 2318 1098 2367 idein
1115 2331 1214 2368 mecum
1232 2319 1373 2379 temeretis,
1393 2320 1441 2367 imo
1458 2321 1512 2381 iam
1530 2318 1622 2369 dudum
1639 2323 1749 2369 testatus

386 2395 483 2443 fuisses
520 2391 627 2457 Unicum
645 2392 734 2442 saltem
752 2391 856 2453 addam,
875 2389 1024 2454 hypotheses
1042 2395 1140 2439 nosuas
1158 2389 1285 2439 cremandi
1304 2402 1394 2446 cause,
1418 2388 1478 2439 licet
1495 2390 1542 2440 hoo
1560 2391 1689 2439 minimum
1707 2390 1747 2447 sit,

387 2472 414 2514 et
431 2464 503 2529 longe
521 2457 778 2528 plura'ralidioraque
795 2464 821 2511 in
838 2468 935 2527 promtu
946 2461 1053 2511 habeam
1067 2467 1223 2525 argumenta
1250 2459 1407 2524 Hypotheses
1425 2459 1480 2510 illas
1499 2475 1564 2511 euno
1584 2458 1655 2510 reat
1675 2474 1692 2511 a
1709 2474 1748 2510 rne

386 2536 490 2601 primum
509 2536 678 2599 excogitatas,
695 2548 757 2599 quas
775 2535 823 2584 iste
841 2532 886 2583 eibi
906 2546 1021 2598 arrogare
1039 2545 1089 2580 non
1106 2537 1217 2589 veretur,
1241 2532 1317 2595 ipsius
1336 2545 1364 2581 re
1381 2542 1441 2580 rere
1464 2533 1590 2582 meantum
1615 2546 1670 2582 asse
1694 2533 1749 2596 quis

388 2606 527 2665 crediderit,
546 2606 587 2671 qui
606 2620 663 2656 eum
680 2605 736 2655 ullis
754 2604 965 2655 observationibus
983 2602 1138 2659 coelestibus,
1157 2602 1224 2652 uude
1241 2615 1322 2652 norea
1335 2601 1483 2671 hypotheses
1503 2603 1664 2660 extruendae,
1683 2616 1749 2652 uuu-

387 2690 462 2743 quam
480 2678 648 2727 msueisctum
666 2690 720 2727 esse
738 2673 823 2726 norit?
851 2674 902 2724 imo
921 2676 942 2724 si
959 2675 1033 2724 unius
1050 2673 1177 2738 planetae,
1194 2674 1341 2737 praesertim
1359 2688 1373 2723 e
1391 2674 1468 2723 tribus
1486 2674 1650 2738 superioribus
1669 2688 1749 2738 appa-

387 2754 483 2798 rentem
499 2748 581 2798 locum
598 2762 642 2812 per
658 2746 725 2797 hanc
740 2747 893 2797 neotericam
905 2746 1098 2810 suppositionem
1110 2744 1246 2794 secundum
1261 2759 1346 2795 omnes
1357 2744 1567 2808 particularitates
1580 2745 1750 2795 demonstrare

387 2819 510 2884 nequierit
529 2817 577 2880 (uti
595 2821 635 2868 rix
651 2815 769 2884 poterit),
789 2818 829 2869 cui
847 2832 939 2883 quaese
957 2816 1194 2882 intelligentiarum
1212 2829 1268 2865 esse
1286 2815 1412 2867 incentum
1430 2815 1504 2866 tidem
1523 2815 1617 2867 faciet?

460 2889 510 2940 Sed
527 2905 578 2939 non
595 2890 636 2940 lile
654 2890 757 2951 saltem,
776 2904 862 2943 rerum
879 2894 905 2937 et
924 2888 980 2945 alii,
1000 2888 1058 2938 dum
1077 2900 1123 2951 ego
1141 2900 1199 2935 ruea
1216 2900 1300 2950 premo
1319 2892 1393 2950 atque
1411 2888 1436 2936 in
1454 2888 1535 2938 lucem
1552 2887 1624 2938 edere
1637 2892 1750 2947 cunctor,

376 2961 454 3011 'hauc
472 2961 681 3027 excogitationem
699 2961 745 3011 sibi
763 2960 898 3011 attribuere
917 2960 971 3009 ausi
988 2965 1057 3008 sunt.
1094 2958 1162 3007 luter
1184 2972 1245 3023 quos
1268 2963 1307 3007 est
1325 2956 1413 3008 Scutus
1436 2960 1552 3022 quidem,
1577 2959 1750 3009 Duneenus

388 3033 496 3090 nomine,
514 3032 664 3082 Helmstadii
682 3031 751 3081 Med.
770 3038 797 3081 et
814 3030 894 3080 lieth.
913 3031 1051 3094 professor,
1078 3030 1119 3092 qui
1138 3043 1194 3078 cum
1211 3027 1277 3077 hanc
1294 3030 1418 3079 rationem
1436 3042 1453 3079 e
1469 3044 1510 3079 ure
1528 3032 1554 3080 in
1572 3029 1658 3080 Dauia
1676 3043 1749 3079 acce-

387 3106 473 3169 pisset,
492 3117 549 3154 eam
565 3106 671 3167 primum
688 3102 817 3152 Rostochii
834 3104 948 3165 privatim
967 3102 1017 3151 suis
1036 3099 1161 3164 discipulis
1180 3099 1299 3158 ἀίοδιιίδ,
1318 3114 1366 3149 nec
1384 3114 1466 3151 meam
1484 3115 1538 3152 esse
1556 3101 1683 3151 inficiatus
1702 3106 1749 3157 ert,

387 3175 432 3225 scd
450 3173 618 3237 Tychonicam
635 3173 700 3223 ultro
719 3172 860 3238 appellarit,
878 3171 944 3238 quod
960 3172 986 3221 iu
1004 3172 1138 3236 propinquo
1157 3185 1255 3229 essem,
1266 3176 1292 3220 et
1309 3185 1358 3228 me,
1379 3172 1400 3220 si
1420 3172 1491 3225 aliter
1508 3172 1611 3232 iaceret,
1631 3172 1656 3221 id
1674 3170 1751 3221 facile

386 3246 520 3295 resciscere
538 3259 610 3309 posse
627 3249 760 3295 sereretur.
797 3242 868 3293 (llam
885 3249 971 3292 tamen
990 3244 1033 3299 iis,
1052 3243 1139 3305 quibus
1156 3243 1263 3292 maxime
1281 3241 1388 3302 fidebat,
1416 3243 1541 3308 discipulis
1559 3244 1585 3292 in
1603 3257 1690 3293 aurem
1708 3257 1750 3291 su-

388 3316 515 3371 surrabet,
535 3330 562 3365 se
581 3315 680 3379 quidem
697 3313 796 3363 honoris
815 3327 894 3363 cauea
912 3326 968 3363 eam
985 3311 1133 3376 hypothesin
1150 3313 1210 3362 mihi
1228 3312 1381 3372 adscribere,
1400 3315 1500 3378 utplus
1517 3315 1615 3381 gratim
1633 3320 1660 3364 et
1678 3319 1751 3363 euto-

387 3387 468 3436 ritatis
485 3385 577 3439 habere
595 3387 673 3449 possit
691 3385 757 3448 apud
775 3384 901 3434 auditores
923 3397 996 3441 suos,
1022 3397 1110 3433 revere
1131 3389 1216 3434 tamen
1239 3398 1311 3434 susm
1332 3384 1409 3448 ipsius
1437 3398 1505 3444 esee,
1531 3386 1596 3450 quod
1619 3390 1645 3435 et
1661 3393 1752 3449 postea

388 3456 538 3507 Helmstadii
555 3459 670 3507 remotior
689 3469 705 3505 a
722 3470 762 3504 ure
780 3455 862 3505 iactus
881 3455 1011 3504 audendus
1030 3461 1056 3504 et
1073 3455 1260 3505 inverecundius
1278 3455 1407 3506 commisit.
1438 3454 1488 3506 Sed
1505 3458 1556 3506 iste
1573 3456 1642 3506 fraus
1661 3462 1689 3506 et
1705 3457 1751 3505 im·

389 3535 491 3592 portura
509 3542 566 3577 cum
584 3527 616 3576 ab
635 3526 698 3587 aliis,
716 3532 771 3576 tum
784 3527 929 3590 praesertim
941 3525 974 3574 D.
986 3524 1018 3574 D.
1032 3523 1099 3575 Dan.
1114 3524 1274 3582 Gramero,
1294 3526 1360 3590 apud
1372 3524 1528 3579 stetinenses
1540 3527 1617 3578 Verbi
1628 3527 1752 3583 ministre,

388 3601 439 3648 siro
458 3598 616 3663 singulariter
634 3596 744 3655 erudito,
763 3598 805 3663 qui
823 3595 891 3647 Secti
909 3597 980 3645 istius
997 3595 1127 3647 Rostochii
1145 3596 1203 3647 olim
1221 3597 1318 3647 auditor
1336 3604 1405 3655 erat,
1425 3598 1527 3650 demota
1544 3605 1591 3650 est.
1628 3596 1656 3649 Si
1674 3599 1753 3647 etium

389 3669 549 3734 superfuerit,
572 3668 662 3719 curabo
681 3669 819 3733 exemplum
836 3667 963 3719 literarum
987 3670 1041 3731 ejus
1060 3668 1092 3719 ad
1111 3667 1239 3735 Oligerum
1257 3668 1483 3720 Rosaekrantaium
1500 3685 1583 3720 meum
1601 3669 1752 3735 comeugui·

389 3755 464 3791 neum
482 3739 532 3789 hec
550 3740 581 3790 de
599 3755 626 3790 re
644 3741 806 3804 scriptarum,
825 3739 895 3791 hisce
913 3740 1012 3804 apponi.

462 3810 504 3861 Sic
522 3826 617 3877 quoque
632 3810 813 3869 Roeslinus,
831 3810 892 3861 licet
908 3812 989 3877 magis
1008 3816 1090 3860 astute
1109 3816 1135 3861 et
1153 3816 1236 3867 caute,
1253 3824 1313 3860 mea
1329 3825 1372 3875 pre
1386 3811 1437 3861 sais
1449 3806 1576 3862 venditare
1589 3812 1750 3875 praesumsit,

389 3885 427 3933 ita
445 3889 538 3941 umen,
556 3890 586 3932 ut
601 3882 661 3933 mihi
679 3883 745 3934 hanc
763 3882 958 3948 speculationem
975 3898 1024 3932 non
1044 3881 1177 3948 derogarit,
1196 3881 1241 3931 sed
1259 3895 1286 3931 se
1305 3896 1374 3939 eam,
1393 3889 1525 3947 postquam
1542 3883 1632 3933 similia
1649 3882 1752 3933 adiure-

390 3956 476 4015 nisset,
494 3955 521 4003 in
538 3954 598 4004 libro
616 3969 672 4004 meo
691 3954 841 4005 dedomata
858 3968 882 4005 a.
897 3951 930 4001 77
949 3954 1068 4018 reperisse
1086 3954 1187 4003 fatetur.
1216 3952 1338 4019 Egregius
1356 3967 1418 4003 eane
1436 3954 1515 4012 fucos,
1534 3955 1556 4003 si
1573 3952 1647 4003 fidem
1665 3952 1754 4004 mereri

390 4033 483 4090 posset,
501 4038 560 4075 narn
577 4025 639 4076 liber
655 4026 697 4076 ille
713 4040 792 4083 areos,
812 4028 882 4089 cuius
900 4026 1021 4083 meminit,
1039 4039 1084 4089 per
1102 4021 1117 4071 a
1137 4038 1216 4073 annos
1235 4030 1314 4074 autea
1330 4024 1462 4088 impressus
1481 4032 1536 4075 erat
1554 4031 1580 4076 et
1596 4024 1705 4089 plurima
1723 4025 1754 4074 de

391 4097 440 4146 hac
460 4110 477 4146 a
493 4110 534 4146 me
554 4096 695 4147 introducta
713 4096 856 4148 coelestium
874 4097 1053 4147 revolutionum
1065 4095 1224 4159 dispositione
1239 4097 1295 4158 jam
1310 4096 1478 4147 innotuerant.
1506 4097 1542 4145 At
1559 4097 1580 4145 si
1598 4095 1659 4145 nihil
1677 4095 1753 4153 eliud,

390 4168 416 4217 id
434 4167 523 4218 saltem
543 4173 569 4216 et
585 4182 659 4232 quarn
676 4168 784 4219 maxime
802 4168 913 4219 haudem
925 4167 1014 4232 prodit,
1033 4166 1106 4230 quod,
1126 4165 1184 4215 dum
1195 4165 1261 4216 hanc
1272 4164 1429 4230 hypothesin,
1448 4173 1477 4217 ut
1494 4181 1552 4217 suus
1570 4166 1641 4216 fieret
1657 4173 1753 4231 pertus,

391 4240 417 4288 iu
435 4237 558 4288 nonnullis
577 4239 650 4288 aliter
667 4239 771 4289 iormere
790 4248 894 4290 conatus
913 4240 945 4289 sit
963 4248 1068 4304 eamque
1087 4236 1232 4295 emendare,
1255 4239 1282 4287 iu
1300 4252 1412 4289 enormes
1430 4238 1596 4288 absurditates
1615 4238 1753 4304 impegerit,

391 4312 477 4373 ipsam
492 4311 661 4373 symmetriam
687 4325 718 4360 ac
745 4312 926 4375 proportionem
952 4309 1131 4360 revolutionum
1158 4308 1345 4359 interturbaudo
1371 4315 1445 4375 atque
1463 4309 1500 4359 ab
1525 4311 1584 4374 ipsis
1602 4309 1755 4373 apparentiis

392 4381 568 4432 alienissimam
586 4381 736 4440 statuoad03
763 4389 792 4431 ut
809 4382 867 4432 iude
885 4383 947 4432 satie
971 4382 1079 4446 liqueat,
1099 4394 1163 4449 ‘eum
1184 4395 1234 4430 uun
1258 4381 1347 4430 saltem
1364 4380 1411 4430 hae
1429 4380 1579 4445 hypotheses
1596 4393 1756 4446 nequequam

391 4451 539 4517 intelligere,
556 4452 648 4502 nedum
665 4459 695 4502 ut
712 4466 798 4504 earum
816 4459 888 4504 ector
906 4453 946 4514 sit,
966 4453 1012 4503 sed
1029 4466 1061 4502 ne
1080 4451 1179 4517 quidem
1196 4452 1260 4502 ullas
1279 4451 1351 4508 elias,
1369 4452 1418 4502 ime
1431 4452 1599 4503 nuonomiae
1614 4451 1756 4516 penetralis

292 4538 297 4543 ·
393 4523 500 4573 necdum
518 4523 701 4588 introspexisse.

463 4610 623 4679 lieginuur
640 4611 732 4663 Italum
749 4624 876 4679 nunquam
890 4612 1050 4663 metimurim
1061 4611 1113 4662 tale
1125 4611 1184 4677 quid
1196 4610 1337 4663 effectmee
1367 4610 1439 4673 Quod
1457 4612 1478 4661 si
1495 4611 1564 4672 iecit,
1582 4612 1661 4663 literis
1678 4626 1756 4663 mma

332 4716 338 4725 -
393 4684 492 4747 propria
510 4683 543 4733 ed
559 4699 600 4733 ure
613 4683 687 4743 usus,
706 4685 793 4749 quibus
811 4699 839 4736 se
856 4684 926 4735 illam
943 4682 1091 4747 hypothesin
1109 4698 1140 4734 ex
1157 4684 1217 4733 libro
1235 4689 1318 4733 nostro
1336 4683 1445 4734 secundo
1459 4683 1490 4734 de
1503 4682 1627 4735 aethereis
1644 4683 1755 4748 phaeac-

393 4755 472 4805 meuis
489 4754 595 4818 primum
611 4757 773 4819 perspexisse,
792 4756 887 4821 sibique
906 4757 1016 4821 apprime
1033 4754 1142 4819 placere,
1160 4755 1233 4804 modo
1246 4753 1335 4804 Martis
1347 4754 1411 4806 orbis
1424 4752 1535 4804 Solerem
1552 4756 1659 4806 trauan
1672 4760 1756 4821 petest

394 4822 503 4890 (putsch
522 4826 589 4876 enirn
606 4840 638 4876 ea
650 4825 754 4893 vulgata
767 4828 900 4886 sententie,
919 4825 1000 4877 reales
1019 4838 1074 4878 esse
1092 4828 1119 4877 iu
1137 4825 1205 4877 coelo
1224 4821 1316 4888 orbes),
1336 4827 1417 4879 issem
1436 4831 1483 4884 est,
1503 4827 1629 4878 conteris
1647 4827 1755 4878 mmhit

393 4895 538 4966 aliagiuc
556 4910 628 4959 rerc,
650 4898 731 4965 siqui
749 4897 792 4949 alii
809 4898 882 4962 hujus
900 4897 1075 4964 speculatoria
1093 4898 1186 4952 moscii
1204 4902 1276 4957 sunt,
1299 4896 1348 4951 hae
1367 4898 1499 4951 occasione
1515 4896 1673 4958 habueruut,
1693 4898 1757 4953 ister
