3872 5836
701 331 1002 398 ceninenses·
1460 336 1525 404 sss

143 506 147 509 ·
175 489 262 535 tuan
278 484 477 537 obeundorum
493 487 673 547 Marsicam,
696 505 728 541 ex
744 492 832 555 quibui
854 490 1018 556 nobilissimus
1039 491 1080 542 iile
1104 494 1269 545 astronomiae
1287 495 1438 547 instaurator
1455 497 1525 549 theo·

173 555 237 603 riam
254 553 381 607 Lunarem
401 560 545 617 oomuuxit,
563 561 636 610 raldo
654 561 831 619 desideramus,
850 571 876 611 et
895 577 951 612 cuni
968 563 1053 613 itallae
1072 566 1149 613 etiam
1166 565 1298 616 nonnullas
1316 568 1343 615 iii
1360 581 1404 617 suo
1422 570 1527 619 iixerum

174 625 291 691 catalogo
313 630 437 686 omiserit,
465 645 529 694 quae
553 643 569 680 a
590 630 734 683 Ptolemaeo
757 641 783 683 et
808 634 942 697 Goperuice
969 644 1145 691 recensentur,
1173 637 1259 686 obnixe
1279 652 1408 703 rogamus,
1428 647 1457 689 ut
1474 651 1544 693 tuni.

173 697 243 759 ipsas
261 698 350 750 Lunae
369 702 567 759 observationes,
586 710 639 752 tuni
658 706 734 754 etiam
752 705 839 754 haruin
857 707 1085 768 praetermissarum
1103 707 1150 755 rel*
1161 707 1305 763 distantias,
1324 709 1363 759 rei
1381 710 1526 761 declinatio·

173 780 221 817 aas
238 775 265 817 et
282 783 334 820 asc.
353 779 437 822 rectas
455 786 473 821 a
489 772 606 836 Tychone
626 776 809 827 animadversas
828 777 918 840 publici
935 779 996 839 iuris
1014 777 1147 841 aliquando
1165 779 1249 830 iacere
1267 780 1334 828 reiis.

245 855 305 907 Jani
323 858 498 925 Hegnlontius,
516 864 659 913 intermistis
678 865 824 929 quibusdam
842 866 873 914 do
891 865 965 915 steila
982 880 1046 915 nora
1064 869 1219 930 serpentaiii,
1237 882 1301 933 qnae
1313 870 1339 918 in
1352 869 1412 919 libro
1425 868 1529 933 Kepleri

173 926 206 976 ds
224 942 257 978 ea
274 930 348 981 italia
364 933 493 997 leguntur,
511 936 606 1000 porgit:

249 1019 330 1084 Atque
347 1022 374 1070 iii
390 1021 429 1071 hia
448 1036 524 1086 opera
542 1030 588 1072 tna
604 1023 660 1073 aliia
677 1039 728 1081 non
745 1026 826 1075 minna
845 1031 952 1089 accepta
969 1026 1028 1084 erit,
1054 1041 1129 1090 quain
1146 1026 1213 1076 mihi.
1250 1026 1314 1085 Sed,
1340 1026 1406 1091 qnod
1423 1026 1457 1076 ad
1474 1042 1529 1090 pro·

174 1091 282 1152 positum
299 1106 383 1142 menni
400 1095 482 1157 potius
500 1103 612 1159 specim,
639 1111 695 1145 cnm
714 1111 760 1161 ego
778 1111 875 1160 semper
891 1104 1003 1146 motuum
1021 1098 1217 1161 speculationem
1234 1100 1347 1148 inutilem
1364 1099 1416 1148 iere
1432 1099 1528 1161 judica·

174 1162 263 1222 reriin,
289 1164 336 1211 nisi
355 1172 382 1213 et
399 1165 527 1215 stellarum
553 1168 616 1216 vires
636 1168 716 1231 aliquo
734 1168 806 1216 modo
824 1169 949 1231 percipere
968 1169 1055 1217 liceret
1078 1165 1148 1230 (nani
1166 1171 1219 1218 siiio
1245 1169 1293 1219 hac
1317 1170 1457 1234 cognitione
1482 1185 1530 1219 nec

174 1231 330 1295 planetarum
354 1237 416 1284 rarii
434 1251 520 1296 casus,
549 1253 596 1288 nec
615 1238 718 1288 rixarum
742 1246 859 1288 cenetam
883 1248 908 1288 et
926 1240 1072 1303 quotidiana
1095 1242 1284 1304 circumgyratio
1311 1256 1383 1290 usum
1406 1240 1484 1289 ulium
1502 1242 1529 1289 iii

175 1302 287 1354 hnmana
304 1306 356 1355 rita
372 1306 465 1358 habere
484 1306 617 1371 ridentur),
636 1334 671 1345 -
688 1310 754 1361 hanc
773 1311 872 1375 quidem
891 1311 921 1359 ob
940 1325 1042 1360 causam
1060 1311 1147 1361 lubens
1164 1312 1291 1376 libensque
1303 1311 1369 1361 hano
1381 1313 1532 1375 provinciam

175 1376 200 1422 in
219 1389 259 1425 me
277 1380 390 1441 suscepi,
414 1380 586 1431 nonnullorum
609 1381 675 1445 apud
699 1396 744 1429 nos
764 1381 901 1431 calumnias
925 1389 1012 1431 contra
1035 1383 1194 1447 astrologiam
1216 1384 1373 1445 judiciariam
1391 1383 1531 1433 retundere.

176 1445 240 1494 Cum
257 1463 314 1497 rere
332 1448 402 1499 nulla
420 1449 450 1500 de
469 1465 495 1500 re
514 1453 594 1501 acrior
611 1458 668 1501 orta
684 1453 718 1500 ait
736 1454 800 1501 inter
818 1468 862 1502 noa
881 1453 1023 1510 dimicatio,
1047 1469 1121 1518 quani
1145 1455 1213 1503 ohoa
1230 1455 1373 1504 comesdinn
1392 1454 1530 1519 configura·

174 1519 270 1566 donum
287 1519 337 1568 viiii
355 1527 381 1570 ot
397 1523 521 1579 mentem,
540 1522 589 1572 hac
607 1524 705 1587 quidem
722 1526 749 1573 iri
767 1539 802 1581 re,
815 1523 890 1574 Dect
905 1524 958 1581 Vir,
977 1539 1049 1588 opem
1062 1532 1088 1574 et
1100 1525 1217 1574 auxilium
1230 1532 1300 1574 tuum
1312 1532 1409 1589 expeto.
1442 1524 1535 1588 Obiioit

175 1588 340 1647 adversarius.
359 1607 444 1642 omnes
462 1593 577 1656 planetas
595 1594 672 1644 bonos
690 1609 707 1642 a
724 1594 780 1645 Deo
799 1603 896 1645 creatos
909 1603 935 1644 et
946 1603 1078 1659 propterea
1088 1596 1170 1645 radios
1183 1611 1267 1646 eorum
1280 1611 1365 1646 omnes
1378 1604 1404 1646 et
1416 1604 1532 1660 aspectus

174 1660 252 1709 bonos
272 1675 326 1711 esre
344 1677 390 1713 nec
409 1665 558 1728 quadratum
575 1665 705 1730 hexagono
722 1668 803 1731 magis
821 1668 963 1715 infaustum.
984 1666 1063 1717 ,Vult
1086 1675 1232 1730 praeterea,
1256 1682 1316 1731 quos
1340 1668 1456 1732 astrologi
1478 1681 1533 1717 sex-

174 1732 231 1780 tiles
244 1728 289 1781 dc.
309 1734 444 1797 appellant,
462 1737 563 1785 minime
582 1738 619 1786 ita
636 1751 664 1786 se
681 1736 782 1796 habere,
800 1738 859 1801 quin
877 1752 932 1786 enni
950 1738 1076 1787 stellarum
1094 1738 1159 1787 radii
1176 1738 1296 1788 a'l'errae
1311 1738 1441 1802 superficie
1453 1753 1533 1790 rerer·

174 1804 300 1861 berentnr,
320 1806 399 1870 sitque
417 1808 482 1857 inter
499 1807 591 1857 Terrae
609 1808 818 1858 semidiametrum
837 1816 864 1857 et
880 1808 996 1872 planetes
1014 1807 1171 1872 (praesertim
1186 1806 1325 1870 inferiores)
1344 1810 1466 1859 aemibilia
1477 1824 1534 1874 pro·

174 1875 264 1938 portio,
283 1876 434 1928 incidentiae
454 1885 479 1927 et
496 1879 635 1929 reflexionis
654 1880 759 1944 angulos
777 1882 877 1929 minime
894 1881 1028 1943 praedictis
1047 1881 1152 1929 arcubus
1170 1887 1336 1946 congruentes
1358 1880 1459 1931 officere
1476 1895 1534 1945 poa·

174 1953 242 1994 iniit
278 1945 415 1998 Radiorum
432 1951 492 1999 item
503 1951 651 2000 mutatione
670 1966 715 1999 nos
724 1953 821 2014 premit,
840 1966 904 2016 qnae
919 1958 944 2000 et
961 1951 1089 2001 fallaciam
1101 1951 1186 2016 anguli
1197 1953 1338 2001 necessario
1350 1953 1448 2016 ingerit,
1467 1955 1536 2014 cujus

175 2015 258 2065 nudus
276 2019 302 2066 iii
320 2020 423 2069 zodiaco
443 2035 515 2071 meus
533 2036 649 2071 memma
668 2037 723 2072 esse
740 2030 829 2086 potest
867 2021 981 2086 Denique
999 2024 1122 2071 rationem
1141 2036 1158 2071 a
1174 2037 1215 2071 me
1234 2022 1370 2087 efflagitat,
1391 2037 1433 2071 cur
1450 2023 1536 2085 hujus-

177 2087 244 2137 modi
262 2089 393 2140 intarrada
409 2093 435 2140 in
453 2094 556 2143 zodiaco
573 2096 674 2156 majoris
693 2095 742 2142 sint
759 2095 868 2151 virtutis,
892 2107 967 2157 quani
991 2094 1118 2143 cistellae
1143 2108 1198 2143 sese
1222 2100 1308 2142 mutuo
1326 2094 1481 2143 intuerentur
1506 2107 1537 2143 ex

177 2159 298 2209 distantia
320 2162 440 2224 prioribus
459 2164 576 2213 dissimili.
613 2164 690 2214 Nihili
714 2164 754 2214 hic
777 2166 824 2214 iste
841 2166 903 2214 iacit
920 2166 1044 2214 rationem
1061 2164 1142 2221 illasii,
1169 2178 1243 2229 quani
1260 2164 1419 2215 Ptolemaeus
1436 2165 1496 2214 libro
1514 2164 1535 2214 Ι.

179 2228 298 2294 Quadi-ip.
324 2246 341 2281 a
362 2236 517 2297 proportione
541 2236 687 2285 harmonica
703 2245 788 2286 mutuo
807 2238 902 2285 sumsit
939 2234 967 2287 ἢ
984 2236 1095 2285 iortaasia
1113 2244 1158 2285 tua
1180 2236 1536 2302 astrologiae-Funda-

177 2309 287 2353 menta
305 2303 338 2353 ad
355 2319 444 2355 manns
462 2314 560 2356 nostras
576 2308 755 2370 pervenissent,
773 2310 883 2357 rationes
901 2308 997 2371 aliquas
1015 2307 1223 2371 suppeditassent,
1242 2307 1329 2371 quibus
1342 2307 1476 2357 mseriarfi
1493 2321 1536 2371 pe·

178 2370 303 2423 tuleritiim
321 2375 418 2426 facilins
437 2391 596 2427 occurrerem.
634 2378 684 2428 Sed
703 2393 757 2427 cum
775 2378 898 2428 hactenns
916 2394 976 2441 opus
988 2378 1036 2427 hoo
1049 2386 1118 2427 tunm
1130 2393 1180 2427 non
1192 2379 1225 2426 sit
1236 2378 1261 2426 iii
1275 2378 1391 2442 Angliam
1403 2385 1538 2442 portatum,

179 2444 269 2493 iterum
288 2451 362 2510 atque
380 2449 469 2497 iterum
487 2464 564 2513 rogo,
592 2456 621 2498 ut
639 2451 660 2499 si
678 2450 737 2513 quid
755 2451 893 2499 secretioris
911 2449 1079 2513 philosophiae
1104 2451 1206 2506 novisti,
1232 2449 1297 2512 quod
1316 2450 1348 2498 ad
1365 2448 1411 2498 has
1429 2451 1538 2500 rationes

180 2515 354 2567 convellendas
372 2520 464 2578 iaciat,
483 2520 542 2569 inihi
561 2522 743 2571 communicare
760 2535 810 2570 uon
828 2520 968 2591 dedigneris
987 2519 1032 2571 dc.
1069 2520 1143 2570 Vale.
1179 2520 1286 2570 Londini
1304 2518 1350 2570 to.
1368 2526 1398 2570 nt
1415 2534 1498 2585 snpra.

270 2623 459 2703 Keplerus
482 2628 654 2707 respondit:
692 2626 814 2688 Literas
847 2635 937 2700 tuas,
969 2625 1088 2688 Praest.
1112 2626 1188 2701 Vir,
1220 2645 1313 2706 opera
1335 2635 1538 2692 mercatorum

182 2710 232 2791 qui
255 2713 453 2778 Francofurte
477 2716 602 2790 rediere,
628 2715 773 2778 Calendis
796 2715 872 2796 Maji
896 2716 1008 2794 accepi.
1055 2715 1163 2776 Beasti
1187 2733 1243 2789 me,
1269 2714 1402 2775 invitans
1426 2733 1473 2777 iiie
1498 2716 1538 2776 ad

182 2800 373 2865 scribendum
397 2805 434 2867 de
457 2805 683 2868 mathematicis
707 2804 832 2879 artibus,
858 2823 934 2885 quas
957 2821 1013 2883 ego
1038 2803 1181 2864 divinitus
1205 2802 1334 2863 humano
1358 2802 1462 2882 generi
1481 2803 1539 2863 da-

186 2897 236 2951 tas
260 2883 410 2968 existimo,
436 2902 637 2973 uenientum
661 2896 700 2956 ad
724 2913 795 2956 usas
819 2893 929 2967 vanos,
955 2892 1117 2955 sedetiam
1140 2892 1179 2952 ed
1199 2890 1433 2953 oblectationem
1449 2891 1540 2954 animi

184 2977 430 3045 honestissimam
453 2985 576 3064 Deoqne
600 2984 814 3063 gratissimam,
839 2990 874 3043 ut
896 3001 971 3063 qnae
996 2981 1157 3061 conjuncta
1179 2988 1228 3042 est
1247 2997 1315 3040 cuin
1334 2978 1539 3043 celebratione

139 3106 150 3123 ,
184 3070 401 3147 sapientissimi
425 3073 550 3152 opificis.
596 3065 714 3154 ltaque,
739 3072 766 3134 si
789 3071 940 3154 quidest,
966 3070 1045 3151 quod
1068 3070 1197 3132 hominis
1221 3068 1385 3130 coelestem
1408 3068 1541 3132 animum

185 3157 217 3219 iii
241 3159 297 3221 hoc
320 3160 410 3223 exilio
432 3161 642 3243 pulverulento
666 3163 800 3225 detinere
825 3169 858 3223 et
881 3161 1006 3223 delinire
1028 3159 1135 3240 possit,
1159 3168 1194 3220 nt
1212 3158 1301 3238 juvet
1323 3158 1440 3233 vivere,
1465 3157 1542 3221 haec

184 3248 319 3326 profecto
348 3257 396 3313 est
423 3250 597 3315 oblectatio.
643 3252 711 3324 Quo
746 3251 864 3315 nomine
887 3259 992 3313 nostro
1024 3249 1127 3311 seculo
1159 3248 1267 3311 merito
1300 3247 1432 3329 mihique
1465 3248 1541 3310 adeo
1649 3319 1652 3323 ,

187 3337 245 3417 ipsi
270 3340 406 3417 gratulor
429 3341 465 3403 de
489 3343 614 3404 inventa
637 3342 847 3426 typographia,
872 3359 931 3422 qua
954 3341 1093 3404 effectum
1115 3339 1218 3412 video,
1243 3344 1277 3399 ut
1299 3336 1329 3399 in
1352 3344 1440 3399 tauta
1462 3358 1541 3419 pau-

187 3426 281 3488 citate
305 3429 463 3507 hominnm,
488 3432 539 3514 qui
562 3432 602 3493 ad
624 3433 749 3495 subtilia
771 3430 842 3494 ista*
854 3440 1014 3511 penetrare
1038 3429 1103 3509 apti
1125 3436 1204 3505 sunt,
1229 3428 1369 3489 inventus
1383 3434 1487 3490 tamen
1501 3426 1544 3488 sit

188 3516 217 3577 iii
241 3517 400 3581 Britannia
423 3521 470 3583 vir
493 3521 639 3597 eximius,
672 3522 722 3601 qui
744 3521 815 3582 mihi
838 3538 907 3581 sese
932 3521 1077 3583 lectorem
1099 3517 1158 3579 mei
1188 3516 1257 3579 libri
1280 3516 1378 3578 literis
1401 3524 1541 3589 testetur,

186 3613 364 3687 partemque
396 3610 559 3683 mercedis,
592 3627 683 3689 quam
717 3609 773 3690 liae
806 3608 968 3688 scriptione
997 3606 1193 3686 quaerebam,
1226 3605 1291 3684 ipse
1324 3612 1543 3685 repraesentet

188 3695 268 3758 Nam
292 3715 369 3777 quae
391 3698 421 3759 iii
444 3718 542 3760 meum
565 3698 708 3759 honorem
731 3696 821 3774 pleno
845 3714 895 3756 ore
917 3696 1051 3776 proicis,
1083 3712 1120 3755 ea
1143 3693 1188 3754 sic
1211 3692 1333 3772 quidem
1356 3693 1486 3772 accipio,
1510 3699 1546 3752 ut

189 3783 258 3843 inde
282 3802 428 3847 summam
449 3786 482 3846 in
504 3793 536 3846 te
558 3784 801 3847 benevolentiam
824 3783 855 3845 in
878 3783 983 3845 harum
1006 3782 1115 3844 artium
1139 3780 1271 3841 cultores
1295 3779 1467 3854 aestimem3
1491 3797 1546 3858 pei·

190 3888 259 3931 sese
281 3889 354 3931 vero
376 3891 435 3934 non
459 3862 660 3936 tantam'vim
683 3872 797 3934 habent
810 3871 970 3946 afficiendi,
995 3877 1139 3951 quantam
1161 3868 1237 3929 haec
1252 3886 1290 3929 eii
1303 3866 1546 3929 confabulatione
1617 3870 1619 3881 '

191 3956 371 4020 suavissima
395 3970 463 4024 orta
485 3964 641 4043 voluptas,
673 3961 742 4043 quia
765 3962 794 4023 iii
818 3980 865 4023 me
893 3981 952 4023 non
975 3959 1109 4033 invenio,
1138 3976 1230 4040 quare
1253 3955 1308 4019 iila
1331 3957 1386 4018 abs
1409 3963 1441 4018 te
1464 3956 1548 4019 dicta

193 4047 330 4109 encomia
351 4049 424 4112 milii
445 4051 588 4132 privatim
612 4051 813 4132 comprobem.

280 4135 399 4221 Sequar
422 4148 524 4203 tamen
555 4140 704 4224 epistolae
735 4149 806 4202 tuac
837 4139 930 4203 iilum.
975 4138 1072 4212 Ecce,
1106 4155 1196 4219 quani
1218 4133 1377 4216 magnifice
1395 4134 1549 4215 jacturam

191 4229 447 4307 praestantissimi
471 4230 637 4293 astronomi
659 4231 716 4292 hac
739 4229 861 4292 tutelari
885 4247 953 4291 mea
980 4228 1170 4289 successione
1193 4234 1356 4304 pensatam
1379 4224 1547 4287 arbitraris.

190 4318 259 4379 Non
284 4317 431 4397 diffiteor,
465 4340 533 4397 me,
565 4319 706 4405 lychone
730 4329 866 4394 mortuo,
898 4317 1078 4380 haeredibus
1101 4315 1150 4378 vei
1174 4314 1349 4376 absentibus
1372 4314 1421 4375 vel
1439 4332 1549 4394 parum

192 4405 312 4485 peritis,
340 4409 587 4472 observationum
614 4408 789 4470 relictarum
811 4409 945 4470 tutelam
963 4407 1034 4469 mihi
1058 4404 1241 4468 confidenter
1269 4411 1301 4464 et
1335 4402 1437 4465 forsan
1461 4422 1549 4466 arro-

192 4503 300 4574 ganter
321 4516 500 4578 usurpasse,
526 4498 664 4561 adversis
687 4497 850 4559 haeredum
872 4496 1094 4570 voluntatibus,
1125 4513 1184 4555 non
1207 4492 1335 4554 obscura
1358 4499 1465 4559 tamen,
1480 4492 1550 4572 jus-

192 4584 276 4647 sione
299 4586 511 4668 imperatoris3
546 4588 595 4671 qui
619 4607 685 4648 cuni
708 4605 811 4650 curaui
833 4586 1099 4649 instrumentorum
1123 4580 1196 4647 milii
1219 4581 1448 4658 demandasset,
1483 4600 1550 4662 ego,

194 4676 257 4737 late
282 4685 407 4758 accepto
430 4678 585 4754 mandato,
609 4677 840 4739 observationes
863 4676 1055 4757 potissimum
1078 4671 1179 4752 recepi
1193 4671 1353 4733 curandas.
1391 4672 1492 4733 Multa
1514 4690 1553 4732 ex

195 4784 232 4827 eo
254 4767 461 4829 controversia
483 4786 532 4831 me
555 4767 635 4829 inter
657 4775 690 4828 et
704 4765 861 4840 haeredes,
887 4767 957 4828 duni
971 4784 1027 4847 ego
1041 4763 1194 4844 publicum
1209 4760 1397 4821 commodum
1411 4758 1551 4839 respicio,

193 4852 270 4935 ipsis
298 4855 336 4917 de
363 4855 484 4937 privato
513 4876 568 4921 suo
591 4878 611 4921 a
634 4854 768 4921 Caesare
799 4864 923 4936 praeter
951 4862 1055 4915 votum
1083 4853 1163 4915 lente
1193 4848 1355 4912 admodum
1378 4848 1552 4911 satisfieret.

246 4959 336 5010 Kepisri
349 4961 451 5011 Operti.
1308 4951 1342 5003 ti
