3788 5828
899 327 1011 394 unam
1030 329 1230 399 amovens
1268 300 1270 304 '

620 530 623 535 ⁴
757 539 800 603 IN
825 537 963 603 CAPUT
986 538 1185 604 DECIMUM
1208 538 1383 604 SEXTUM

912 661 1026 714 noran
1046 660 1223 715 accroms.

466 768 499 840 a)
519 776 560 826 At
584 771 645 840 jam
675 770 703 824 in
724 770 812 824 lucem
838 771 956 841 prolatis
978 772 1257 843 contemplationibus
1284 770 1464 836 harmonicis,
1495 772 1590 828 decisa
1615 778 1661 825 est
1681 772 1754 825 haec

387 851 582 915 controversia,
613 851 662 905 lib.
685 849 719 904 V.
740 851 836 904 Harm.
878 851 997 905 Primum
1028 852 1099 905 enim
1121 852 1280 921 corporibus
1301 851 1369 922 ipsis
1396 852 1515 924 quinque
1536 854 1665 906 ademtae
1687 857 1754 905 sunt

386 931 578 1004 proportiones
600 929 705 984 orbium
727 948 765 984 ex
784 937 884 1000 parte:
912 931 1012 985 ultima
1032 949 1069 986 sc.
1092 938 1123 984 et
1142 931 1350 987 absolutissima
1377 932 1483 986 orbium
1513 932 1657 1005 proportio
1679 946 1752 983 com·

386 1012 473 1066 munis
495 1017 540 1064 est
560 1010 637 1065 facta
657 1015 687 1062 et
707 1009 867 1079 corporibus
889 1018 919 1064 et
939 1010 1087 1064 harmoniis
1110 1028 1189 1082 prop.
1212 1011 1250 1065 48
1272 1017 1301 1065 ct
1323 1011 1368 1066 49.
1391 1028 1453 1080 cap.
1471 1010 1518 1065 lX.
1563 1011 1623 1074 Quo
1643 1008 1753 1064 nomine

387 1092 455 1147 nihil
486 1109 522 1144 ex
554 1090 619 1144 solis
641 1090 802 1158 corporibus
833 1089 860 1143 in
891 1089 963 1144 hanc
993 1091 1037 1143 vel
1069 1090 1146 1144 illam
1173 1098 1282 1160 partem
1312 1093 1345 1143 de
1373 1092 1453 1145 Luna
1481 1091 1617 1161 disputari
1648 1096 1752 1159 potest.

386 1171 494 1227 Deinde
524 1171 546 1222 si
577 1168 696 1223 maxime
718 1186 754 1222 ex
776 1169 842 1223 solis
873 1170 991 1240 quinque
1013 1171 1174 1240 corporibus
1204 1170 1388 1225 formarentur
1415 1172 1607 1241 proportiones
1636 1169 1752 1232 orbium,

387 1252 470 1319 hujus
492 1257 585 1305 tamen
606 1247 777 1303 formationis
800 1251 894 1303 modus
916 1249 1004 1314 alius,
1035 1256 1067 1303 ut
1086 1250 1114 1302 in
1135 1266 1189 1320 quo
1209 1250 1351 1320 inscriptio
1379 1251 1484 1305 orbium
1505 1250 1624 1323 physica
1646 1250 1753 1320 gradus

386 1330 565 1402 perfectionis
585 1328 794 1399 proportionum
814 1329 1046 1400 geometricorum
1067 1330 1270 1393 aemularetur,
1301 1330 1444 1384 stabilitus
1465 1338 1511 1385 est
1531 1347 1611 1401 prop.
1634 1329 1682 1384 46.
1703 1328 1752 1383 tt.

387 1411 480 1466 Tertio
502 1414 613 1464 constat
633 1425 671 1465 cx
692 1408 816 1462 omnibus
837 1408 912 1463 illius
935 1410 1001 1464 libri
1022 1409 1210 1464 axiomatibus
1230 1416 1261 1464 et
1281 1410 1523 1480 propositionibus,
1544 1410 1670 1464 ultimam
1684 1408 1755 1462 limi-

387 1490 520 1545 tationem
540 1488 726 1559 proportionis
748 1487 943 1543 diastematum
968 1489 1028 1543 leri
1054 1489 1238 1544 necessariam
1264 1497 1380 1560 propter
1399 1499 1489 1546 motus
1508 1492 1701 1561 planetmumr
1723 1494 1755 1543 nt

389 1589 425 1625 sc.
457 1569 531 1623 inter
558 1575 697 1623 extremos
727 1574 818 1622 motus
848 1586 911 1623 esse
940 1576 1055 1639 possent
1084 1569 1245 1625 harmoniae
1266 1577 1370 1625 certae.
1412 1571 1440 1625 Si
1470 1571 1535 1635 hoc,
1567 1570 1646 1624 nulla
1667 1567 1754 1638 igitur

389 1656 486 1722 potest
505 1646 607 1703 haberi
625 1647 698 1702 ratic
719 1649 816 1703 Lunae
838 1649 951 1702 Terram
972 1649 1246 1714 circumcursitantis,
1277 1657 1400 1720 atquae
1430 1650 1499 1704 nihil
1520 1650 1627 1705 confert
1656 1648 1691 1702 ad
1713 1646 1754 1701 in·

390 1731 532 1784 citandum
551 1728 597 1782 vel
618 1729 816 1783 retardandum
837 1728 921 1782 ullius
942 1729 1074 1798 planetae
1095 1736 1206 1793 motum,
1228 1747 1278 1784 nec
1298 1729 1461 1785 curriculum
1474 1747 1554 1784 suum
1574 1729 1648 1783 circa
1661 1726 1754 1782 Solem

391 1814 515 1872 exercet,
537 1826 588 1861 nec
609 1826 645 1860 ex
661 1806 726 1860 Sole
746 1809 885 1878 regularis
907 1816 1026 1879 apparet
1047 1809 1108 1877 ejus
1129 1816 1227 1863 motus.
1269 1810 1340 1863 Nam
1361 1827 1397 1863 ex
1415 1810 1481 1865 Sole
1501 1810 1642 1880 inspectus
1655 1806 1754 1862 Lunae

391 1896 480 1944 motus
501 1888 642 1941 videretur
663 1888 807 1940 saltuatim
828 1887 964 1943 incedere.
1006 1889 1051 1943 Sic
1078 1887 1165 1960 igitur
1186 1890 1219 1942 dc
1241 1890 1307 1943 orbe
1328 1888 1448 1943 Telluris
1478 1896 1522 1943 est
1549 1880 1753 1959 disputandum,

393 1986 426 2024 ac
447 1969 468 2022 si
490 1969 588 2022 Lunae
609 1967 716 2019 coelum
737 1968 840 2022 nullam
861 1967 886 2020 ei
909 1967 1062 2022 crassitiem
1080 1969 1201 2022 adderet.

471 2045 503 2113 b)
524 2048 602 2101 Haec
622 2047 732 2117 gemino
753 2062 836 2101 sensu
857 2054 975 2117 possunt
995 2048 1100 2118 accipi;
1121 2048 1238 2118 primus,
1259 2048 1351 2102 textui
1373 2047 1550 2111 conveniens,
1572 2053 1618 2101 est
1636 2047 1695 2101 hic:
1724 2052 1756 2099 ut

394 2129 432 2183 sit
453 2127 561 2200 quidem
582 2125 655 2180 orbis
676 2143 736 2180 cum
756 2128 840 2191 nodo,
863 2128 910 2181 sed
931 2128 1089 2181 includatur
1109 2128 1201 2182 orbita
1221 2127 1369 2199 planetae,
1391 2134 1488 2183 tantae
1509 2126 1702 2197 spissitudinis,
1724 2130 1757 2179 nt

394 2209 481 2263 nodus
502 2204 548 2261 hio
568 2223 619 2260 sen
636 2207 733 2261 Lunae
755 2208 875 2271 coelum,
898 2208 989 2261 lateat
1008 2214 1097 2261 totum
1118 2207 1201 2272 intus,
1222 2207 1292 2262 nihil
1312 2208 1462 2279 impediens
1484 2206 1607 2261 extimae
1628 2206 1755 2261 intimas-

394 2304 449 2359 quc
469 2285 625 2356 superficiei
644 2286 843 2341 rotunditatem
863 2287 1029 2341 absolutam.
1071 2288 1153 2342 Alter
1167 2304 1264 2343 sensus
1277 2287 1374 2343 horum
1388 2289 1533 2343 carbonam
1552 2292 1649 2357 posset
1669 2283 1755 2355 arripi

396 2368 467 2422 iste:
498 2368 571 2436 quod
592 2366 620 2419 ic
639 2382 744 2438 genere
765 2367 914 2421 absurdum
935 2366 983 2430 sit,
1013 2368 1121 2421 Lunam
1144 2367 1285 2422 circumire
1306 2368 1432 2432 Terram,
1464 2367 1527 2420 dum
1555 2367 1628 2421 haec
1646 2366 1756 2421 interim

395 2446 471 2501 circa
492 2446 585 2504 Solem
609 2446 720 2501 incedit.
762 2446 799 2501 Ut
828 2446 916 2517 igitur
942 2446 1014 2500 hanc
1034 2447 1117 2500 etiam
1148 2445 1334 2516 objectionem,
1358 2448 1475 2502 diluam:
1507 2446 1579 2511 dico,
1611 2447 1683 2516 quod
1702 2446 1756 2500 hoc

397 2536 464 2581 tunc
485 2520 644 2580 concinnum
667 2525 751 2580 rideri
771 2526 910 2596 potuerit,
942 2543 1002 2579 cum
1024 2528 1142 2580 nondum
1166 2526 1269 2581 detecti
1295 2535 1390 2583 essent
1408 2526 1533 2585 Joviales
1563 2526 1696 2595 planetae
1727 2533 1757 2578 et

395 2613 491 2660 cetera
512 2605 540 2660 in
562 2607 639 2659 coelo
661 2623 741 2661 nova.
783 2610 824 2659 At
844 2624 882 2660 ex
902 2622 955 2677 quo
977 2605 1028 2660 illa
1041 2606 1149 2671 scimus,
1171 2607 1331 2661 concinnum
1345 2621 1518 2679 nequaquam
1535 2605 1654 2675 amplius
1668 2602 1756 2658 rideri

284 2754 288 2755 7
394 2688 486 2751 debet,
508 2703 562 2740 non
583 2704 654 2749 esse,
677 2688 747 2757 quod
769 2686 877 2739 omuino
899 2693 951 2749 est,
974 2688 1060 2739 nodus
1082 2703 1118 2741 sc.
1141 2688 1315 2757 quadruplex
1338 2687 1545 2750 circatorem,
1567 2685 1590 2739 si
1611 2702 1662 2755 pro
1683 2685 1755 2739 nodo

395 2781 526 2837 corporeo
547 2767 642 2836 spatia
662 2766 856 2819 curriculorum
877 2764 1029 2836 intelligas,
1052 2766 1091 2819 sic
1112 2766 1185 2820 circa
1204 2767 1301 2822 lovem
1323 2767 1517 2828 ordinatorum,
1542 2773 1575 2819 ut
1595 2764 1668 2820 circa
1689 2765 1754 2819 Ter·

394 2862 454 2901 ram
473 2846 571 2899 Lunae
597 2846 760 2900 curriculum
789 2846 943 2899 ordinatum
968 2854 1020 2899 est.
1062 2846 1132 2900 Nam
1161 2848 1194 2899 de
1215 2864 1348 2918 corporea
1369 2847 1473 2901 orbium
1503 2844 1644 2900 soliditate
1670 2860 1756 2915 supra

395 2926 464 2980 ratis
487 2933 605 2990 cautum,
629 2934 659 2979 et
679 2932 794 2980 caretur
814 2926 898 2980 etiam
919 2927 947 2979 in
968 2933 1050 2981 textu
1071 2926 1205 2996 sequenti.
1222 2918 1261 2996 ⁸⁸)
1627 2950 1629 2957 ·

371 3016 396 3048 ’·
455 3002 501 3074 ε)
523 3006 677 3060 consensus
705 3007 731 3059 in
759 3005 812 3058 hoc
839 3006 985 3060 multorum
1012 3024 1064 3076 per
1084 3023 1176 3060 omnes
1198 3013 1307 3061 aetates
1332 3006 1570 3077 philosophorum,
1602 3002 1648 3075 qui
1668 3018 1756 3073 supra

395 3088 497 3157 uulgus
521 3102 624 3156 sapere
649 3094 715 3140 sunt
740 3085 813 3147 ausi;
844 3086 986 3156 Diogenes
1006 3087 1136 3140 Laertius
1157 3090 1348 3159 Anaxagorae
1376 3086 1489 3148 tribuit3
1518 3086 1589 3139 libro
1613 3099 1688 3146 meo,
1711 3081 1757 3137 cai

395 3167 510 3221 titulus:
531 3168 567 3220 ad
590 3166 764 3221 Vitellianom
784 3164 1007 3235 Paralipomena,
1029 3167 1121 3235 capite
1141 3167 1175 3220 de
1195 3167 1257 3220 luce
1278 3168 1405 3231 siderum,
1429 3165 1555 3236 allegari
1574 3163 1756 3219 Plutarchum

396 3249 429 3301 de
450 3245 522 3301 facie
541 3246 648 3301 Lunae.
690 3245 799 3298 Citatur
820 3252 851 3298 et
870 3245 1036 3299 Aristoteles
1057 3247 1094 3299 ab
1106 3249 1239 3300 Aves-roe.
1281 3248 1384 3302 Verum
1404 3245 1456 3300 hoc
1477 3248 1579 3317 dogma
1597 3251 1756 3314 postremus

396 3325 541 3381 Galilaeae
562 3324 714 3395 telescopio
734 3324 852 3394 Belgico
873 3323 1137 3378 confirmatissimam
1162 3325 1289 3382 reddidit.
1331 3327 1401 3381 Vide
1426 3326 1511 3380 etiam
1531 3323 1755 3379 dissertationem

394 3421 482 3459 meam
503 3421 563 3458 cum
583 3404 681 3458 nuncio
703 3403 810 3456 sidereo
832 3403 963 3457 Galilaei.

401 3554 403 3561 Ι
473 3480 502 3549 d)
525 3484 610 3538 Certa
629 3483 737 3554 quidem
758 3488 803 3535 est
823 3483 965 3553 proportio
986 3483 1057 3547 ista,
1087 3500 1125 3537 sc.
1147 3501 1218 3555 quae
1242 3485 1254 3538 l
1279 3486 1313 3539 ad
1336 3485 1374 3540 59
1404 3485 1525 3539 circiter:
1553 3491 1584 3537 at
1611 3478 1755 3555 proportio

393 3563 514 3634 corporis
535 3563 608 3617 Solis
635 3565 669 3617 ad
698 3562 791 3616 orbem
812 3562 940 3616 Mercurii
969 3571 1014 3617 est
1040 3564 1125 3634 paulo
1147 3564 1219 3630 alia;
1251 3582 1287 3619 sc.
1318 3583 1373 3620 non
1394 3565 1498 3620 medius
1521 3563 1594 3619 orbis
1615 3563 1753 3626 Mercurii,

393 3646 440 3699 sed
462 3642 572 3697 intimus
593 3649 623 3696 et
643 3642 855 3713 angustissimus
877 3650 922 3698 est
941 3645 1135 3706 assumendus;
1165 3644 1207 3698 cui
1228 3645 1256 3698 in
1276 3646 1385 3699 tabella
1408 3646 1506 3716 capitis
1531 3644 1566 3699 15
1594 3644 1755 3699 tribuuntur

398 3727 461 3789 14¹¹,
493 3740 553 3777 curn
573 3722 645 3777 Solis
671 3721 874 3777 semidiamcter
903 3741 939 3778 ex
960 3727 1056 3778 eadem
1082 3724 1193 3779 Tellure
1219 3723 1374 3795 inspectus,
1406 3725 1548 3781 contineat
1575 3724 1681 3779 minuta
1704 3722 1754 3786 15;

393 3821 477 3876 qnare
498 3804 557 3858 lere
577 3809 622 3857 est
642 3804 784 3873 proportio
808 3820 880 3874 quae
905 3805 916 3857 l
942 3806 976 3858 ad
998 3805 1046 3859 56.

473 3880 501 3949 e)
523 3884 568 3941 Its
588 3883 695 3954 quidem
716 3890 783 3937 tunc
803 3885 966 3948 censebam
995 3891 1027 3938 at
1046 3890 1147 3954 postea
1172 3883 1201 3939 in
1221 3883 1369 3938 Commeat.
1400 3885 1434 3937 de
1454 3884 1546 3939 Marte
1567 3901 1601 3937 ne
1622 3884 1674 3941 hoc
1695 3882 1754 3954 qui·

394 3968 455 4020 dem
475 3963 622 4021 intellectu
641 3963 669 4016 in
690 3970 795 4018 mctcre
816 3980 885 4034 opus
906 3982 968 4019 esse
989 3963 1182 4020 demonstravi.
1224 3964 1294 4021 Nam
1308 3963 1361 4018 etsi
1375 3965 1566 4035 proportiones
1581 3969 1675 4018 certae
1690 3971 1756 4019 sunt

395 4042 586 4120 praescriptae
606 4043 725 4097 motibus
747 4045 888 4112 omnibus,
920 4046 1001 4116 idque
1023 4045 1059 4098 ab
1080 4042 1271 4115 intelligentia
1290 4043 1353 4114 ipsa
1372 4060 1502 4115 suprema
1524 4051 1555 4096 et
1574 4043 1671 4107 unica,
1702 4043 1757 4098 hoc

339 4164 342 4167 -
394 4132 446 4187 est,
469 4141 488 4178 a
507 4124 567 4178 Deo
589 4131 728 4177 creatore:
755 4124 822 4177 illae
843 4132 937 4179 tamen
961 4124 1155 4196 proportiones
1175 4130 1299 4178 motuum
1317 4125 1382 4179 inde
1408 4141 1427 4178 a
1446 4123 1588 4178 creatione
1612 4123 1754 4195 hucusque

394 4211 592 4259 conservantur
612 4203 807 4268 invariabiles,
830 4222 884 4259 non
905 4223 955 4275 per
975 4205 1148 4259 intellectum
1169 4204 1289 4275 aliquem
1310 4203 1408 4263 motcri
1429 4213 1613 4268 concreatum,
1635 4205 1684 4257 sed
1704 4219 1756 4275 per

393 4286 462 4338 duas
483 4301 527 4338 res
550 4282 633 4345 alias;
656 4283 745 4353 prima
765 4290 817 4346 est,
840 4285 1066 4355 aequabilissima
1086 4291 1116 4337 et
1136 4284 1264 4355 perennis
1284 4286 1388 4339 rotatio
1410 4283 1531 4355 corporis
1552 4283 1672 4348 Solaria,
1695 4301 1754 4338 cum

394 4364 485 4435 specie
507 4362 549 4417 sui
577 4363 777 4426 immateriata,
806 4362 835 4417 in
855 4371 943 4418 totum
969 4367 1095 4418 mundum
1116 4371 1280 4428 emanante,
1307 4382 1378 4435 quae
1407 4365 1513 4435 species
1534 4364 1621 4417 ricem
1642 4363 1754 4418 motoris

393 4450 537 4514 praestum
560 4444 652 4497 altera
672 4459 758 4497 cansa
778 4449 843 4496 sunt
864 4444 1031 4498 libramenta
1052 4449 1083 4498 et
1101 4443 1276 4515 magneticae
1290 4444 1454 4499 directiones
1469 4460 1613 4514 corporum
1633 4444 1757 4514 ipsorum

394 4523 533 4578 mobilium
554 4521 737 4577 immutabilia
756 4528 787 4576 et
806 4523 948 4592 perennia.
991 4525 1029 4577 Ut
1049 4524 1088 4577 sic
1109 4541 1197 4595 aeque
1218 4542 1272 4579 non
1292 4524 1381 4595 magis
1402 4524 1440 4579 sit
1460 4541 1529 4595 opus
1544 4522 1679 4578 creaturis
1694 4523 1754 4579 istis

395 4604 540 4659 intellectu
570 4605 606 4657 ad
630 4604 748 4658 tuendas
773 4609 897 4657 motuum
923 4604 1128 4674 proportiones,
1161 4611 1245 4675 atque
1276 4604 1364 4658 librae
1389 4604 1514 4659 lancibus
1535 4612 1567 4657 et
1588 4604 1754 4675 ponderibus

394 4690 486 4739 mente
507 4690 552 4738 est
572 4699 641 4754 opus
663 4685 698 4738 sd
719 4684 887 4754 prodendam
907 4685 1113 4755 proportionem
1132 4686 1294 4755 ponderum.
1336 4684 1398 4737 Etsi
1426 4692 1492 4739 snat
1512 4684 1570 4741 clia
1589 4690 1757 4755 argumenta

397 4764 495 4837 quibus
515 4765 661 4835 probatur,
682 4763 773 4818 inesse
787 4764 816 4818 in
830 4766 991 4835 corporibus
1006 4767 1183 4836 planetarum
1198 4764 1298 4818 salman
1312 4764 1432 4818 Telluris
1446 4771 1477 4819 et
1489 4764 1562 4820 Solis
1583 4763 1755 4820 intellectum

395 4845 523 4923 aliquem,
545 4862 599 4900 non
620 4844 727 4919 quidem
746 4844 979 4913 ratiocinativum,
1004 4853 1036 4902 ut
1050 4845 1079 4900 in
1092 4844 1217 4906 hominm
1241 4850 1367 4897 attamen
1379 4844 1539 4901 instinctum
1557 4851 1590 4899 nt
1603 4844 1631 4899 in
1645 4845 1754 4918 planta,
