3878 5840
692 382 1021 450 matemautensem.
1470 385 1534 454 421

176 543 257 608 tiore
280 560 340 606 uon
362 540 564 617 sufficientes,
586 547 620 606 et
641 542 856 623 utplurimum
879 542 1091 625 imaginarias,
1114 561 1211 609 vanas
1234 552 1267 609 et
1289 546 1403 621 taleas,
1426 546 1538 627 partim

176 633 306 712 deniquo
328 631 450 694 omniuo
471 632 588 705 nullas,
610 631 816 695 enthusiasmo
839 633 989 695 calaumm
1010 633 1237 713 permittentem
1266 654 1324 715 quo
1353 634 1485 716 abrepti,
1510 635 1537 697 si

176 739 282 784 verum
305 720 456 783 interdum
478 720 601 796 dicam,
626 721 764 783 fortunae
788 721 979 784 tribuendum
1001 730 1066 795 est,
1098 722 1144 784 siu
1168 724 1290 803 saepius
1327 732 1358 785 et
1385 731 1418 784 ut
1440 724 1537 803 pluri-

176 829 269 886 mum,
293 809 333 871 ab
356 807 458 873 altiori
481 817 514 873 et
537 809 655 873 occqu
678 810 779 890 aquno
802 809 947 872 instinctu
970 809 1001 872 id
1023 810 1171 889 proticisci
1192 811 1359 892 putandum
1381 819 1440 874 est.

750 898 882 960 Thesis
903 898 962 960 IV.

264 984 417 1067 Physicae
447 1003 558 1047 causae
589 985 709 1066 aliquae
736 985 776 1048 ab
796 986 936 1063 omuibus
959 993 1175 1067 agnoscuntur,
1200 987 1319 1067 aliquae
1343 1008 1363 1049 a
1384 989 1535 1069 paucissi-

173 1073 250 1139 mis:
274 1074 372 1137 multa
394 1092 511 1155 quoque
535 1073 671 1136 existunt
693 1075 873 1138 naturaliter
896 1073 1034 1155 quidem,
1068 1076 1124 1138 sed
1150 1096 1189 1138 ex
1218 1077 1320 1138 causis
1341 1078 1415 1138 nulli
1438 1078 1536 1140 adhuc

174 1163 328 1227 hominum
350 1161 491 1242 coguitis.
536 1162 580 1226 Et
602 1182 761 1226 causarum
784 1182 859 1244 quas
882 1171 972 1226 notas
995 1163 1159 1240 habemus,
1184 1165 1263 1227 aliae
1291 1175 1379 1240 sunt,
1410 1186 1536 1247 quarum

174 1252 298 1316 modum
320 1259 354 1314 et
374 1251 525 1314 rationem
547 1252 744 1314 communiter
767 1270 870 1314 omues
898 1251 1093 1333 intelligimus
1100 1272 1111 1328 3
1139 1253 1233 1326 aliae,
1263 1272 1389 1335 quarum
1416 1255 1535 1317 modum

176 1360 235 1404 seu
257 1359 369 1403 causas
389 1339 559 1402 mediantes
582 1340 630 1402 vel
653 1339 827 1421 paucissimi
849 1340 1030 1421 intelllguut,
1054 1343 1104 1405 vel
1125 1360 1223 1404 uerno.

752 1428 888 1491 Thesis
911 1429 951 1492 V.

266 1513 514 1590 Generalissima,
539 1516 706 1580 fortissima
728 1525 760 1579 et
781 1517 952 1580 certissima
974 1537 1078 1592 causa,
1100 1524 1177 1580 uota
1199 1519 1336 1583 omnibus
1356 1516 1533 1595 hominibus,

173 1615 227 1670 est
247 1604 349 1668 Solis
373 1623 516 1667 accessus
538 1612 571 1667 et
593 1624 741 1669 recessus.
787 1607 820 1668 ls
852 1606 953 1687 itaque
986 1605 1067 1669 circa
1093 1608 1235 1670 natalitia
1259 1607 1375 1671 Christi
1398 1606 1535 1669 brumam

173 1694 304 1770 munet,
328 1693 376 1756 die
400 1693 542 1756 videlicet
565 1689 618 1756 21.
634 1694 820 1769 Decembris,
844 1695 935 1774 paulo
958 1702 1030 1757 aute
1053 1702 1171 1758 sentam
1193 1697 1444 1777 pomeridianam:
1468 1696 1533 1757 sol-

172 1783 290 1847 stitium
312 1800 384 1845 vero
406 1782 455 1847 die
478 1778 532 1844 21.
555 1782 639 1844 Junii
661 1781 787 1845 dimidia
809 1783 967 1845 undecima
989 1785 1098 1848 noctis.
1132 1784 1199 1848 Illic
1222 1786 1325 1866 itaque
1348 1782 1443 1863 frigus
1458 1778 1548 1868 hye?

172 1873 263 1943 male,
286 1869 335 1935 hic
356 1871 458 1934 terror
479 1870 615 1934 manem
637 1871 707 1934 erit.
731 1888 737 1897 ’

697 2000 701 2007 -
748 1958 882 2020 Thesis
905 1959 964 2021 VI.

262 2047 372 2111 Modus
394 2065 505 2110 causae
527 2054 616 2126 patet
637 2067 676 2110 ex
698 2047 902 2128 sequentibus.
948 2048 1068 2127 Pragae
1098 2047 1300 2111 Bohemorum
1327 2056 1376 2111 est
1403 2046 1533 2111 altitudo

173 2138 238 2219 poli
261 2133 305 2201 50
328 2134 368 2199 G.
393 2132 426 2198 δ’
449 2130 525 2198 45”.
570 2134 743 2199 Declinatio
775 2154 847 2198 vero
878 2134 1036 2218 eclipticas
1060 2136 1116 2198 hcc
1139 2138 1242 2201 seculo
1265 2133 1308 2200 23
1331 2136 1371 2199 G.
1396 2134 1450 2200 31¹
1469 2134 1534 2201 30“

172 2235 209 2291 ut
235 2245 302 2288 mm
330 2222 529 2305 deprehendit
554 2223 687 2303 phoenix
717 2225 769 2287 ille
793 2231 1031 2287 astronomorum
1054 2225 1159 2307 Tycho
1179 2225 1298 2300 Brahe3
1329 2244 1415 2306 quem
1432 2244 1534 2308 >nuper

172 2314 337 2378 amisimus.
368 2314 477 2392 Itaque
498 2309 562 2384 Sol,
580 2314 628 2394 qui
652 2313 740 2375 uobis
763 2320 869 2376 auctor
892 2314 1002 2376 caloris
1025 2321 1083 2389 est,
1108 2315 1214 2397 hyeme
1238 2333 1296 2376 uon
1320 2316 1421 2395 plures
1444 2333 1533 2394 quam
1653 2360 1656 2365 -

172 2402 308 2466 7horas
336 2411 381 2465 et‘
402 2396 446 2465 49
478 2402 621 2481 scrupula
659 2420 752 2482 supra
782 2402 969 2464 horizontem
1004 2402 1104 2478 lucet,
1139 2411 1171 2464 et
1202 2403 1247 2465 sic
1280 2403 1364 2466 brevi
1397 2411 1532 2484 tempore
1560 2402 1566 2418 '

171 2500 309 2555 matrum
331 2497 433 2552 utrem
455 2489 588 2565 calfacit,
614 2490 703 2571 duplo
727 2509 799 2552 vero
813 2490 926 2553 diutius
945 2496 978 2553 et
992 2491 1120 2571 amplius
1133 2492 1214 2555 iufra
1227 2492 1415 2555 horizontem
1433 2494 1533 2555 latens

172 2601 193 2644 a
215 2579 395 2645 collectione
418 2585 530 2640 cessat
577 2576 694 2641 Contra
724 2597 797 2639 vero
825 2586 945 2641 aestate
971 2575 1011 2642 16
1035 2579 1170 2660 integras
1194 2580 1284 2642 horas
1313 2588 1345 2642 et
1378 2579 1421 2643 22
1445 2600 1532 2644 scru-

171 2669 245 2761 pula
266 2686 360 2748 supra
380 2666 567 2730 horizontem
589 2666 619 2729 in
643 2667 823 2730 calfactioue
846 2666 995 2746 persistit,
1018 2667 1174 2749 minusque
1197 2669 1319 2731 dimidio
1340 2677 1475 2750 tempore
1494 2671 1533 2733 ab

172 2757 348 2841 operatione
371 2762 485 2819 casam.

730 2840 868 2904 Theaia
891 2841 963 2905 VII.

262 2933 328 2998 Acir
349 2940 452 2996 autem
474 2938 595 3006 noster,
625 2937 661 2992 ut
683 2937 716 2992 et
738 2949 817 3009 aqua
840 2938 872 2992 et
893 2937 977 2992 terra
1000 2931 1163 3010 (quatenus
1186 2929 1365 2994 elementum
1388 2936 1450 3008 est)
1474 2933 1533 2995 uisi

172 3023 314 3087 contiuuo
337 3023 477 3097 calfimt,
500 3020 607 3085 statim
629 3019 668 3080 ad
691 3026 832 3081 naturam
855 3038 941 3081 suam
964 3018 1107 3094 redeunt,
1132 3027 1164 3080 et
1187 3017 1363 3098 frigescunt.
1409 3022 1533 3084 Falsum

172 3111 253 3176 enim
274 3118 324 3175 eet
344 3111 419 3174 illud
440 3108 638 3174 Aristotelis:
663 3106 754 3170 Aeris
777 3113 917 3169 naturam
940 3126 995 3186 per
1017 3127 1051 3169 se
1074 3126 1142 3169 esse
1166 3107 1308 3170 calidam.

725 3196 866 3258 Thasia
889 3197 979 3260 VIII.
1553 3240 1555 3244 -

260 3285 411 3371 Quicquid
433 3287 513 3351 euim
535 3282 664 3350 materiai
686 3286 865 3367 participat,
900 3293 1048 3367 quatenus
1071 3303 1109 3347 ea
1130 3284 1309 3368 participat,
1343 3306 1400 3349 sua
1423 3291 1533 3348 natura

174 3376 314 3458 frigidum
336 3384 396 3440 est.
421 3375 571 3458 Quicquid
592 3394 664 3437 vero
686 3382 841 3456 potestate
864 3375 995 3437 calidum
1018 3381 1076 3449 est,
1099 3373 1130 3438 id
1153 3375 1248 3438 habet
1270 3395 1337 3438 eam
1356 3382 1495 3438 naturam
1514 3395 1534 3436 a
1561 3444 1567 3449 ⁸

173 3465 204 3529 vi
226 3466 349 3530 animali
371 3475 426 3531 aut
447 3465 552 3541 insita,
576 3474 630 3527 aut
652 3483 699 3541 ea,
724 3483 800 3545 quae
824 3483 856 3525 se
879 3464 1047 3543 progenuit

742 3551 877 3614 Thesia
901 3552 956 3615 lx.

261 3642 373 3707 Altera
395 3647 428 3704 et
449 3641 550 3722 potior
573 3659 676 3711 causa,
700 3659 753 3702 cur
770 3638 826 3702 Sol
848 3641 929 3703 altus
952 3640 1021 3720 plus
1044 3637 1197 3712 calfaciat,
1222 3657 1311 3719 quam
1333 3638 1463 3713 humilia,
1484 3647 1533 3701 est

173 3731 259 3804 haec,
283 3732 362 3812 quod
385 3729 438 3794 Sol
462 3728 585 3792 humilis
608 3728 727 3808 oblique
750 3734 782 3789 et
805 3727 946 3790 debiliter
967 3726 1153 3790 horizontem
1176 3736 1312 3789 nostrum
1334 3726 1422 3800 ierit,
1452 3726 1532 3788 altus

172 3838 245 3882 vero
268 3819 379 3898 angulo
401 3818 499 3898 magia
522 3825 605 3880 recto
629 3824 661 3878 et
683 3816 802 3878 lortius.
849 3813 990 3892 Causam,
1015 3834 1068 3877 cur
1081 3813 1163 3877 Solis
1186 3814 1290 3877 radius
1312 3813 1532 3876 immateriatus

173 3907 222 3969 hic
244 3907 325 3969 idem
346 3914 494 3988 praestet,
518 3905 598 3987 quod
620 3905 723 3968 solent
745 3922 872 3985 corpora
895 3905 990 3967 densa
1012 3904 1244 3986 materiamque,
1268 3904 1339 3966 dum
1356 3901 1415 3965 sihi
1428 3910 1532 3965 mutuo

174 3992 387 4074 impIngnntur,
410 4012 498 4058 nemo
520 3995 667 4057 hactenus
690 3993 843 4075 explicare
865 3993 975 4073 potuit.

751 4081 887 4144 Theais
909 4082 951 4145 K

261 4170 369 4251 ltaque
392 4188 460 4233 cum
483 4167 539 4234 Sol
561 4178 682 4233 aestate
706 4171 871 4252 quadruplo
895 4172 958 4233 fere
982 4170 1073 4233 altius
1096 4168 1214 4250 Pragae
1244 4169 1409 4250 pervadat,
1444 4187 1532 4251 quarn

172 4260 299 4343 hyeme:
334 4269 367 4323 et
397 4258 485 4340 hujus
518 4267 551 4322 et
577 4259 741 4338 superioris
764 4278 875 4322 causae
899 4259 1107 4341 conjunctione
1131 4259 1282 4338 sequitur,
1315 4259 1381 4340 ejus
1409 4259 1530 4334 caloris,

173 4349 224 4429 qui
252 4369 273 4411 a
303 4346 376 4412 Sole
408 4347 449 4411 ad
480 4349 633 4412 elementa
654 4347 702 4411 die
726 4349 843 4412 aestivo
867 4349 1043 4430 longissimo
1067 4347 1237 4423 descendit,
1271 4347 1320 4409 die
1351 4347 1531 4410 brevissimo
1566 4383 1571 4392 ·

171 4445 291 4518 purtem
313 4446 455 4502 usuram
477 4457 538 4502 nou
554 4438 624 4519 plns
642 4455 811 4519 superesse.

200 4544 204 4549 ’
746 4526 881 4589 Thasie
903 4524 960 4590 XI.

260 4612 324 4679 Sed
347 4634 443 4699 neque
465 4615 541 4679 haec
564 4622 677 4678 octava
698 4634 771 4696 pars
794 4615 904 4678 caloris
927 4632 1004 4696 quae
1026 4613 1134 4695 hyeme
1156 4620 1312 4692 superest,
1344 4612 1430 4675 uobis
1457 4632 1531 4694 pro-

173 4704 243 4768 deat
274 4705 384 4770 omnis.
429 4706 510 4770 Nam
536 4703 592 4769 Sol
623 4704 729 4787 hyeme
755 4723 862 4786 parum
894 4723 986 4785 supra
1014 4702 1199 4765 horinoutem
1231 4711 1366 4765 nostrum
1395 4702 1531 4766 elevatus

173 4811 309 4858 crsasum
340 4800 475 4858 nostrum
509 4800 609 4857 adrem
638 4793 736 4874 magis
764 4813 802 4855 ex
826 4793 946 4874 obliquo
970 4791 1063 4855 habet
1090 4790 1268 4871 oppositum.
1313 4791 1419 4853 Posito
1443 4791 1531 4866 eninr,

172 4883 252 4964 quod
272 4883 448 4963 superficies
470 4882 573 4967 vapidi
596 4883 688 4959 atris,
712 4882 763 4965 qui
781 4882 923 4964 refringit
940 4881 1079 4965 Solarem
1102 4879 1228 4955 radium,
1254 4879 1336 4943 absit
1358 4899 1378 4940 a
1393 4879 1482 4959 uobis
1501 4880 1532 4941 in
