3838 5824
394 351 457 419 rso
904 333 1237 402 summumne

390 516 460 573 tiasr
491 514 557 567 item
579 506 699 580 angelos
719 501 1011 574 prosthaphaereseen
1031 497 1180 552 eamndem
1200 494 1228 548 in
1254 494 1321 548 orbe
1342 507 1446 564 magno
1465 489 1586 546 Telluris
1606 490 1754 545 seeundum

295 624 302 635 ·
391 591 559 651 sententiam
579 583 775 657 Copornici.
1352 618 1359 627 ,

336 726 342 735 ,
471 672 539 725 Tab.
564 670 609 722 ll.
630 666 685 719 sic:
716 662 827 717 Tabula
848 660 881 713 11.
914 659 1049 712 exhibens
1076 656 1197 710 ordinem
1233 654 1414 725 sphaerarum
1438 651 1615 713 coelestium,
1646 656 1677 703 et
1702 656 1755 704 ut-

392 766 530 822 cunque
549 744 756 818 proportionem
770 740 875 796 orbium
896 745 926 792 et
940 738 1134 808 epioyolorum,
1156 740 1241 804 atque
1255 733 1375 804 angulos
1389 732 1434 785 vel
1455 746 1535 784 arom
1549 729 1755 800 prosthaphae·

392 848 492 889 reseon
511 827 673 886 eorundem,
691 823 779 892 juxte
799 818 902 874 medias
922 816 1080 878 distantias,
1103 816 1249 869 secundum
1270 818 1428 865 veterum
1449 810 1625 864 sententiam.

472 910 516 964 ud
537 908 608 961 tab.
634 906 679 958 10.
702 904 774 956 haec
795 898 937 968 adscripta
956 903 1035 950 sunt:
1067 897 1098 949 ln
1118 902 1230 956 centro,
1253 894 1297 946 vel
1318 907 1421 961 prope,
1453 897 1498 943 est
1518 890 1577 945 Sol
1598 888 1755 944 immobilis.

293 990 313 1007 “
393 992 442 1047 EF
461 988 579 1044 circulus
601 976 635 1049 0,
657 982 703 1053 qui
722 980 880 1036 restituitur
899 978 996 1031 diebus
1018 975 1057 1031 88
1078 977 1146 1029 iere.
1189 974 1237 1027 CD
1252 978 1296 1026 est
1317 971 1435 1024 circulus
1457 967 1495 1039 Ω,
1518 969 1597 1038 eujus
1617 968 1756 1023 revolutio
1808 982 1816 1003 ⁸

395 1070 470 1125 circa
490 1062 523 1126 Θ
546 1072 591 1121 εει
611 1064 714 1118 dierum
730 1061 790 1116 224
810 1075 869 1113 cum
884 1060 974 1113 besse.
1015 1057 1066 1110 ΔΒ
1080 1055 1200 1110 circulus
1216 1045 1257 1117 ὁ,
1279 1051 1358 1119 cujus
1373 1049 1511 1105 revolutio
1529 1050 1633 1104 dierum
1649 1043 1755 1108 aeth

394 1130 504 1207 Dicitur
525 1145 626 1201 Orbis
646 1145 795 1213 Magnus
816 1144 931 1209 propter
951 1153 1030 1191 usum
1051 1134 1239 1204 multiplicem.
1281 1123 1649 1195 circumscribimus,
1677 1130 1758 1184 velut

398 1228 554 1300 epieyolus,
576 1224 715 1294 sphaerae
736 1219 855 1275 Lunaris
877 1220 912 1272 ad
931 1220 972 1280 Δ,
994 1217 1089 1270 eodem
1110 1220 1185 1269 motu
1206 1212 1344 1282 perenni
1366 1210 1487 1280 spatium
1508 1225 1569 1263 oum
1590 1201 1615 1273 ὅ
1636 1211 1672 1262 ad
1691 1225 1758 1263 ean·

396 1313 459 1364 dem
489 1306 601 1361 stellam
627 1305 712 1357 fixam
738 1300 856 1356 rediens.
897 1298 951 1352 Sed
972 1296 1034 1365 ejus
1063 1294 1178 1365 propria
1204 1291 1340 1346 revolutio
1366 1293 1400 1345 ad
1424 1285 1456 1348 Θ
1478 1289 1567 1343 habet
1592 1288 1650 1342 dies
1672 1284 1756 1350 aut.

398 1389 452 1444 GH
471 1392 517 1441 est
538 1384 611 1438 orbis
627 1380 667 1447 0¹,
689 1366 735 1451 qui
756 1394 864 1434 cursum
884 1394 968 1431 unum
989 1378 1040 1430 snb
1061 1375 1152 1429 stellis
1171 1373 1235 1426 fixis
1256 1371 1314 1424 sire
1336 1373 1371 1424 ad
1387 1365 1420 1429 Θ
1443 1368 1565 1424 absolvit
1577 1367 1673 1423 diebus
1689 1368 1758 1425 001.

397 1470 479 1525 Hunc
506 1464 613 1533 excipit
641 1468 705 1531 pest
727 1475 857 1531 magnum
883 1456 1060 1512 intervallum
1082 1455 1135 1517 lK,
1165 1453 1287 1523 sphaera
1307 1456 1346 1518 ιι,
1374 1452 1481 1505 habens
1505 1447 1636 1502 ambitum
1656 1448 1760 1502 dierum

382 1539 514 1604 ’4332οι
537 1545 604 1598 fere.
644 1542 698 1596 LM
718 1547 763 1595 εει
782 1539 811 1603 h,
833 1538 911 1607 cnjus
932 1544 1040 1605 tempus
1063 1533 1228 1606 periodioum
1248 1532 1351 1586 dierum
1375 1523 1517 1589 rottei..

478 1625 566 1680 Fixae
579 1638 646 1677 vero
668 1622 770 1675 stellae
785 1620 875 1673 adhuc
898 1624 956 1672 tam
978 1614 1175 1671 inaestimabili
1191 1613 1339 1668 intervallo
1354 1611 1469 1666 altimes
1484 1616 1557 1672 sunt,
1582 1611 1616 1661 ut
1637 1610 1672 1663 ad
1686 1624 1759 1675 eam,

398 1710 535 1781 quaeest
557 1703 630 1757 inter
652 1696 684 1759 Θ
709 1707 739 1755 ει
762 1692 805 1764 ὃ,
830 1699 1007 1768 intercapedo
1030 1695 1169 1751 sensibilis
1191 1712 1246 1749 non
1268 1693 1313 1747 sit.
1354 1694 1393 1747 Et
1414 1709 1467 1746 eae
1487 1698 1552 1745 sunt
1575 1689 1606 1768 iu¹
1625 1697 1760 1757 extremo,

398 1787 472 1841 siout
492 1779 524 1842 Θ
547 1784 576 1836 in
597 1789 706 1844 mucro,
728 1780 839 1851 penitus
860 1777 1019 1832 immobiles.

478 1863 608 1934 Augulns
631 1862 722 1923 TGV,
747 1860 792 1912 vel
816 1858 968 1920 arcnsTV,
991 1852 1347 1926 prosthapbaeresis
1371 1858 1427 1916 est,
1457 1852 1516 1905 sire
1538 1852 1772 1921 parallaxis,

399 1961 482 2018 qnam
505 1942 581 1997 orbis
604 1957 722 2011 magnus
747 1940 771 2012 (5
796 1941 832 1992 ad
856 1938 1004 2008 sphaeram
1026 1932 1051 1993 ὀ
1075 1937 1171 1991 habet.
1212 1933 1334 1988 SioPIN
1354 1937 1399 1986 est
1423 1931 1546 1999 ejusdem
1569 1931 1644 1986 orbis
1667 1932 1762 2004 magni

403 2022 561 2097 parallaxis
576 2023 612 2075 ad
627 2021 775 2089 sphaeram
789 2017 826 2081 il.
851 2024 881 2072 et
894 2016 979 2079 PLN,
1004 2016 1062 2069 sive
1076 2016 1121 2070 RS
1142 2031 1237 2077 arcus,
1263 2015 1298 2068 ad
1321 2012 1468 2082 sphaeram
1482 2013 1506 2070 b.
1549 2012 1593 2066 Ita
1606 2012 1693 2075 XAY,
1716 2013 1762 2066 vel

400 2105 453 2160 XT
477 2119 572 2165 meus,
603 2106 648 2153 est
677 2098 834 2168 parallaxis
859 2089 900 2162 ὁ,
931 2102 1015 2151 utet
1038 2095 1133 2158 ΖΛΜ,
1162 2094 1207 2148 vel
1231 2093 1302 2157 ΖΒ,
1333 2087 1517 2161 sphaerae&
1545 2092 1702 2161 parallaxis
1727 2094 1763 2145 ad

399 2186 493 2239 orbem
513 2195 652 2251 magnum.

485 2263 565 2323 Quae
589 2257 736 2326 adscripsit
749 2257 889 2325 Keplerns
913 2255 1062 2309 tabulae
1080 2255 1124 2308 11.
1148 2253 1218 2306 haec
1236 2259 1314 2306 sunt:
1341 2252 1371 2304 ln
1394 2241 1529 2314 oeutro6
1553 2257 1606 2315 est,
1630 2251 1692 2304 sola
1715 2250 1763 2304 im·

401 2341 517 2397 mobilis.
540 2339 653 2393 intimus
669 2328 776 2401 circa&
793 2335 931 2390 orbiculus
940 2335 1038 2388 Lunae
1048 2334 1196 2404 sphaeram
1206 2336 1408 2402 repraesentat,
1420 2330 1498 2400 cujus
1508 2339 1597 2386 motus
1607 2335 1763 2385 menstruus

402 2428 456 2477 est.
500 2422 581 2474 Hanc
603 2418 728 2487 proxime
752 2415 773 2479 b
797 2415 871 2468 orbis
894 2415 1056 2468 circumdat:
1086 2429 1166 2484 quem
1188 2411 1314 2482 sequitur
1335 2401 1375 2474 Ω,
1399 2418 1429 2463 ει
1452 2418 1552 2481 postea
1575 2406 1608 2470 Θ
1632 2411 1763 2480 sphaera,

403 2516 498 2557 annua
512 2515 604 2553 omnes
618 2495 798 2550 conversione
811 2495 957 2548 volubiles.
998 2493 1176 2564 Reliquorum
1191 2492 1272 2547 trium
1287 2491 1465 2563 superiorum,
1490 2488 1516 2549 d
1525 2533 1532 2556 ,
1556 2489 1592 2555 ll,
1616 2491 1647 2554 b,
1672 2493 1763 2554 orbes,

404 2583 522 2635 lixarum
537 2594 644 2648 quoque
660 2576 807 2630 stellarum
829 2575 985 2643 sphaeram,
1011 2590 1099 2637 arcus,
1125 2590 1192 2644 quos
1213 2567 1326 2637 cirea&
1356 2586 1407 2626 ceu
1425 2577 1548 2625 centmm
1571 2571 1696 2642 integros
1717 2572 1763 2624 de·

405 2660 526 2716 seribere
551 2663 582 2710 et
603 2656 741 2726 complere
765 2654 879 2726 quiaque
902 2661 1005 2725 potest,
1029 2654 1158 2708 indicant.
1201 2650 1315 2712 o'orbis
1337 2650 1448 2707 biennio
1469 2651 1653 2710 convertitur:
1677 2648 1765 2710 ‘lian-

402 2756 452 2795 nos
469 2739 504 2793 12
520 2754 601 2808 qnam
615 2735 740 2806 proxime
754 2735 877 2805 requirit,
899 2741 930 2789 et
950 2732 1040 2791 hiere
1054 2733 1092 2789 30
1108 2750 1204 2788 annos.
1245 2732 1332 2788 Pirae
1346 2732 1447 2786 stellae
1469 2731 1569 2787 49000
1583 2730 1660 2784 annis
1678 2730 1767 2800 juxta

401 2818 635 2889 Alpbonsinorum
659 2815 765 2885 placita
785 2812 925 2885 periodum
948 2815 1108 2869 restituunt.
1151 2814 1278 2876 Quantas
1300 2812 1471 2883 singulorum
1496 2810 1623 2881 (praeter
1638 2804 1680 2879 ]>)
1705 2810 1765 2881 epi·

403 2898 474 2971 cycli
488 2897 517 2951 in
531 2895 703 2951 concentrioo
718 2895 821 2949 circulo
834 2895 1103 2964 prosthaphaereses
1126 2894 1154 2948 in
1169 2893 1263 2947 mediis
1277 2891 1417 2946 distantiis
1441 2891 1554 2955 faciant,
1579 2906 1659 2945 arcus
1682 2890 1766 2945 rectis

402 2970 479 3042 016
501 2976 591 3031 ductis
615 2983 645 3030 et
665 2974 804 3045 epioyolcs
826 2973 951 3045 singulos
972 2975 1154 3046 tangentibus
1177 2972 1333 3042 intercepti,
1358 2971 1457 3026 additis
1477 2973 1613 3042 graduum
1637 2969 1765 3034 numeria,

402 3064 566 3115 monstrant.

483 3133 515 3201 h)
539 3138 600 3190 Eoo
620 3134 709 3188 coacti
734 3140 799 3186 sunt
822 3137 948 3186 statuere
971 3139 1107 3195 auctores,
1136 3133 1222 3185 ceteri
1246 3133 1279 3185 de
1301 3130 1374 3194 Sole,
1399 3130 1565 3201 Cepernious
1589 3132 1623 3184 de
1645 3129 1767 3189 Tellure,

405 3218 471 3287 quia
493 3215 604 3269 nimium
627 3214 753 3268 tribuunt
776 3209 1017 3266 observationibus
1040 3210 1194 3279 Hipparchi
1218 3216 1248 3265 et
1267 3210 1434 3263 Ptolemaei:
1459 3213 1507 3265 sed
1531 3226 1602 3281 quae
1626 3226 1680 3263 non
1703 3215 1769 3263 sunt

405 3302 503 3350 tantae
528 3292 709 3354 subtilitatis,
738 3298 771 3343 ut
793 3291 896 3358 dogma
917 3288 990 3342 tanti
1013 3288 1141 3342 momenti
1165 3290 1255 3358 possit
1274 3289 1307 3342 iis
1336 3290 1569 3358 superaedificari.
1616 3291 1715 3360 Itaque
1739 3289 1769 3343 in

405 3372 614 3430 Commentariis
638 3369 809 3424 Martialium
832 3366 1052 3436 speculationum
1082 3373 1112 3419 et
1140 3367 1188 3421 lib.
1211 3369 1259 3422 v1.
1283 3367 1425 3438 Epitomes
1456 3376 1538 3439 parte
1561 3372 1583 3425 1.
1612 3370 1769 3440 opinionem

404 3454 488 3509 istam
508 3458 540 3505 ut
564 3450 698 3520 physicae
712 3446 828 3502 coelesti
842 3445 977 3499 inimicam
992 3447 1135 3520 admodum
1148 3446 1265 3501 tidenter
1277 3447 1372 3515 rejeci.
1395 3451 1509 3504 necdum
1524 3451 1590 3504 cedo
1613 3449 1767 3512 seutentia;

406 3532 561 3587 evidentem
581 3527 799 3582 imbecillitatem
820 3523 988 3594 opinationis
1008 3525 1093 3593 hujus
1114 3525 1182 3580 alibi
1202 3528 1405 3582 demonstrabo.

486 3603 510 3677 i)
533 3609 596 3662 Non
611 3608 682 3679 quod
695 3605 801 3675 triplex
816 3605 876 3674 ipse
890 3604 935 3667 sit,
951 3606 999 3659 sed
1014 3605 1080 3675 quia
1092 3621 1164 3659 unus
1178 3613 1209 3659 et
1221 3606 1292 3660 idem
1310 3607 1435 3663 existens
1454 3608 1511 3664 tria
1524 3608 1656 3664 distincta
1670 3608 1768 3672 habet,

408 3706 480 3762 qnae
494 3688 608 3758 singula
622 3703 686 3741 suos
701 3684 867 3755 multiplices
883 3699 948 3738 usus
963 3692 994 3739 et
1006 3684 1100 3738 munia
1113 3686 1220 3740 habent
1233 3685 1261 3739 in
1276 3689 1444 3742 astronomis
1456 3689 1617 3743 reformata.

489 3765 521 3834 k)
545 3769 575 3822 ld
590 3773 643 3830 εει,
663 3765 789 3835 seposita
802 3762 1022 3819 consideratione
1036 3765 1260 3820 ecoentrioitatis.
1303 3766 1444 3828 Quaedam
1458 3768 1530 3823 enim
1552 3767 1768 3839 praestat-orbis

408 3850 462 3906 iste
476 3847 654 3910 ecoentrious,
670 3863 724 3900 non
738 3845 801 3915 ipsa
814 3860 867 3921 sua
880 3844 1095 3910 ecoentrioitate,
1111 3847 1159 3899 sed
1174 3845 1225 3899 illa
1236 3847 1298 3899 sola
1310 3863 1350 3909 re,
1366 3849 1436 3916 qnod
1452 3848 1525 3904 circa
1534 3848 1626 3905 Solem
1639 3848 1767 3903 vertitur.

488 3926 510 3993 l)
536 3928 648 3981 Coelum
662 3932 734 3995 puta
746 3926 843 3979 Lunae
859 3922 924 3991 (neu
938 3925 1020 3980 Luna
1032 3942 1083 3995 per
1096 3920 1141 3994 se)
1155 3933 1186 3980 et
1199 3925 1294 3979 Tellus
1308 3925 1415 3980 babent
1432 3930 1548 3983 enodem
1561 3935 1663 3983 motum
1677 3935 1770 3983 haus·

410 4007 523 4064 lationis
546 4009 581 4061 de
604 4008 665 4060 leco
687 4005 818 4059 inlocum
841 4021 893 4074 per
915 4006 1009 4060 orbem
1032 4021 1169 4077 magnum,
1194 4021 1263 4077 erge
1287 4022 1347 4059 eum
1371 4022 1479 4077 semper
1492 4008 1579 4063 Terra
1599 4009 1660 4062 lece
1673 4009 1769 4063 eodem

410 4089 456 4152 sit,
478 4105 532 4159 quo
555 4088 616 4141 loeo
637 4085 776 4139 invenitur
797 4092 828 4138 et
841 4086 948 4141 coelum
961 4086 1067 4147 Lunae,
1091 4086 1197 4140 eoelum
1219 4085 1308 4156 igitur
1327 4085 1380 4139 hoo
1394 4087 1500 4140 ¹Lunae
1523 4095 1553 4141 et
1570 4104 1622 4157 per
1641 4088 1668 4142 id
1690 4089 1773 4142 Luna

410 4169 474 4239 ipsa
496 4183 583 4221 causa
605 4166 713 4237 quidem
736 4166 805 4220 coeli
830 4165 872 4218 sui
901 4164 1007 4220 nullam
1026 4166 1111 4219 talem
1140 4183 1177 4219 ex
1197 4173 1273 4220 matu
1294 4166 1413 4220 Telluris
1437 4166 1631 4236 apparentiam
1654 4167 1771 4238 suscipit

412 4253 502 4303 motus
526 4247 584 4310 sui,
618 4246 727 4317 qualem
751 4263 788 4299 ex
810 4245 914 4300 Terrae
937 4244 1122 4300 translatione
1143 4245 1192 4301 Sol
1215 4245 1345 4317 suscipit,
1374 4247 1434 4316 ipse
1455 4263 1524 4301 rere
1547 4247 1698 4317 quiescens.
1739 4248 1771 4303 Id

412 4344 493 4382 aecus
517 4333 601 4389 esset,
626 4325 649 4379 si
664 4326 751 4379 Terra
771 4333 899 4395 promota
921 4327 1028 4380 coelum
1048 4326 1147 4380 Lunae
1169 4325 1327 4396 quiesceret
1348 4332 1399 4379 ant
1421 4334 1579 4381 moveretur
1601 4330 1635 4381 de
1658 4328 1719 4382 loeo
1742 4326 1771 4382 in

412 4408 502 4462 locum
522 4413 598 4460 motu
620 4405 675 4459 alio
688 4405 834 4467 distinoto;
858 4412 924 4459 tuno
938 4405 1008 4459 enim
1030 4413 1119 4460 motus
1134 4404 1221 4460 centri
1235 4405 1355 4461 Telluris
1378 4421 1429 4475 per
1439 4405 1669 4479 imaginationem
1684 4407 1770 4462 etiam

413 4486 442 4540 in
464 4487 570 4540 eoelum
592 4486 689 4540 Lunae
713 4484 960 4550 transcriberetur,
991 4493 1021 4539 et
1048 4485 1088 4540 sie
1110 4486 1195 4540 etiam
1218 4492 1307 4541 totum
1335 4485 1442 4540 coelum
1463 4487 1560 4541 Lunae
1588 4504 1639 4556 pro
1661 4487 1771 4542 ratione

414 4565 483 4619 situs
506 4566 548 4619 sui
569 4572 666 4635 posset
685 4565 877 4636 retrogradum
897 4564 982 4619 rideri
1004 4583 1058 4620 non
1079 4565 1167 4620 minua
1188 4582 1269 4636 qnam
1291 4566 1424 4636 planetae
1445 4566 1573 4638 quinque.

494 4640 534 4713 nr)
555 4646 620 4700 Duo
633 4644 678 4699 bio
691 4645 854 4707 manuatim,
880 4644 1000 4699 alterum
1013 4645 1105 4701 Solem
1119 4645 1208 4715 ipsum
1223 4646 1338 4708 attinet.
1363 4646 1482 4701 alterum
1500 4664 1537 4701 ex
1551 4646 1616 4703 Sole
1636 4646 1773 4700 redundat

414 4724 442 4779 in
461 4723 601 4794 planetas.
644 4724 820 4778 Ptolemaeus
834 4725 925 4779 Solem
944 4726 1064 4780 collocat
1086 4725 1114 4784 in
1137 4725 1298 4790 ecoentrioo,
1322 4725 1504 4779 ecoentricum
1528 4725 1643 4780 includit
1663 4725 1770 4780 duobus

415 4805 620 4866 deferentibns3
644 4803 812 4873 Cepernious
833 4804 958 4875 epioyelo
982 4805 1074 4877 alligit
1096 4807 1248 4875 planetam,
1277 4804 1431 4874 epicyclum
1454 4805 1635 4859 concentricc.
1676 4804 1772 4858 Ptole·

416 4900 510 4940 masur
525 4884 619 4960 igitur,
639 4890 672 4939 ut
690 4898 822 4957 apogaca
840 4892 1011 4957 promoveat,
1033 4885 1220 4943 mansuum
1237 4885 1301 4941 sais
1324 4882 1455 4943 attribuit
1477 4890 1579 4940 metum
1602 4882 1772 4961 peculiarem
