3872 5836
423 349 489 418 332
844 352 944 403 Literae
964 352 1065 417 Kepleri
1087 351 1239 416 aliorumque
1257 358 1358 419 mutuae

424 515 499 577 lucis
524 513 565 575 sit
588 531 693 593 capax,
720 513 836 575 ruboris
861 529 976 592 quoqne
1000 509 1110 573 Martis
1135 511 1227 572 fuisse
1252 530 1403 592 capacem,
1429 513 1531 595 itaque
1556 530 1592 573 ex
1616 510 1673 571 boo
1695 509 1777 570 fonte

424 604 452 667 in
477 603 605 665 hominis
629 621 752 682 corpore
777 602 907 663 existere
932 599 1080 661 terribiles
1106 601 1230 663 affectus
1247 598 1316 676 fre„
1342 603 1491 681 etiamque
1506 600 1568 662 suis
1591 598 1775 678 temporibus

423 693 461 754 ad
486 692 569 772 leges
593 691 789 754 directionum
808 689 974 752 redundare
991 689 1128 751 humores
1143 697 1175 751 et
1194 690 1329 751 affectus.
1378 688 1457 761 Quid
1477 699 1511 752 tu
1528 688 1596 751 hic?
1643 686 1776 761 Talibus,

424 780 739 860 inquis,.'argumentis
762 778 905 842 inauditis
929 777 1014 838 nobis
1038 778 1127 856 plane
1142 798 1250 839 noram
1266 787 1297 840 et
1320 779 1549 858 imaginatiram
1574 787 1606 839 et
1630 796 1667 838 ex
1690 783 1777 854 parta

424 869 636 947 geometricam
670 868 866 947 astrologiam
899 866 1076 929 constitues.
1124 868 1206 928 Tune
1238 887 1296 928 non
1326 868 1407 931 aliud
1436 869 1530 930 babes
1559 873 1776 945 argumentum,

425 957 502 1036 (quod
527 958 687 1036 opponas?
734 958 902 1034 Figmenta,
928 955 983 1015 boc
1008 962 1056 1015 est
1079 965 1249 1017 commenta
1274 957 1347 1018 baec
1371 978 1438 1017 esse
1463 958 1554 1028 falsa,
1589 953 1776 1035 probandum

424 1046 477 1107 tibi
502 1055 560 1108 est.
608 1046 695 1107 Vera
718 1046 851 1107 inaudite
875 1063 933 1104 non
958 1036 1129 1105 reformido.
1176 1046 1265 1106 Nova
1288 1066 1325 1106 an
1350 1048 1488 1122 afferam,
1513 1064 1570 1107 oon
1595 1044 1684 1123 plane
1700 1043 1778 1115 scio;

374 1124 378 1135 ’
424 1154 482 1195 non
506 1134 604 1196 evolvi
628 1137 757 1196 omnium
783 1134 885 1196 libros.
932 1132 1167 1211 Imaginatioam
1185 1135 1332 1195 contendo
1348 1154 1464 1196 omnem
1479 1135 1643 1196 coelestem
1667 1150 1778 1212 opera·

424 1224 546 1300 tionem,
571 1232 602 1284 et
619 1223 734 1302 quidem
751 1220 995 1302 imaginationem
1010 1220 1040 1280 in
1057 1222 1167 1297 Terris,
1194 1224 1248 1284 hoc
1264 1233 1310 1283 est
1328 1224 1357 1284 in
1378 1223 1574 1286 facultatibus
1588 1220 1779 1295 animalibus,

425 1313 466 1373 rei
482 1311 683 1392 geometricae
700 1310 954 1391 imaginabilibus
970 1310 1057 1371 simul
1073 1319 1105 1371 et
1121 1312 1203 1373 lucis.
1243 1312 1328 1377 Haec
1352 1312 1440 1391 plane
1460 1321 1530 1374 sunt
1543 1331 1610 1373 mea
1625 1310 1779 1389 dogmata.

361 1403 362 1406 ’
424 1402 491 1462 Non
525 1420 571 1462 me
603 1409 699 1463 terres
727 1399 951 1482 explosionibus
982 1399 1051 1459 tuis.
1101 1400 1146 1460 Tu
1170 1420 1243 1462 vero
1276 1420 1373 1462 nonne
1407 1402 1444 1463 de
1469 1401 1554 1463 novis
1586 1398 1716 1461 inventis
1750 1397 1779 1458 in

425 1490 592 1568 astrologia
615 1499 647 1550 et
670 1490 734 1569 ipse
759 1489 815 1551 toti
846 1490 977 1550 minatus
1003 1506 1035 1547 es
1063 1489 1256 1568 antiquitati?
1304 1490 1404 1568 Atque
1430 1491 1506 1551 adeo
1533 1506 1678 1569 perquam
1702 1505 1781 1547 nova

383 1614 386 1623 =
423 1579 496 1639 bacco
512 1597 626 1639 mecum
648 1580 829 1641 communia:
855 1584 939 1638 astra
959 1593 1017 1635 non
1035 1594 1104 1635 esse
1126 1597 1235 1639 causas
1251 1597 1348 1640 rerum
1364 1578 1575 1651 sublunarium,
1602 1577 1655 1638 sed
1670 1594 1777 1637 exem-

423 1667 483 1746 pla,
508 1666 573 1727 Deo
597 1667 782 1734 internuncio
808 1675 838 1728 et
863 1670 1059 1738 exsecutore3
1090 1666 1138 1727 ubi
1164 1686 1219 1745 ego
1246 1667 1407 1745 cujuslibet
1431 1669 1473 1729 rei
1507 1667 1685 1729 facultatem
1710 1664 1780 1725 ani-

423 1754 530 1817 malem
559 1765 661 1816 etatuo
686 1757 961 1831 exsecutricemque
986 1753 1241 1832 imaginationem.
1289 1755 1355 1817 Tibi
1370 1757 1453 1817 Dens
1474 1756 1502 1816 in
1530 1754 1782 1826 naturamvenit,

423 1843 495 1904 milri
524 1854 633 1905 natura
661 1845 697 1906 acl
732 1845 921 1906 divinitatem
951 1841 1077 1919 aspirat.
1123 1846 1225 1924 Atque
1255 1846 1308 1905 en!
1346 1844 1387 1905 Et
1415 1842 1678 1924 imaginationibus
1703 1841 1779 1903 meis

424 1932 600 1994 subscribis.
649 1933 811 2012 Approbas
835 1929 1133 2009 exempla3'profers
1157 1934 1186 1993 in
1207 1941 1303 2012 peste,
1333 1952 1390 1994 nou
1420 1942 1536 1995 terrore
1561 1932 1656 1994 solnm
1681 1940 1780 2004 nocet,

424 2021 479 2082 sed
503 2022 680 2082 formatione
705 2023 748 2084 rei
773 2022 879 2083 similis
904 2027 936 2079 et
959 2017 987 2078 in
1012 2022 1143 2082 membro
1163 2021 1262 2083 simili.
1311 2020 1426 2083 Contra
1444 2040 1501 2082 non
1517 2021 1613 2083 omnis
1628 2020 1781 2099 imagina-

425 2108 516 2193 tionis
541 2129 615 2188 opus
639 2111 749 2172 malum
773 2120 835 2185 est3
866 2109 932 2171 hnic
956 2108 1145 2187 pulcherrimi
1176 2124 1207 2172 et
1231 2118 1387 2190 parentum
1412 2111 1525 2172 similes
1558 2111 1708 2190 prodeunt
1731 2108 1780 2168 in·

426 2200 534 2271 fantes,
552 2198 618 2259 hnic
634 2199 706 2260 nulli
718 2200 879 2261 sanitatem
896 2207 1076 2274 recuperant
1091 2219 1127 2259 ex
1143 2201 1264 2260 morbis.
1302 2200 1453 2280 Denique,
1478 2198 1619 2280 quidquid
1634 2198 1781 2259 hactenus

426 2287 481 2348 fuit
505 2282 799 2367 exemplorumnon
824 2290 928 2351 mirum
954 2283 1019 2358 fuit,
1046 2295 1098 2348 ant
1121 2296 1202 2349 certe
1227 2308 1282 2349 non
1308 2308 1367 2368 qua
1390 2295 1476 2369 parte
1497 2288 1601 2349 mirum
1626 2307 1645 2348 a
1668 2293 1699 2347 te
1724 2284 1785 2359 fuit

425 2375 595 2437 adductum.
642 2376 737 2438 Tuum
766 2386 814 2439 est
845 2379 901 2440 hoc
925 2374 1091 2437 clanculum
1116 2384 1147 2437 et
1170 2397 1262 2457 snpra
1284 2386 1418 2438 nostrum
1443 2385 1578 2457 captum,
1604 2376 1682 2458 qnod
1706 2393 1782 2436 uxor

424 2482 505 2539 mea,
548 2463 614 2525 riso
648 2465 753 2527 limace
787 2475 817 2527 et
851 2467 921 2527 forti
953 2460 1169 2542 imaginatione
1206 2466 1297 2527 filiolo
1332 2486 1396 2527 meo
1429 2464 1560 2528 Henrico
1592 2484 1621 2544 p.
1656 2482 1693 2526 m.
1726 2482 1781 2541 pro

425 2554 558 2614 mentula
581 2553 774 2633 implantavit
797 2554 961 2619 limaceant.
991 2559 1088 2625 (Gomp.
1112 2562 1196 2612 literae
1219 2562 1322 2626 Kepleri
1348 2563 1380 2612 ad
1405 2562 1566 2612 Maestlinum
1589 2562 1678 2618 datas,
1706 2574 1782 2624 snpra

424 2666 446 2713 p.
467 2645 541 2712 ιιι.)
587 2642 637 2703 Ad
659 2644 714 2705 boc
739 2663 831 2724 opus,
849 2645 984 2724 quamvis
1008 2645 1164 2705 rationalis
1194 2652 1360 2717 creaturae,
1387 2644 1522 2704 discursu
1548 2662 1621 2704 sane
1640 2664 1698 2704 non
1725 2642 1781 2703 fuit

425 2750 479 2791 usa
512 2740 633 2805 natura,
668 2734 786 2794 occulto
819 2733 963 2797 instinctu
997 2733 1120 2794 factum.
1176 2732 1226 2795 Sic
1265 2752 1361 2813 neque
1396 2730 1504 2805 Jacobi
1537 2750 1610 2793 oves
1643 2732 1781 2794 discursu

423 2818 550 2880 rationis
584 2821 753 2884 utebantur.
820 2820 900 2892 Quid
933 2822 1025 2903 igitur
1058 2830 1090 2883 tu
1124 2822 1171 2883 hic
1201 2823 1237 2882 de
1273 2821 1437 2883 structione
1475 2820 1530 2881 viri
1572 2829 1603 2882 et
1642 2820 1780 2893 feminae,

423 2907 549 2969 animosi
572 2920 605 2969 et
628 2911 799 2985 effeminati,
827 2910 951 2972 scientis
966 2911 1136 2991 philosophi
1160 2919 1192 2970 et
1209 2911 1376 2989 ignorantis
1400 2908 1505 2969 rustici
1526 2910 1687 2987 argutaris,
1713 2926 1780 2969 cum

423 3016 459 3056 ne
484 2997 603 3077 quidem
626 2998 705 3059 inter
728 3018 814 3060 ovem
838 3007 868 3060 et
892 3001 1042 3060 borninem
1069 3000 1157 3077 hujus
1172 3000 1215 3059 rei
1240 3018 1334 3059 cansa
1349 2998 1441 3059 liceat
1456 2997 1661 3075 distinguere?
1700 2997 1780 3058 Vide

423 3103 519 3145 meam
544 3085 838 3149 dissertatiunculam
863 3097 893 3148 et
918 3089 1033 3149 refuta!
1080 3089 1240 3166 Nunquam
1271 3088 1349 3147 forte
1373 3087 1505 3147 Martem
1529 3087 1605 3147 uidit
1636 3086 1778 3166 agricola.

424 3174 501 3233 l‘uto
524 3174 617 3234 multo
641 3175 737 3235 minus
762 3176 826 3253 ejus
850 3194 941 3248 uxor3
967 3186 1132 3244 ettamen,
1158 3195 1222 3236 enm
1247 3175 1390 3254 gignunt,
1415 3176 1506 3236 horas
1531 3174 1693 3253 genesibus
1719 3174 1780 3237 suis

423 3268 643 3321 consentaneas
667 3262 831 3336 inveniunt,
860 3265 989 3324 maxime
1012 3265 1074 3324 illa.
1122 3263 1155 3325 Si
1171 3264 1232 3335 tibi
1250 3283 1307 3324 non
1333 3263 1466 3344 suppetit
1490 3265 1690 3344 experientia,
1723 3282 1780 3325 non

426 3367 459 3408 es
483 3347 612 3427 diligens
637 3351 817 3430 astrologus.
863 3351 934 3411 Dixi
960 3352 1039 3413 idem
1063 3352 1091 3412 in
1116 3352 1395 3426 dissertatiuncula;
1420 3351 1608 3430 respexisscs
1636 3354 1674 3414 ad
1705 3373 1780 3414 eam.

513 3436 560 3496 De
584 3445 684 3498 cetero
716 3439 744 3499 in
770 3437 960 3500 enarratione
984 3450 1054 3501 tuae
1080 3441 1250 3503 sententiae
1280 3442 1452 3520 theologum
1484 3440 1570 3518 agis3
1602 3460 1726 3520 possum
1751 3450 1783 3503 et

427 3542 483 3601 ego
499 3524 528 3584 in
544 3544 619 3585 mea.
664 3524 739 3589 Cum
758 3527 842 3588 Dens
858 3527 1009 3603 irascitur,
1035 3540 1174 3592 naturam
1188 3530 1464 3609 imaginationibus,
1490 3549 1563 3609 ques
1578 3530 1682 3605 mittit,
1709 3531 1780 3591 bor-

425 3613 528 3673 rendis
552 3614 724 3694 eclipsibus,
749 3615 983 3679 circumstantiis
1007 3619 1093 3693 acris,
1120 3619 1229 3699 agitat,
1253 3627 1287 3680 ut
1309 3621 1475 3698 profundae
1498 3618 1559 3679 sint
1582 3620 1726 3680 tenebrae
1750 3630 1783 3679 et

425 3709 563 3763 naturam
586 3703 658 3765 diris
681 3705 778 3765 modis
803 3714 945 3767 terreant.

512 3790 650 3855 Ridicule
675 3793 799 3856 desinis.
846 3795 929 3856 Deus
955 3805 988 3857 et
1010 3794 1107 3858 Satan
1141 3803 1321 3858 concurrunt
1347 3826 1384 3834 —
1411 3794 1537 3856 stultum
1561 3815 1647 3876 ergo,
1682 3794 1781 3857 omnia

423 3879 461 3940 ad
487 3900 596 3943 causas
622 3884 777 3944 naturales
800 3885 922 3945 referre
970 3885 1079 3956 Multa,
1097 3884 1227 3954 Fabrici,
1252 3882 1385 3956 multa,
1377 3902 1436 3944 rmo
1461 3885 1620 3964 plerasque
1635 3883 1780 3947 scientias

426 3968 515 4047 hujus
540 3971 709 4032 sententiae
734 3973 893 4054 tyrannide
917 3974 1077 4052 opprimes.
1125 3971 1206 4043 Quid
1222 3972 1320 4033 enim?
1367 3971 1471 4033 Siboc
1491 3990 1603 4048 verum,
1629 3973 1780 4036 numidae

423 4075 522 4118 meam
546 4059 728 4120 sententiam
754 4079 820 4121 cum
844 4070 897 4122 tua
920 4062 1110 4141 permutabo,
1145 4069 1307 4141 propterea
1336 4060 1414 4139 quod
1447 4068 1500 4121 tua
1524 4062 1581 4123 Dei
1605 4069 1638 4123 et
1659 4060 1780 4123 Diaboli

424 4162 481 4222 ope
504 4146 572 4223 plus
596 4145 719 4228 indiget,
745 4166 812 4209 mea
836 4132 904 4211 illas
920 4150 1156 4235 hyperpbysicas
1171 4150 1259 4229 plane
1286 4167 1343 4211 non
1367 4148 1519 4210 excludit?
1563 4150 1690 4212 Minime
1709 4150 1779 4212 boc!

424 4232 529 4294 Potius
554 4254 671 4296 omnem
695 4230 893 4317 astrologiam
916 4238 1071 4301 mittamus
1096 4247 1126 4300 et
1141 4238 1280 4300 mundum
1304 4237 1495 4299 sublunarem
1515 4239 1580 4300 Deo
1605 4238 1778 4301 etDiabolo

425 4322 588 4400 regendum
612 4324 776 4386 tradamus.
825 4327 902 4400 Aut,
934 4328 960 4389 si
984 4328 1064 4407 pium
1089 4337 1121 4388 et
1144 4336 1311 4403 sanctum,
1326 4325 1514 4387 naturalibus
1539 4338 1682 4430 qnantum
1705 4346 1777 4408 pos-

425 4429 527 4471 sumus
550 4412 742 4486 contendere,
767 4415 935 4492 praestabit
958 4436 973 4511 e
971 4417 1023 4495 Jns
1047 4415 1207 4489 sententia,
1236 4416 1286 4496 qui
1306 4414 1506 4495 paucioribus
1520 4415 1676 4495 principiis
1693 4417 1777 4496 plnra

425 4497 526 4560 efficit.

496 4587 706 4638 Fabricius.
725 4589 765 4638 Διι
781 4590 988 4641 inflammare
1007 4592 1203 4642 essentialis
1222 4592 1411 4655 proprietas
1431 4588 1518 4641 Solis
1536 4593 1582 4647 sit,
1602 4589 1673 4642 valde
1686 4591 1775 4642 dubita

425 4657 491 4707 Nam
508 4658 671 4708 inflammatio
690 4656 737 4720 (sc
758 4675 822 4725 qnae
841 4675 857 4711 a
876 4660 934 4712 Sole
953 4661 1039 4719 oritur)
1057 4676 1106 4710 uon
1125 4663 1154 4712 tit
1172 4663 1203 4712 ab
1224 4663 1322 4712 acdona
1341 4660 1405 4711 Solis
1425 4663 1551 4711 ementiali
1569 4663 1717 4726 praecipue,
1735 4660 1777 4711 red

425 4743 469 4812 per
487 4729 613 4788 accidens,
632 4730 790 4780 aradiorum
806 4731 947 4782 reflexione
984 4730 1071 4781 Multis
1089 4734 1188 4796 probari
1206 4739 1296 4797 potest,
1317 4731 1381 4781 Solis
1402 4732 1509 4782 calorem
1527 4735 1553 4783 in
1571 4731 1778 4781 eummoaetbere

425 4799 544 4849 minorem
563 4815 626 4857 cese,
645 4815 720 4866 qnam
737 4802 763 4850 in
782 4801 872 4864 Terris,
892 4804 950 4866 qaia
969 4802 1037 4853 calor
1055 4803 1096 4852 ille
1115 4819 1164 4852 aon
1183 4810 1222 4853 est
1240 4803 1416 4853 elementarls'
1408 4805 1481 4868 ignis
1501 4810 1546 4853 aut
1563 4803 1631 4854 calor
1642 4801 1777 4867 depascens

425 4876 470 4921 ant
487 4870 624 4929 emmena,
653 4871 699 4923 aad
715 4871 841 4923 vivificant
870 4880 1077 4929 attensem,
1101 4880 1131 4925 ot
1147 4883 1176 4924 tn
1194 4874 1381 4930 ιοοιιιιιιιιιι
1410 4875 1648 4937 aspectantem
1672 4872 1777 4927 murat
