3838 5824
718 350 1075 403 marm·
1312 313 1319 333 ⁸
1401 282 1404 287 Ι
1493 352 1556 419 109
1647 306 1649 309 ¹

195 508 417 589 quinquangnlo
440 507 576 581 tertiana,
601 507 766 587 mangnlo
790 517 938 588 quartana
985 506 1120 588 Cumque
1135 508 1230 570 etiam
1254 511 1333 572 oculi
1355 512 1558 587 reclamarent

194 596 225 659 in
248 596 383 658 secunda
405 596 566 672 distantia,
591 614 667 677 quae
691 603 739 658 est
761 595 841 658 inter
858 596 966 658 Jovem
987 604 1019 657 et
1033 596 1179 668 Martem,
1204 597 1382 677 quadratum
1404 599 1556 680 triangulo

195 696 227 746 et
251 685 475 765 quinquangulo
498 683 632 765 adjunxi.
679 682 828 747 Infinitum
851 690 900 745 est
922 684 1042 764 singula
1063 686 1213 766 persequi,

283 772 326 834 Et
348 773 417 835 finis
440 773 530 853 hujus
554 772 631 834 irriti
654 781 782 834 conatus
806 772 864 835 fuit
886 771 980 847 idem,
1015 773 1065 853 qui
1087 774 1230 852 postremi
1254 782 1286 835 et
1310 774 1406 837 felicis
1430 775 1555 839 initium.

194 862 311 940 Nempe
334 861 484 939 cogitavi,
506 861 564 923 hac
578 860 641 934 via,
666 861 812 940 siqnidem
826 860 960 922 ordinem
985 862 1063 923 inter
1085 863 1198 939 figuras
1214 862 1303 923 velim
1317 881 1452 938 servare,
1477 883 1556 925 nun·

195 968 286 1030 quam
310 968 357 1011 me
380 957 593 1029 perventurum
616 950 764 1028 usquead
780 947 895 1021 Solem,
921 967 1015 1028 neque
1030 967 1153 1011 calisam
1178 949 1364 1023 habiturum,
1390 952 1556 1030 curpotius

118 1047 126 1053 '
195 1039 259 1099 sint
280 1057 350 1111 sex,
375 1056 465 1117 quam
488 1036 597 1115 viginti
619 1038 667 1098 vel
690 1046 810 1099 centum
834 1038 923 1097 orbes
938 1038 1074 1098 mobiles.
1120 1037 1162 1097 Et
1176 1044 1276 1099 tamen
1301 1039 1463 1116 placebant
1476 1041 1555 1118 ligu-

196 1145 263 1200 rae,
288 1134 392 1205 utpote
416 1124 618 1203 quantitates,
644 1133 675 1186 et
697 1144 747 1186 res
771 1125 864 1186 coelis
888 1125 978 1204 prior.
1025 1123 1191 1196 Quantitas
1212 1127 1289 1186 enim
1304 1127 1389 1187 initio
1404 1146 1472 1188 cum
1486 1146 1556 1188 cor·

195 1233 268 1293 pore
298 1211 456 1287 amatam
488 1213 567 1274 coeli
595 1213 692 1273 altero
715 1214 775 1274 die.
823 1210 911 1283 Quod
946 1214 972 1273 si
1001 1213 1206 1292 (cogitabam)
1238 1232 1292 1293 pro
1326 1215 1496 1294 quantitate
1525 1225 1558 1276 et
1587 1236 1592 1247 ·

195 1302 389 1382 proportione
416 1321 470 1362 sex
493 1301 657 1375 coelorum,
682 1319 756 1379 quos
780 1301 891 1362 statuit
915 1299 1119 1380 Copernicus‚
1152 1302 1279 1381 quinque
1303 1310 1421 1364 tantum
1444 1305 1557 1382 figurae

195 1394 275 1452 inter
297 1389 431 1452 infinitas
454 1387 588 1469 reliquas
612 1388 735 1467 reperiri
760 1397 900 1469 possent,
931 1407 1009 1467 quae
1036 1408 1109 1468 prae
1133 1391 1242 1451 ceteris
1269 1391 1438 1469 peculiares
1462 1411 1555 1470 quas-

196 1479 267 1539 dam
298 1478 501 1558 proprietates
533 1477 693 1550 haberent,
727 1496 765 1537 ex
797 1488 868 1537 voto
901 1495 951 1537 res
983 1486 1076 1538 esset.
1123 1479 1218 1557 Atqui
1245 1497 1360 1540 rursum
1393 1479 1555 1541 instabam.

196 1564 277 1637 Quid
310 1566 422 1645 figuras
452 1565 560 1643 planae
591 1564 669 1624 inter
692 1565 805 1625 solidos
834 1563 947 1624 orbes?
993 1563 1100 1627 Solida
1124 1565 1225 1643 potius
1249 1585 1376 1646 corpora
1399 1568 1555 1629 adeantur.

193 1654 289 1728 Eece,
315 1653 605 1727 lector,‚iuientum
629 1653 684 1712 hoc
709 1662 741 1713 et
763 1652 921 1713 materiam
943 1653 1038 1714 totius
1054 1653 1139 1733 hujus
1154 1654 1298 1733 opusculi.
1345 1655 1424 1715 Nam
1443 1656 1470 1715 si
1490 1654 1557 1735 quis

195 1743 303 1804 leviter
334 1740 516 1821 geometriae
545 1740 661 1818 peritus
686 1740 812 1801 totidem
841 1739 940 1800 verbis
965 1750 1136 1813 moneatur,
1170 1741 1214 1802 illi
1246 1741 1350 1803 statim
1383 1742 1413 1802 iu
1437 1752 1556 1821 promtu

195 1840 267 1891 suut
290 1831 419 1909 quinque
443 1828 594 1908 regularia
614 1846 741 1905 corpora
765 1847 829 1888 cum
853 1829 1047 1906 proportione
1071 1828 1185 1890 orbidm
1204 1829 1495 1909 circumscriptorum
1518 1831 1557 1891 ad

195 1918 378 1996 inscriptos:
408 1918 451 1978 illi
476 1916 583 1976 statim
607 1916 645 1976 ob
668 1918 771 1976 oculos
796 1924 934 1976 versatur
956 1916 1090 1977 scholion
1121 1917 1194 1978 illud
1221 1914 1397 1979 Euclidenm
1421 1919 1459 1978 ad
1483 1935 1577 1997 pro-·

194 2007 376 2087 positionem
406 2003 452 2068 18.
478 2004 527 2066 lib.
557 2001 605 2064 13.
641 2022 699 2082 quo
728 2004 954 2065 demonstratur
981 2004 1165 2083 impossibile
1199 2024 1283 2080 esse,
1317 2014 1350 2066 ut
1381 2007 1468 2084 plura
1496 2006 1558 2067 sint

195 2106 249 2157 aut
272 2096 481 2174 excogitentur
511 2091 662 2170 regularia
685 2111 812 2171 corpora
836 2110 925 2173 quam
948 2093 1086 2171 quinque.
1134 2093 1197 2153 Res
1226 2093 1424 2154 admiratione
1454 2092 1555 2172 digna,

195 2204 263 2245 cum
287 2183 417 2244 nondum
441 2189 596 2242 constaret
619 2179 691 2240 ruini
716 2182 753 2240 de
777 2181 961 2259 singulorum
984 2199 1140 2259 corporum
1160 2181 1381 2260 praerogativis
1396 2181 1425 2243 in
1441 2182 1555 2254 ordine,

197 2291 283 2333 usum
306 2290 353 2332 me
378 2269 498 2331 minime
522 2276 633 2346 arguta
656 2269 830 2346 conjectura
858 2287 895 2328 ex
918 2269 998 2329 notis
1021 2269 1211 2347 planetarum
1238 2270 1392 2331 distantiis
1416 2270 1557 2343 deducta,

196 2361 273 2423 adeo
297 2359 426 2421 feliciter
449 2374 571 2435 scopum
594 2356 733 2434 tetigisse
757 2357 787 2417 iu
812 2357 916 2417 ordine
939 2375 1109 2435 corporum,
1145 2366 1179 2419 ut
1201 2357 1274 2419 nihil
1298 2358 1328 2419 in
1351 2357 1412 2418 illis
1435 2365 1554 2437 postea,

196 2467 263 2510 cum
292 2446 448 2528 exquisitis
478 2462 600 2524 agerem
628 2444 808 2516 rationibus,
843 2444 999 2505 immutare
1027 2444 1186 2523 potuerim.
1233 2446 1282 2506 Ad
1315 2446 1359 2507 rei
1383 2446 1554 2507 memoriam

196 2536 315 2598 ascribo
343 2534 397 2596 tibi
422 2533 624 2606 sententium,
657 2532 702 2592 itn
725 2534 767 2593 nti
791 2528 924 2605 incidit,
943 2541 975 2592 et
999 2550 1034 2594 eo
1067 2542 1216 2594 momento
1239 2532 1340 2593 verbis
1368 2542 1554 2612 conceptam.

198 2626 314 2700 „Terra
336 2632 385 2683 est
403 2623 531 2683 circulus
546 2639 665 2681 mensor
679 2618 857 2694 omnium¹):
881 2620 926 2682 illi
949 2619 1158 2682 circumscribe
1174 2621 1402 2683 dodecaddron:
1426 2622 1555 2683 circulus
1585 2632 1594 2697 ξ

197 2716 254 2775 hoc
277 2710 530 2791 comprehendens
554 2709 613 2769 erit
635 2710 729 2770 Mars.
776 2709 870 2769 Marti
894 2708 1108 2769 circumscribe
1126 2708 1318 2769 tetraedron:
1349 2709 1476 2771 circulus
1499 2710 1556 2771 hoc
1587 2700 1594 2735 ¹

120 2800 128 2820 “
196 2799 450 2880 cqmprebeudens
474 2798 533 2858 erit
555 2796 685 2875 Jupiter.
734 2796 804 2858 Jovi
828 2796 1037 2858 circumscribe
1061 2797 1186 2858 cubum:
1219 2797 1346 2861 circulus
1371 2799 1447 2858 hunc
1471 2816 1555 2862 com-

196 2889 386 2971 prehendens
410 2887 468 2947 erit
491 2885 650 2947 Saturnus.
697 2884 768 2945 Jam
794 2885 905 2945 Terrae
937 2883 1067 2945 inscribe
1095 2883 1292 2945 icosaiidrou:
1325 2884 1368 2967 illi
1395 2884 1558 2963 inscriptus

197 2979 326 3039 circulus
350 2975 409 3036 erit
432 2974 547 3034 Venus.
596 2972 709 3032 Veneri
733 2972 863 3033 inscribe
887 2973 1071 3033 octaedron:
1098 2971 1139 3032 illi
1165 2971 1325 3051 inscriptus
1348 2972 1476 3033 circulus
1500 2973 1559 3033 erit

197 3064 397 3129 Mercurius.“
442 3062 547 3124 Habes
570 3061 719 3122 rationem
743 3060 857 3122 numeri
880 3061 1078 3139 planetarum.

286 3154 371 3215 Haec
395 3151 514 3212 occasio
539 3157 570 3210 et
594 3168 751 3210 successus
775 3148 863 3227 hujus
887 3147 1009 3209 laboris.
1058 3147 1137 3209 Vide
1172 3166 1248 3208 nune
1281 3146 1374 3208 etiam
1402 3165 1499 3208 meum
1531 3147 1559 3208 iu

198 3244 256 3305 hoc
280 3243 354 3303 libro
378 3239 575 3320 propositum.
622 3236 665 3297 Et
688 3237 806 3315 quidem
830 3247 973 3317 quantam
1001 3255 1038 3297 ex
1072 3235 1244 3298 inventione
1274 3236 1460 3315 voluptatem
1487 3254 1559 3314 per·
1592 3248 1599 3307 l

198 3330 347 3411 ceperim,
379 3346 528 3408 nunquam
558 3325 658 3386 verbis
687 3344 875 3405 expressero.
922 3326 990 3388 Non
1015 3344 1061 3387 me
1086 3323 1195 3404 perditi
1219 3325 1363 3404 temporis
1387 3323 1563 3404 poenitebat
1594 3312 1599 3347 '

199 3419 336 3498 amplius,
362 3437 419 3478 uon
443 3424 614 3495 pertaesum
638 3424 686 3475 est
711 3414 832 3488 laboris,
858 3414 1014 3475 molestias
1038 3413 1147 3475 calculi
1172 3413 1270 3474 nullas
1293 3411 1472 3492 subterfugi,
1497 3413 1563 3496 dies

198 3519 362 3587 noctesque
386 3503 586 3584 computando
610 3502 779 3564 consumsit
805 3503 900 3564 donec
914 3521 1076 3576 cernerem,
1102 3511 1200 3564 utrum
1215 3508 1361 3580 concepta
1375 3501 1475 3563 verbis
1490 3520 1563 3563 sen-

198 3597 298 3658 tentia
320 3613 386 3656 cum
402 3591 561 3673 Copernici
581 3591 701 3652 orbibus
726 3592 921 3665 consentiret,
947 3611 984 3652 an
1009 3610 1081 3652 vero
1105 3591 1218 3651 ferrent
1242 3609 1310 3651 mea
1332 3588 1444 3669 gaudia
1467 3590 1561 3650 venti.

200 3683 289 3756 Quod
313 3683 338 3744 si
362 3701 435 3757 rem,
460 3680 502 3743 nti
527 3700 594 3741 esse
619 3679 771 3758 putabam,
798 3680 1061 3759 deprehenderem,
1086 3687 1189 3740 votum
1212 3678 1278 3739 Deo
1295 3677 1367 3757 Opt.
1383 3678 1467 3739 Max.
1493 3678 1560 3752 feci,

200 3792 247 3834 me
270 3772 367 3853 prima
391 3769 549 3831 occasione
573 3768 629 3828 hoc
653 3767 829 3829 admirabile
859 3787 931 3827 suae
960 3767 1129 3847 sapientiae
1153 3766 1303 3846 specimen
1328 3765 1455 3845 publicis
1480 3766 1561 3846 typis

201 3864 280 3923 inter
307 3860 442 3922 homines
471 3857 714 3920 enunciaturuur:
748 3854 949 3936 utquamvis
982 3874 1078 3936 neque
1106 3855 1181 3915 haec
1210 3854 1398 3934 undiquaque
1422 3853 1562 3915 absoluta

201 3950 273 4024 siut,
297 3958 329 4010 st
352 3949 430 4009 forte
454 3954 571 4009 restent
593 3944 745 4018 nonnulla,
770 3963 846 4024 qnae
870 3963 908 4003 ex
932 3943 979 4003 his
1002 3944 1098 4004 fluant
1119 3942 1284 4021 principiis,
1308 3960 1430 4021 qnorum
1454 3942 1561 4002 inven-

201 4039 313 4099 tionem
327 4037 399 4098 mihi
414 4053 569 4097 reservare
584 4051 720 4112 possem:
745 4042 846 4094 tamen
870 4032 931 4106 alii,
957 4031 1007 4110 qni
1030 4031 1132 4091 valent
1157 4030 1285 4109 ingenio,
1311 4048 1398 4109 quam
1422 4029 1560 4109 plurimu,

201 4127 242 4188 ed
266 4125 499 4187 illustrationem
516 4121 642 4184 nominis
658 4118 760 4194 divini,
785 4120 879 4199 primo
904 4137 1019 4199 qnoque
1043 4128 1178 4197 tempore
1198 4119 1290 4197 juxta
1313 4137 1359 4178 me
1383 4119 1561 4197 proferrent,

201 4224 234 4276 et
253 4215 371 4276 landem
386 4211 610 4292 sapientissimo
626 4207 764 4270 Creatori
780 4227 837 4269 uno
861 4226 916 4269 ors
936 4206 1118 4268 accinerent.
1154 4205 1229 4268 Cum
1252 4205 1344 4286 igitur
1366 4207 1470 4284 paucis
1493 4216 1564 4286 post

201 4304 308 4365 diebus
332 4322 380 4363 res
404 4300 600 4373 succederet,
635 4306 724 4377 atque
749 4315 804 4375 ego
829 4295 1099 4374 deprehenderem,
1136 4313 1224 4375 quem
1248 4302 1318 4373 apte
1342 4313 1430 4355 uuum
1455 4313 1563 4373 corpus

201 4402 273 4472 post
296 4390 379 4453 aliud
403 4391 480 4450 iuter
504 4407 574 4449 suos
598 4386 738 4464 planetas
764 4386 892 4457 sederet,
918 4390 1071 4462 totumque
1092 4382 1246 4462 negotium
1269 4382 1298 4443 iu
1323 4382 1448 4443 formum
1471 4400 1564 4461 prae-

202 4481 299 4542 sentis
323 4478 458 4559 opusculi
482 4475 665 4556 redigerem:
690 4481 780 4552 atque
805 4471 835 4533 id
858 4470 1021 4534 Maestlino
1045 4470 1157 4532 celebri
1180 4470 1394 4531 mathematico
1416 4471 1563 4548 probare-

202 4578 271 4630 tnr:
302 4566 465 4647 intelligis,
497 4563 590 4626 amice
615 4564 744 4635 Lector,
774 4579 820 4622 me
845 4561 907 4621 voti
931 4579 1032 4632 reum,
1062 4576 1158 4638 neque
1181 4576 1272 4637 posse
1295 4575 1407 4619 morem
1431 4559 1564 4640 satyrico

202 4676 324 4737 gerere,
350 4657 400 4735 qui
424 4673 534 4716 nonum
557 4651 586 4713 in
610 4668 720 4713 aunum
740 4649 830 4725 jubet
853 4648 946 4709 libros
972 4645 1116 4708 detinere.
1371 4726 1378 4733 .

292 4747 377 4807 Haec
402 4763 461 4805 una
483 4761 577 4803 causa
599 4750 648 4802 est
672 4756 757 4798 meae
781 4736 1010 4798 maturationis:
1042 4735 1089 4795 cui
1116 4741 1151 4795 nt
1174 4751 1291 4794 omnem
1313 4732 1369 4793 tibi
1394 4733 1563 4811 scrupulum

130 4852 135 4861 ’
201 4835 326 4898 sinistre
350 4831 525 4913 auspicandi
548 4829 678 4892 eximam
693 4824 738 4901 ¹),
762 4824 840 4887 addo
864 4824 969 4888 lubens
993 4832 1025 4884 et
1048 4824 1192 4898 alteram,
1221 4829 1253 4882 et
1275 4821 1369 4883 recito
1392 4818 1461 4897 tibi,
1491 4819 1564 4883 illud
