3872 5836
727 377 850 427 nasu
867 376 1030 443 muman
1491 379 1553 447 341

285 528 491 609 Keplerus:
524 529 686 595 Octiduum
713 532 859 596 Paschati
888 530 1056 615 adjectum,
1090 537 1161 617 qnia
1190 536 1290 601 triduo
1313 540 1437 603 aberrat
1465 542 1557 604 index

197 627 301 683 noster
325 616 551 682 noviluniornm.
600 621 711 683 Nescio
735 623 801 704 qnis
825 641 881 685 nos
905 627 943 685 ad
967 625 1088 705 regulas
1111 626 1242 689 rusticas
1266 629 1464 709 ablegaverit,
1488 650 1556 694 cnm

197 709 364 770 habeamus
387 710 613 772 astronomiam.
1178 720 1189 726 '

270 796 451 846 Fabricius:
477 796 531 862 Ego
549 806 623 861 puto,
642 813 719 849 noras
737 799 837 859 melias,
856 817 879 849 r.
898 816 919 852 c.
940 802 1001 851 anui
1018 798 1083 850 1572
1103 808 1129 852 et
1145 801 1291 854 hodiernam
1309 805 1334 854 in
1353 807 1428 872 cygni
1445 816 1555 871 pectore,

196 869 257 918 item
275 874 428 917 cummanum
447 881 562 931 corpora.
589 884 638 920 uon
655 877 716 921 tune
734 873 839 935 primum
865 872 920 923 fleri
937 874 1059 937 incipere,
1088 875 1170 938 quoad
1191 875 1338 932 urendam,
1366 891 1422 927 cnm
1440 892 1467 927 se
1486 881 1556 929 nohis

197 939 373 1003 conspicienda
395 939 530 1002 praebent,
556 941 600 990 aed
618 943 714 1006 inipso
731 941 817 992 mundi
834 944 965 1007 primordio
983 944 1097 994 conditas
1116 959 1185 1001 esse,
1213 951 1240 996 et
1264 960 1281 995 a
1299 949 1388 997 esterh
1406 948 1485 997 stellis
1503 951 1557 1000 sols

196 1011 259 1060 lucis
271 1010 387 1060 emenda
397 1024 425 1059 se
438 1010 587 1062 distinxisse
623 1011 700 1063 Ratio
714 1020 761 1072 est,
780 1015 845 1079 quod
862 1015 911 1065 ilils
924 1014 1120 1066 estrsmdinsrie
1133 1015 1202 1067 Dens
1221 1017 1255 1067 sd
1264 1018 1357 1083 aliquid
1375 1019 1466 1070 mundo
1478 1022 1555 1085 signi·

196 1080 323 1132 ficandum
350 1083 424 1131 certis
443 1083 592 1146 temporibus
611 1085 647 1132 uti
666 1087 835 1145 consatuerit3
861 1085 932 1137 Deus
950 1101 1007 1136 vern
1035 1086 1084 1136 illis
1111 1087 1192 1138 lucem
1216 1089 1324 1154 impertit
1349 1091 1387 1140 rel
1411 1091 1556 1142 immediate

195 1153 234 1202 vel
253 1152 330 1202 mam
347 1152 457 1202 mediate
476 1168 521 1217 per
537 1160 619 1204 motus
636 1148 808 1219 planetarum,
837 1163 881 1206 aut
906 1157 1012 1207 aliarum
1029 1158 1156 1208 stellarum
1179 1158 1283 1209 fixarum
1302 1162 1490 1219 accedentium,
1515 1164 1555 1215 rel

197 1228 267 1273 certa
285 1232 379 1287 σχεσει
398 1237 442 1273 eas
461 1225 643 1288 aspicientium
682 1228 717 1276 At
734 1229 867 1291 quaeritur.
887 1243 943 1277 cum
961 1228 1043 1278 lumen
1062 1228 1158 1279 illarum
1177 1231 1202 1278 in
1220 1233 1301 1294 prima
1313 1232 1432 1282 effusione
1451 1233 1485 1282 sit
1502 1240 1554 1284 sta·

196 1296 242 1343 tim
259 1295 403 1349 maximnm,
421 1308 465 1343 cur
482 1310 533 1344 uon
552 1296 639 1347 eadem
658 1299 755 1347 radone
773 1301 859 1348 statim
879 1300 1033 1363 dispareant.
1052 1300 1096 1349 sed
1114 1303 1206 1350 sensim
1223 1301 1326 1365 potius?

267 1365 339 1414 Haec
357 1373 385 1415 et
402 1365 454 1415 alia
471 1372 524 1415 tarn
543 1367 664 1418 audacter
681 1369 726 1419 abs
743 1375 770 1419 te
787 1384 894 1433 quaero,
914 1370 979 1435 qnod
997 1372 1089 1427 sciam.
1108 1377 1135 1421 te
1153 1374 1178 1422 in
1197 1374 1415 1438 inrap'nationibus
1433 1375 1554 1426 mamma·

195 1451 250 1485 rnrn
268 1450 349 1486 rerum
366 1449 427 1500 prae
445 1437 529 1487 multis
547 1438 603 1488 aliis
621 1438 751 1501 plurimum
769 1441 899 1492 excellere.
938 1440 1055 1505 Opticam
1075 1442 1178 1501 stalis,
1197 1458 1262 1509 quae
1280 1444 1328 1494 hoc
1346 1459 1413 1499 anuo
1431 1447 1456 1494 in
1475 1447 1556 1497 lucem

197 1507 260 1558 dats
276 1513 342 1563 sunt.
360 1520 453 1571 quaeso
471 1507 532 1558 mihi
549 1510 644 1559 mittas.
681 1511 755 1561 Vale.

284 1579 492 1658 Keplerus:
526 1579 594 1659 Ego
617 1593 787 1645 cometas
818 1582 907 1661 plane
927 1584 1065 1645 naturale
1089 1584 1159 1665 qnid
1183 1586 1397 1665 esss·jndico,
1432 1596 1554 1649 etcum

196 1667 323 1731 mundus
347 1667 442 1728 omnis
467 1669 566 1730 anima
590 1669 695 1748 plenus
718 1672 776 1745 sit,
801 1681 873 1750 puto
898 1672 953 1732 hos
977 1674 1062 1752 quasi
1088 1693 1228 1735 secessus
1252 1676 1397 1736 materiae
1422 1677 1550 1738 munda-

196 1775 263 1829 nae,
288 1756 338 1817 ubi
361 1755 523 1818 incrassati
548 1758 668 1834 fuerint,
693 1760 822 1821 calefieri
848 1760 886 1822 ab
902 1760 1003 1825 anima
1026 1761 1148 1841 fierique
1163 1762 1263 1824 bullas
1288 1772 1321 1825 nt
1340 1764 1449 1838 omnia,
1474 1783 1550 1844 quae

196 1844 293 1924 primo
316 1844 447 1907 animam
471 1846 658 1925 concipiunt,
688 1868 766 1929 quae
789 1870 808 1910 a
831 1849 956 1911 lixarum
980 1840 1104 1911 animali
1138 1852 1284 1914 facultate
1309 1855 1379 1924 (sou
1408 1851 1466 1914 loci
1495 1873 1551 1916 seu

200 1933 354 1994 facultatis
378 1934 420 1995 sit
434 1935 601 2014 proprium)
621 1936 786 2015 quiescere,
812 1956 888 2017 quae
904 1960 922 1999 a
937 1938 1137 2018 planetarum,
1163 1941 1285 2002 moveri.
1332 1939 1461 2002 Stellam
1482 1941 1553 2002 anni
1628 1944 1633 1955 ⁸

196 2018 239 2085 72
263 2022 331 2083 dico
354 2021 467 2083 bullam
490 2024 597 2096 inisse,
631 2044 725 2087 cansa
748 2026 816 2087 hinc
839 2027 960 2089 subitae
990 2027 1065 2088 lucis
1087 2026 1244 2103 indicium,
1277 2029 1356 2109 qnod
1379 2030 1551 2091 successive
1588 2041 1593 2049 '

194 2110 310 2172 colores
326 2111 409 2172 iridis
425 2112 579 2173 aemulata
593 2122 651 2188 est,
677 2123 709 2176 ut
723 2115 807 2175 huila
825 2116 1033 2195 smegmatica.
1045 2110 1077 2190 ⁸)
1115 2116 1162 2177 De
1176 2118 1305 2179 cometis
1319 2126 1420 2179 tamen
1436 2118 1551 2192 dubito,

196 2220 234 2260 au
257 2201 341 2262 intus
361 2199 444 2274 cari;
468 2199 611 2262 retractio
636 2203 714 2264 enim
738 2212 863 2282 cogeret
885 2205 988 2267 radios
1012 2212 1044 2266 et
1066 2205 1201 2267 sectione
1226 2206 1309 2268 facta
1332 2207 1440 2268 iterum
1460 2206 1553 2268 dissi-

197 2295 294 2369 paret.
341 2288 424 2350 Tuae
456 2288 626 2351 sententlae
659 2291 733 2353 nihil
758 2292 854 2354 officit
884 2293 1039 2355 naturales
1063 2312 1150 2367 esse;
1185 2293 1391 2374 significarent
1418 2290 1497 2357 enim
1519 2303 1556 2357 ut

197 2378 338 2458 eclipses.

284 2464 437 2544 Optiea,
462 2474 611 2544 quatenus
634 2468 750 2547 optim,
776 2468 911 2542 absolvi3
936 2477 1050 2542 restat,
1075 2479 1110 2531 ut
1133 2470 1170 2532 de
1195 2490 1249 2532 usu
1273 2472 1388 2547 dicam,
1424 2472 1443 2534 i.
1469 2492 1495 2534 e.
1521 2481 1554 2535 nt

196 2552 227 2617 4.
252 2554 284 2617 5.
309 2551 340 2618 6.
386 2554 553 2616 Ptolemaei
583 2556 675 2618 libros
704 2574 780 2636 pene
811 2566 895 2618 totos
924 2559 1010 2619 novis
1039 2558 1238 2638 problematis
1263 2561 1440 2641 exprimam.
1489 2562 1551 2623 lm-

195 2663 303 2724 pressa
326 2662 384 2706 non
408 2652 495 2718 sunt;
520 2663 632 2725 magna
654 2644 817 2707 difficultas
841 2646 1029 2726 imprimendi
1054 2646 1120 2708 erit.

285 2733 365 2794 Vale
390 2733 511 2795 tandem
535 2742 636 2795 elme
659 2754 739 2810 ama,
763 2733 902 2813 mihique,
926 2735 952 2795 si
976 2754 1029 2813 per
1047 2734 1175 2797 dicteria
1197 2744 1228 2796 et
1252 2736 1468 2798 morsiunculas
1483 2745 1551 2798 tae-

196 2821 276 2883 dium
316 2820 452 2903 prolixae
489 2821 661 2902 scriptionis
698 2829 858 2897 (paginarum
884 2831 911 2880 in
937 2832 996 2881 roho
1023 2829 1070 2892 2⁷)
1103 2823 1213 2885 alicubi
1252 2824 1357 2899 lenivi,
1401 2825 1552 2904 ignosces.

197 2912 279 2973 idem
303 2911 357 2972 tibi
381 2910 495 2972 licitam
519 2920 594 2973 esto.

284 3001 402 3079 Pragae
425 3001 455 3062 d.
481 2997 512 3062 4.
537 3000 599 3062 Jul.
628 2994 725 3062 1603.
1167 2996 1204 3063 Τ.
1229 2998 1267 3062 Ο.
1292 2999 1462 3061 Amantiss.

1197 3088 1231 3152 J.
1255 3085 1423 3170 Keplerue.

265 3176 334 3238 Quas
361 3178 445 3227 literas
465 3190 521 3227 cnm
542 3174 666 3239 Keplenss
694 3177 807 3241 Augusto
834 3176 934 3226 demum
967 3190 1054 3226 mense
1078 3175 1204 3226 &ennam
1229 3177 1400 3231 transmiserit.
1432 3176 1553 3241 epistolae

196 3250 301 3299 Fabricii
325 3249 422 3298 interim
446 3247 479 3299 ed
497 3248 632 3312 Keplerum
656 3248 732 3299 datae
752 3245 807 3309 (28.
826 3247 884 3297 Jun.
909 3247 935 3298 t.
953 3248 1002 3298 inl.
1033 3246 1075 3295 21.
1095 3245 1187 3314 Aug),
1213 3249 1278 3299 sicut
1302 3250 1378 3298 edam
1405 3249 1552 3313 posteriores

194 3334 279 3371 mense
296 3318 360 3371 Dec.
380 3316 449 3368 tuot
468 3321 575 3370 refertae
592 3326 651 3370 sunt
667 3320 773 3386 querelis
791 3326 818 3370 et
835 3321 952 3379 manith,
979 3320 1066 3385 quihus
1082 3320 1220 3383 Ksplerum
1238 3320 1271 3370 ad
1289 3319 1488 3384 respondendum
1506 3321 1551 3369 im·

195 3391 279 3455 pellat
318 3392 415 3450 ,Licet
434 3393 520 3442 scribit
538 3390 561 3440 1.
581 3388 647 3451 JuiJ,
673 3392 707 3442 sd
724 3398 751 3442 te
770 3394 984 3455 praestantissime
1001 3391 1232 3443 mathematicorum
1250 3393 1327 3443 nostn
1345 3392 1423 3442 seculi
1440 3392 1553 3455 princeps

195 3463 302 3513 Domine
319 3463 438 3526 Keplere,
456 3470 495 3512 ter
513 3470 631 3528 quaterve
650 3460 688 3524 (lu
706 3463 784 3513 literis
803 3460 845 3512 28.
865 3463 934 3514 Junii
952 3464 1050 3514 scribit:
1070 3463 1162 3525 sexies)
1181 3464 1303 3514 hactenus
1322 3463 1468 3526 scripserim,
1486 3463 1553 3511 ride

195 3537 227 3584 ris
245 3544 331 3584 tamen
349 3536 435 3583 omnia
452 3534 490 3583 rel
509 3548 540 3583 ex
557 3536 682 3597 proposito
701 3535 739 3584 vel
758 3535 813 3583 allis
831 3534 1013 3599 impedimentis
1038 3534 1137 3584 silentio
1163 3537 1305 3598 praeterire.
1342 3533 1397 3584 Nisi
1420 3540 1506 3584 antem
1524 3533 1554 3583 de

194 3616 239 3655 trra
265 3604 423 3656 humanitate
448 3612 475 3654 et
496 3604 645 3653 rescribendi
667 3604 791 3655 faeditate
810 3610 836 3653 et
861 3604 1038 3668 promtitndine
1063 3606 1122 3655 mihi
1150 3613 1191 3655 set
1217 3612 1356 3658 comtsret.
1385 3613 1500 3669 putarem
1527 3611 1554 3653 te

194 3688 263 3726 mens
288 3677 396 3726 aremari
415 3676 514 3731 literas,
543 3683 588 3723 ant
606 3688 691 3723 earum
708 3674 870 3738 legendarum
893 3676 977 3725 medio
1005 3682 1031 3723 te
1048 3674 1170 3726 laborare.
1207 3675 1313 3735 Quando
1338 3690 1395 3725 vero
1413 3676 1555 3726 commodus

199 3749 259 3796 mihi
277 3761 344 3796 nune
362 3747 436 3795 datur
453 3746 524 3801 letor,
552 3745 617 3793 volui
635 3746 725 3793 ceteris
744 3750 770 3792 et
787 3744 863 3794 hasce
882 3747 1019 3808 adjungere
1037 3745 1137 3805 literas,
1157 3753 1186 3796 nt
1203 3748 1239 3794 sic
1259 3746 1291 3795 sd
1312 3746 1510 3808 respondendum
1528 3752 1554 3795 te

199 3818 302 3867 tndem
325 3815 457 3880 aliquando
482 3813 663 3878 permoream.“
702 3814 813 3871 Deinde,
833 3812 875 3863 21.
895 3817 1002 3879 Augusti
1020 3816 1054 3864 sic
1074 3818 1168 3881 pergit:
1195 3816 1318 3864 Uranicus
1343 3816 1416 3864 ardor
1434 3815 1555 3865 deferbuit

201 3888 317 3942 inultum,
342 3886 487 3949 praesertim
505 3885 569 3948 quod
588 3885 669 3934 oleum
688 3885 867 3948 Keplerianum
886 3886 979 3936 nulium
1005 3886 1109 3948 amplius
1127 3885 1236 3949 lampadi
1260 3891 1360 3935 nostrae
1379 3886 1555 3955 sufflseffitetnr.

199 3958 248 4005 Die
267 3954 309 4003 22.
330 3954 391 4005 Dec.
411 3951 448 4015 (l.
466 3955 526 4005 Jan.
547 3953 643 4018 1601),
662 3958 733 4022 quasi
755 3955 865 4007 nondum
890 3957 1030 4019 accepisset
1052 3957 1154 4020 Kepleri
1174 3970 1332 4019 responsum,
1352 3957 1451 4006 scribit:
1481 3955 1553 4014 ,Non

200 4034 273 4090 puto,
301 4033 326 4075 te
345 4026 494 4076 liberalitate
512 4041 570 4077 mea
588 4029 727 4091 opponendi
747 4028 868 4078 offensum
886 4029 969 4077 fuisse·
1006 4027 1066 4079 Feci
1083 4028 1109 4078 id
1127 4043 1177 4077 non
1195 4027 1327 4077 cavillandi
1346 4027 1428 4077 studio
1446 4024 1557 4092 (spectet

198 4100 237 4149 his
256 4110 295 4149 es.
315 4110 379 4162 quae
398 4111 455 4146 cum
473 4096 581 4160 Keplero
599 4099 631 4149 de
650 4098 738 4150 Martis
756 4100 862 4148 motibus
880 4100 941 4165 egit,
960 4097 1091 4150 referenda
1109 4099 1141 4149 sd
1161 4098 1298 4149 Commeat.
1314 4096 1432 4161 Martis),
1450 4099 1495 4150 sed
1513 4113 1554 4148 re·

198 4171 280 4221 ritstie
298 4171 388 4219 saitem
406 4168 567 4233 inquirendae
586 4169 688 4220 causa„⁸⁴
726 4170 853 4234 Denique.
873 4170 1002 4235 quatriduo
1018 4177 1088 4235 post:
1119 4170 1206 4235 ,Rogo
1225 4176 1294 4219 tuam
1313 4170 1498 4220 Praestantiam
1513 4185 1556 4234 pro

199 4248 286 4292 nostra
303 4241 415 4292 Ursnica
433 4240 557 4297 amicitia,
575 4246 605 4289 nt
622 4240 655 4289 nd
673 4244 832 4305 quaestiones
851 4250 877 4292 et
894 4256 972 4305 nuper
990 4246 1016 4289 et
1033 4257 1099 4292 nunc
1117 4243 1255 4306 propositas
1274 4241 1420 4305 respondere
1438 4240 1555 4307 digneris.

199 4329 245 4365 nec
264 4326 386 4363 remoram
404 4312 517 4374 injicias,
546 4312 611 4376 quod
629 4326 716 4375 parum
734 4314 828 4364 tructus
846 4313 891 4363 u'hi
910 4327 940 4362 es
958 4326 1016 4362 msa
1034 4314 1146 4363 amicitia
1169 4314 1297 4378 obtingere
1317 4314 1402 4377 possit
1439 4313 1556 4363 Balbutic

199 4392 226 4436 et
243 4385 304 4435 rude
321 4386 348 4435 iu
366 4382 550 4434 mathematicis
568 4384 695 4449 ingenium
712 4385 817 4435 libenter
836 4399 952 4450 agnosco.
989 4382 1113 4435 Voluntas
1131 4400 1181 4435 nou
1199 4392 1252 4434 tam
1270 4384 1338 4441 mihi,
1356 4398 1431 4449 quem
1448 4384 1556 4435 facultas

198 4464 225 4508 et
243 4456 404 4507 commoditas
421 4454 544 4505 hactenns
562 4455 652 4505 deluit.
689 4453 762 4505 Nunc
780 4456 883 4506 meliora
901 4470 985 4519 spero,
1011 4457 1070 4520 quia
1088 4456 1120 4506 ad
1139 4471 1229 4507 noram
1248 4456 1412 4513 conditionem
1431 4461 1556 4520 promotus

198 4544 261 4587 sum,
280 4527 439 4592 quambrevi
457 4524 607 4589 suscipiam*
629 4522 746 4588 (pastoris
765 4542 855 4576 munus
874 4522 999 4587 Ostelae).

198 4618 200 4623 ·
268 4600 308 4649 'iu
325 4598 434 4664 qnotidie
452 4597 479 4645 in
498 4598 557 4647 sula
575 4597 689 4652 romans,
707 4604 733 4647 et
752 4604 822 4647 tuum
840 4613 930 4648 nomen
950 4598 1012 4647 adeo
1031 4605 1114 4646 nostro
1132 4596 1240 4647 Domino
1259 4603 1284 4646 et
1303 4597 1357 4647 aliis
1374 4596 1512 4660 praecipuis
1530 4598 1556 4645 iu

199 4687 231 4722 ea
248 4672 305 4720 ciris
324 4676 423 4728 nomm,
451 4681 482 4717 ao
500 4668 521 4716 si
539 4669 581 4718 hic
598 4669 699 4717 viveres.
737 4667 858 4718 Dominus
877 4668 1046 4718 (lancellarius
1061 4669 1172 4719 Francus
1200 4675 1225 4719 te
1243 4668 1292 4719 huc
1316 4668 1406 4718 salario
1424 4668 1491 4732 regio
1511 4667 1555 4717 ed:

199 4757 288 4792 vocam
307 4741 451 4796 constituit,
478 4739 511 4789 sd
529 4740 705 4804 professionem
724 4740 899 4791 scholasticam
920 4742 946 4790 iu
965 4741 1094 4804 gymnasio
1119 4740 1251 4805 praecipuo
1270 4739 1416 4791 obeundam.
1454 4738 1557 4788 Utinam

199 4814 269 4865 heret
287 4820 313 4864 et
331 4820 359 4862 tn
378 4811 462 4861 induci
481 4812 580 4875 posses!
619 4809 671 4876 Ego
690 4811 753 4861 adeo
772 4813 822 4861 tuis
840 4811 1050 4876 speculationibus
1068 4826 1134 4862 nuuc
1152 4811 1275 4868 delcetor,
1300 4812 1378 4874 iisqne
1397 4815 1495 4859 tantum
1512 4810 1555 4857 tri·

198 4886 261 4943 bno,
279 4892 307 4934 ut
324 4899 364 4936 me
382 4883 489 4949 pudeat,
516 4883 642 4948 scripsisse
662 4881 707 4931 tihi
726 4884 757 4933 de
775 4884 837 4933 meis
855 4883 935 4947 ungis.
974 4881 1028 4931 Tibi
1047 4882 1129 4932 divina
1146 4884 1229 4951 grstia
1252 4883 1379 4948 ingenium
1398 4879 1556 4930 mathemati·
