3872 5836
428 916 451 963 ρ

422 1074 966 1155 ILLUSTRISSIMO
1004 1081 1271 1159 DOMINO

477 1256 528 1357 n.
560 1212 758 1361 ranno
790 1260 935 1362 non
965 1263 1210 1365 monto.

288 1444 402 1504 Domus
424 1444 677 1526 Rosembergicae
703 1450 904 1513 Gubernatori
924 1464 982 1514 etc.
1008 1455 1135 1516 Domino
1159 1474 1224 1516 meo
1249 1456 1395 1519 clement:

254 1602 415 1665 Praeclare
439 1600 546 1665 Cicero
569 1605 645 1669 libro
668 1608 763 1687 primo
788 1608 961 1672 officiorum
985 1623 1106 1674 monet:
1135 1632 1203 1675 esse
1226 1615 1329 1696 magni
1356 1615 1462 1691 animi,
1491 1627 1524 1679 et

166 1688 260 1751 luisse
283 1691 395 1753 multos
419 1691 511 1754 etiam
533 1694 563 1755 in
592 1696 657 1757 vita
684 1698 801 1773 otiosa,
833 1701 881 1779 qui
910 1708 962 1762 aut
994 1700 1227 1779 investigarent,
1261 1711 1315 1765 aut
1345 1714 1524 1768 conarentur

165 1796 277 1856 magna
300 1780 456 1858 quaedam,
481 1801 607 1861 seseque
631 1805 751 1846 suarum
775 1806 873 1848 rerum
896 1789 1003 1849 finibus
1026 1789 1223 1852 continerent.
1270 1791 1369 1863 Quam
1397 1802 1521 1856 senten-

165 1865 241 1929 tiam
273 1866 459 1930 Reinboldus
492 1879 595 1933 noster
617 1874 810 1952 peculiariter
838 1876 877 1937 ad
899 1875 1103 1939 astronomiae
1128 1872 1258 1941 studium
1282 1882 1521 1958 accommodans,

164 1955 312 2028 hortatur,
335 1976 374 2018 ne
397 1957 542 2021 deterreri
564 1980 598 2024 se
622 1962 660 2023 ab
683 1963 731 2024 his
754 1963 861 2026 studiis
885 1974 971 2026 recta
992 1965 1111 2044 ingenia
1135 1967 1238 2030 sinaut
1264 1970 1449 2032 indoctorum
1468 1971 1522 2049 ju·

165 2043 263 2116 diciis,
287 2045 336 2123 qui
358 2053 477 2108 tautam
501 2059 700 2127 quaestuosas
724 2060 806 2114 artes
825 2054 978 2115 mirentur.
1023 2055 1104 2116 Nam
1128 2074 1195 2118 cnm
1220 2057 1294 2119 haec
1318 2057 1380 2119 siut
1398 2058 1521 2121 virtutis

163 2131 285 2207 surdis,
319 2134 525 2198 fortitudinem
557 2139 649 2201 etiam
678 2141 706 2202 in
740 2143 783 2203 sis
816 2143 949 2204 colendis
979 2142 1103 2223 requiri,
1137 2163 1212 2223 quae
1236 2146 1353 2207 animos
1377 2148 1521 2209 adversus

121 2220 128 2231 ’
163 2221 279 2283 stultas
300 2222 382 2302 numi
411 2224 566 2303 opiniones
594 2228 733 2291 obfirmet
769 2237 801 2290 et
830 2249 973 2310 perversa
1000 2232 1117 2310 judicia
1150 2240 1337 2308 contemnat,
1371 2236 1450 2315 quod
1483 2236 1520 2298 ds

163 2319 290 2389 utraque
314 2311 498 2391 astrologiae
521 2324 609 2393 parte
633 2318 710 2379 dixit
733 2318 863 2398 optimus
886 2321 945 2393 vir,
979 2320 1013 2389 id
1040 2321 1096 2382 hoc
1120 2330 1253 2401 tempore
1275 2323 1465 2402 potissimum
1489 2324 1520 2387 in

165 2399 265 2460 altera
282 2399 471 2477 judicatrice,
497 2422 573 2481 qnae
596 2406 737 2486 physices
759 2425 831 2486 pars
855 2415 911 2482 est,
936 2408 1007 2469 mihi
1032 2409 1143 2471 dietum
1165 2430 1232 2473 esee
1246 2412 1360 2491 putavi.
1398 2412 1519 2474 Etenim

163 2486 215 2567 qni
237 2488 430 2566 prognostica
453 2492 541 2552 ollieii
565 2495 682 2555 ratione
705 2496 818 2571 scribit,
849 2497 923 2558 duas
946 2497 1136 2575 potissimum
1159 2500 1240 2577 vulgi
1263 2500 1417 2579 opiniones
1441 2501 1519 2563 inter

163 2595 198 2637 se
221 2576 388 2663 contradas
412 2578 475 2640 alto
498 2580 597 2642 animo
620 2591 825 2659 contemnere,
853 2603 946 2663 seque
976 2594 1082 2648 contra
1109 2586 1183 2649 duos
1208 2588 1328 2650 humilis
1351 2597 1384 2650 et
1406 2590 1519 2669 abjecti

163 2664 255 2729 animi
287 2667 413 2728 affectus
444 2668 557 2731 munire
590 2671 697 2742 debet,
730 2673 927 2751 cupiditatem
959 2674 1073 2752 gloriae
1105 2684 1137 2736 et
1168 2683 1288 2738 metum.
1336 2675 1412 2737 Cum
1439 2678 1517 2738 enim

163 2772 276 2833 magna
299 2754 342 2816 sit
364 2755 446 2833 vulgi
469 2757 647 2832 curiositas,
676 2762 776 2823 animo
808 2762 1013 2823 contaminato
1037 2771 1104 2835 est,
1137 2762 1188 2842 qui
1216 2763 1244 2823 in
1278 2765 1359 2843 vulgi
1387 2765 1517 2841 gratiam

164 2852 196 2905 et
218 2852 341 2923 propter
363 2845 558 2908 vanissimam
580 2848 707 2923 gloriam
730 2849 780 2911 vel
803 2870 839 2912 ea
861 2849 1028 2929 profitetur,
1052 2868 1129 2928 quae
1153 2858 1262 2912 natura
1280 2869 1339 2912 non
1357 2861 1518 2927 monstrat,

165 2932 215 2993 vel
237 2932 327 2993 etiem
351 2941 478 2995 naturae
503 2937 633 3014 genuina
655 2937 798 2999 miracula
819 2938 970 3017 propalat,
996 2938 1021 2999 si
1045 2956 1152 2999 causae
1172 2938 1325 3016 graviores
1345 2958 1403 3000 non
1418 2936 1518 3021 respi-

164 3020 215 3083 cit
261 3018 376 3083 Contra
408 3031 478 3084 sunt
510 3025 559 3103 qui
590 3035 702 3104 negant
732 3045 855 3105 gravem
877 3027 973 3086 virum
996 3035 1029 3088 et
1050 3025 1258 3105 philosophum
1282 3028 1407 3102 decere,
1432 3037 1466 3090 ut
1487 3030 1516 3090 in

160 3109 293 3171 materia
315 3118 362 3172 tot
384 3110 596 3191 nugacissimis
620 3122 652 3176 et
674 3114 847 3177 vanissimis
872 3114 1100 3177 ariolationibns
1124 3115 1285 3193 quotannis
1316 3125 1517 3196 conspurcata

164 3200 274 3261 lammn
306 3199 417 3279 ingenii
449 3209 481 3262 et
512 3202 654 3265 honorem
678 3204 853 3267 eruditionis
877 3204 1060 3284 prostituat,
1084 3204 1351 3285 curiositatemque
1375 3205 1459 3286 vulgi
1485 3217 1517 3267 et

163 3288 393 3366 superstitiones
417 3289 606 3359 imbecillium
641 3293 824 3374 ingeniorum
859 3293 1088 3357 subministrato
1118 3293 1173 3355 boc
1203 3295 1289 3373 quasi
1312 3294 1416 3356 fomite
1441 3296 1515 3357 alat.

163 3377 277 3438 Fateor
308 3375 384 3438 baec
417 3397 528 3458 magna
559 3382 818 3445 verisimilitudine
843 3382 946 3462 objici,
971 3393 1004 3444 et
1025 3384 1135 3445 idonea
1158 3402 1237 3457 esse,
1259 3402 1335 3463 quae
1358 3383 1518 3445 honestum

164 3465 269 3538 virum,
294 3464 320 3526 si
336 3467 498 3545 graviores
521 3487 630 3533 canses
654 3491 711 3534 non
727 3472 848 3546 babeat,
874 3471 992 3532 abhoc
1016 3490 1125 3550 genere
1149 3471 1321 3551 scriptionis
1336 3471 1517 3535 deterreant.

164 3555 209 3616 At
230 3553 258 3614 'si
281 3554 327 3615 cui
350 3555 484 3616 rationes
506 3556 637 3625 instituti
661 3560 706 3620 sui
731 3561 809 3620 tales
833 3566 1005 3638 suppetant,
1031 3577 1107 3638 quae
1131 3577 1185 3638 per
1207 3578 1275 3619 sese
1293 3559 1427 3620 cordatis
1446 3560 1519 3621 viris

164 3640 385 3722 approbentur:
419 3645 554 3721 profecto
583 3665 641 3707 nou
671 3654 775 3725 potest
797 3646 855 3707 nisi
879 3648 1001 3707 timidus
1024 3645 1146 3717 haberi,
1176 3647 1225 3706 ubi
1249 3665 1281 3706 se
1306 3646 1412 3707 alienis
1436 3648 1518 3709 hisce

164 3739 197 3792 et
221 3729 408 3791 extrinsecus
441 3731 669 3794 advenientibus
701 3733 867 3795 obstaculis
891 3754 910 3795 a
932 3733 1086 3814 proposito
1109 3733 1254 3793 deterreri
1281 3752 1390 3812 passus
1419 3735 1518 3807 fuerit,

164 3835 298 3880 rumores
321 3836 429 3879 curans
453 3826 485 3878 et
508 3819 616 3881 falsam
641 3830 777 3883 metuens
802 3822 965 3883 infamiam.
1011 3822 1091 3884 Nam
1119 3820 1177 3881 etsi
1201 3838 1312 3898 magna
1334 3839 1405 3899 pars
1428 3839 1520 3900 prae-

164 3912 319 3984 ceptorum
351 3904 381 3965 in
414 3906 471 3967 hac
499 3915 565 3969 arte
588 3909 724 3972 Arabum
756 3910 843 3990 nugis
867 3910 1064 3971 consumitur:
1094 3918 1128 3969 at
1155 3927 1214 3970 non
1237 3907 1306 3970 ideo
1329 3926 1405 3987 quae
1428 3910 1459 3970 in
1482 3928 1520 3970 ea

167 3999 239 4053 sunt
271 4010 382 4054 arcana
413 4002 560 4070 naturae,
592 4000 639 4061 vel
672 4018 770 4079 nugae
800 4006 888 4073 sunt,
922 3999 970 4059 vel
997 4016 1063 4058 eum
1091 3997 1178 4076 nugis
1202 3995 1292 4076 abjici
1316 3997 1442 4073 debent3
1465 3998 1519 4059 sed

166 4098 302 4160 gemmae
326 4100 343 4142 e
367 4082 429 4143 luto
453 4084 659 4164 colligendae,
694 4087 788 4149 honor
814 4087 891 4161 Dei,
922 4086 1078 4166 proposita
1100 4095 1226 4148 naturae
1256 4085 1517 4165 contemplatione,

165 4170 379 4243 illustrandus,
403 4171 551 4236 invitandi
574 4177 710 4255 exemplo
734 4176 805 4250 alii,
828 4184 862 4235 st
884 4193 977 4254 opera
1000 4174 1100 4236 danda
1122 4182 1189 4250 est,
1223 4183 1257 4236 ut
1283 4193 1359 4254 quae
1387 4175 1458 4236 olim
1481 4175 1521 4236 ad

165 4259 313 4338 insignem
337 4252 469 4339 aliquam
493 4261 613 4323 hnmani
636 4265 755 4343 generis
777 4263 944 4327 utilitatem
973 4263 1085 4324 servire
1108 4269 1243 4344 possent,
1268 4262 1347 4323 omni
1370 4272 1520 4325 eonatue

165 4348 300 4410 tenebris
323 4349 511 4428 ignorantiae
534 4349 563 4412 in
583 4359 718 4431 apertum
741 4352 941 4432 proferantur.
988 4352 1035 4412 Ac
1059 4353 1117 4414 etsi
1140 4370 1213 4413 sane
1236 4369 1295 4411 uon
1319 4351 1423 4412 statim
1451 4369 1519 4413 res-

165 4437 281 4516 pondet
304 4445 444 4511 eventus,
474 4457 642 4519 magnaque
669 4440 908 4520 praedictionum
935 4439 1116 4502 incertitudo
1150 4448 1199 4501 est
1230 4439 1261 4500 in
1291 4442 1339 4500 tbt
1361 4458 1520 4501 causamm

166 4525 356 4591 confusione:
380 4526 576 4589 annitendum
598 4535 701 4589 temen
724 4537 811 4592 lanto
835 4529 942 4608 magis,
967 4547 1034 4591 eum
1055 4528 1087 4589 in
1111 4528 1175 4589 solo
1200 4526 1303 4589 labore
1317 4526 1413 4588 virtus
1429 4546 1519 4606 spee-

166 4620 257 4675 tetur.
305 4613 396 4685 Quod
416 4634 490 4678 vero
513 4617 600 4678 multi
622 4614 705 4679 hisce
729 4618 769 4679 ad
790 4616 999 4679 curiositatem
1023 4635 1109 4678 suam
1132 4615 1304 4689 abutuntur,
1324 4614 1519 4695 superstitio-

166 4719 278 4782 uesque
301 4722 372 4766 sues
395 4704 587 4766 confirmant:
618 4704 650 4768 id
673 4704 885 4784 nihilomagis
909 4724 956 4767 me
979 4704 1148 4779 absterret,
1174 4722 1263 4784 quam
1291 4703 1400 4765 bonum
1422 4703 1530 4782 impe-u

166 4796 300 4852 mmm
322 4792 371 4860 (ut
393 4792 623 4855 innumerabilia
646 4795 785 4872 exempla
807 4793 961 4867 omittam)
985 4794 1024 4855 ab
1047 4792 1271 4873 oppugnatione
1290 4791 1373 4852 urbis
1387 4790 1522 4869 deterret
1608 4826 1615 4841 ·

165 4895 327 4958 pantorum
348 4879 477 4949 militem
495 4881 638 4962 jactura,
661 4901 745 4964 qnos,
770 4882 797 4945 si
819 4890 934 4963 posset,
959 4881 1097 4962 equidem
1119 4891 1151 4943 et
1173 4881 1257 4961 ipsos
1280 4884 1419 4940 servatos
1437 4877 1520 4938 velit

1218 5010 1231 5023 -
1248 4980 1281 5030 27
1291 4983 1308 5014 ὓ
