<?xml version="1.0" encoding="UTF-8"?>
<!DOCTYPE html PUBLIC "-//W3C//DTD XHTML 1.0 Transitional//EN"
    "http://www.w3.org/TR/xhtml1/DTD/xhtml1-transitional.dtd">
<html xmlns="http://www.w3.org/1999/xhtml" xml:lang="en" lang="en">
 <head>
  <title>
</title>
<meta http-equiv="Content-Type" content="text/html;charset=utf-8" />
  <meta name='ocr-system' content='tesseract 3.04.00' />
  <meta name='ocr-capabilities' content='ocr_page ocr_carea ocr_par ocr_line ocrx_word'/>
</head>
<body>
  <div class='ocr_page' id='page_1' title='image "./joanniskepleria27frisgoog_0030.png"; bbox 0 0 3786 5808; ppageno 0'>
   <div class='ocr_carea' id='block_1_1' title="bbox 542 1616 1048 1731">
    <p class='ocr_par' dir='ltr' id='par_1_1' title="bbox 542 1616 1048 1731">
     <span class='ocr_line' id='line_1_1' title="bbox 542 1616 1048 1731; baseline 0.01 -5"><span class='ocrx_word' id='word_1_1' title='bbox 542 1616 1048 1731; x_wconf 68' lang='lat' dir='ltr'>froumunt</span> 
     </span>
    </p>
   </div>
   <div class='ocr_carea' id='block_1_2' title="bbox 120 2024 1473 2379">
    <p class='ocr_par' dir='ltr' id='par_1_2' title="bbox 120 2024 1473 2379">
     <span class='ocr_line' id='line_1_2' title="bbox 203 2024 1472 2164; baseline 0.005 -28"><span class='ocrx_word' id='word_1_2' title='bbox 203 2024 313 2164; x_wconf 77' lang='lat' dir='ltr'>Quem</span> <span class='ocrx_word' id='word_1_3' title='bbox 344 2073 376 2137; x_wconf 90' lang='lat' dir='ltr'>in</span> <span class='ocrx_word' id='word_1_4' title='bbox 410 2075 587 2157; x_wconf 78' lang='lat' dir='ltr'>colligendis</span> <span class='ocrx_word' id='word_1_5' title='bbox 617 2076 742 2157; x_wconf 86' lang='lat' dir='ltr'>Kopleri</span> <span class='ocrx_word' id='word_1_6' title='bbox 773 2077 913 2159; x_wconf 79' lang='lat' dir='ltr'>operibus</span> <span class='ocrx_word' id='word_1_7' title='bbox 946 2077 1074 2159; x_wconf 91' lang='lat' dir='ltr'>primum</span> <span class='ocrx_word' id='word_1_8' title='bbox 1107 2077 1137 2142; x_wconf 93' lang='lat' dir='ltr'>in</span> <span class='ocrx_word' id='word_1_9' title='bbox 1171 2079 1269 2141; x_wconf 83' lang='lat' dir='ltr'>lucem</span> <span class='ocrx_word' id='word_1_10' title='bbox 1300 2077 1472 2142; x_wconf 80' lang='lat' dir='ltr'>vocavimus</span> 
     </span>
     <span class='ocr_line' id='line_1_3' title="bbox 122 2178 1473 2267; baseline 0.005 -27"><span class='ocrx_word' id='word_1_11' title='bbox 122 2178 256 2256; x_wconf 90' lang='lat' dir='ltr'>libellum,</span> <span class='ocrx_word' id='word_1_12' title='bbox 282 2188 336 2243; x_wconf 89' lang='lat' dir='ltr'>est</span> <span class='ocrx_word' id='word_1_13' title='bbox 358 2180 410 2244; x_wconf 92' lang='lat' dir='ltr'>ille</span> <span class='ocrx_word' id='word_1_14' title='bbox 433 2182 552 2265; x_wconf 86' lang='lat' dir='ltr'>quidem</span> <span class='ocrx_word' id='word_1_15' title='bbox 575 2183 724 2264; x_wconf 88' lang='lat' dir='ltr'>ajuvene</span> <span class='ocrx_word' id='word_1_16' title='bbox 747 2185 946 2266; x_wconf 82' lang='lat' dir='ltr'>conscriptus,</span> <span class='ocrx_word' id='word_1_17' title='bbox 969 2186 1129 2267; x_wconf 89' lang='lat' dir='ltr'>multisque</span> <span class='ocrx_word' id='word_1_18' title='bbox 1153 2184 1228 2247; x_wconf 88' lang='lat' dir='ltr'>loeis</span> <span class='ocrx_word' id='word_1_19' title='bbox 1251 2183 1339 2265; x_wconf 89' lang='lat' dir='ltr'>signa</span> <span class='ocrx_word' id='word_1_20' title='bbox 1361 2184 1473 2265; x_wconf 89' lang='lat' dir='ltr'>ingenii</span> 
     </span>
     <span class='ocr_line' id='line_1_4' title="bbox 120 2286 1472 2379; baseline 0.006 -33"><span class='ocrx_word' id='word_1_21' title='bbox 120 2286 244 2349; x_wconf 90' lang='lat' dir='ltr'>nondum</span> <span class='ocrx_word' id='word_1_22' title='bbox 265 2288 459 2353; x_wconf 81' lang='lat' dir='ltr'>corroborati</span> <span class='ocrx_word' id='word_1_23' title='bbox 481 2291 593 2353; x_wconf 88' lang='lat' dir='ltr'>refert:</span> <span class='ocrx_word' id='word_1_24' title='bbox 626 2299 660 2354; x_wconf 90' lang='lat' dir='ltr'>at</span> <span class='ocrx_word' id='word_1_25' title='bbox 682 2291 787 2355; x_wconf 89' lang='lat' dir='ltr'>eodem</span> <span class='ocrx_word' id='word_1_26' title='bbox 810 2300 842 2354; x_wconf 86' lang='lat' dir='ltr'>et</span> <span class='ocrx_word' id='word_1_27' title='bbox 864 2292 962 2367; x_wconf 88' lang='lat' dir='ltr'>illius,</span> <span class='ocrx_word' id='word_1_28' title='bbox 991 2313 1049 2376; x_wconf 90' lang='lat' dir='ltr'>quo</span> <span class='ocrx_word' id='word_1_29' title='bbox 1072 2293 1259 2379; x_wconf 78' lang='lat' dir='ltr'>conseriptus</span> <span class='ocrx_word' id='word_1_30' title='bbox 1283 2300 1344 2368; x_wconf 87' lang='lat' dir='ltr'>est,</span> <span class='ocrx_word' id='word_1_31' title='bbox 1368 2292 1472 2367; x_wconf 82' lang='lat' dir='ltr'>seculi,</span> 
     </span>
    </p>
   </div>
   <div class='ocr_carea' id='block_1_3' title="bbox 120 2396 1473 2695">
    <p class='ocr_par' dir='ltr' id='par_1_3' title="bbox 120 2396 1473 2695">
     <span class='ocr_line' id='line_1_5' title="bbox 120 2396 1473 2481; baseline 0.003 -25"><span class='ocrx_word' id='word_1_32' title='bbox 120 2402 150 2456; x_wconf 87' lang='lat' dir='ltr'>et</span> <span class='ocrx_word' id='word_1_33' title='bbox 170 2396 306 2458; x_wconf 79' lang='lat' dir='ltr'>auctoris</span> <span class='ocrx_word' id='word_1_34' title='bbox 329 2396 424 2479; x_wconf 83' lang='lat' dir='ltr'>ipsius</span> <span class='ocrx_word' id='word_1_35' title='bbox 442 2396 553 2477; x_wconf 88' lang='lat' dir='ltr'>ingenii</span> <span class='ocrx_word' id='word_1_36' title='bbox 571 2396 711 2481; x_wconf 87' lang='lat' dir='ltr'>vitaeque</span> <span class='ocrx_word' id='word_1_37' title='bbox 726 2399 880 2462; x_wconf 76' lang='lat' dir='ltr'>acerrimis</span> <span class='ocrx_word' id='word_1_38' title='bbox 899 2399 1143 2480; x_wconf 77' lang='lat' dir='ltr'>gravissimisque</span> <span class='ocrx_word' id='word_1_39' title='bbox 1162 2399 1270 2461; x_wconf 87' lang='lat' dir='ltr'>studiis</span> <span class='ocrx_word' id='word_1_40' title='bbox 1289 2399 1473 2462; x_wconf 82' lang='lat' dir='ltr'>exercitatae</span> 
     </span>
     <span class='ocr_line' id='line_1_6' title="bbox 120 2502 1472 2589; baseline 0.004 -28"><span class='ocrx_word' id='word_1_41' title='bbox 120 2508 150 2561; x_wconf 92' lang='lat' dir='ltr'>et</span> <span class='ocrx_word' id='word_1_42' title='bbox 170 2502 351 2565; x_wconf 79' lang='lat' dir='ltr'>nobilitatae</span> <span class='ocrx_word' id='word_1_43' title='bbox 370 2502 557 2567; x_wconf 75' lang='lat' dir='ltr'>verissimam</span> <span class='ocrx_word' id='word_1_44' title='bbox 576 2504 737 2587; x_wconf 76' lang='lat' dir='ltr'>imaginem</span> <span class='ocrx_word' id='word_1_45' title='bbox 755 2507 903 2569; x_wconf 90' lang='lat' dir='ltr'>intuemur</span> <span class='ocrx_word' id='word_1_46' title='bbox 917 2526 1101 2587; x_wconf 80' lang='lat' dir='ltr'>expressam,</span> <span class='ocrx_word' id='word_1_47' title='bbox 1125 2507 1215 2589; x_wconf 86' lang='lat' dir='ltr'>quid?</span> <span class='ocrx_word' id='word_1_48' title='bbox 1237 2507 1343 2569; x_wconf 90' lang='lat' dir='ltr'>eodem</span> <span class='ocrx_word' id='word_1_49' title='bbox 1361 2505 1472 2581; x_wconf 89' lang='lat' dir='ltr'>libello,</span> 
     </span>
     <span class='ocr_line' id='line_1_7' title="bbox 121 2608 1473 2695; baseline 0.002 -25"><span class='ocrx_word' id='word_1_50' title='bbox 121 2614 259 2690; x_wconf 86' lang='lat' dir='ltr'>tanquam</span> <span class='ocrx_word' id='word_1_51' title='bbox 286 2630 308 2671; x_wconf 93' lang='lat' dir='ltr'>a</span> <span class='ocrx_word' id='word_1_52' title='bbox 331 2608 427 2687; x_wconf 83' lang='lat' dir='ltr'>fonte,</span> <span class='ocrx_word' id='word_1_53' title='bbox 450 2611 620 2692; x_wconf 88' lang='lat' dir='ltr'>posteriora</span> <span class='ocrx_word' id='word_1_54' title='bbox 642 2632 735 2694; x_wconf 88' lang='lat' dir='ltr'>opera</span> <span class='ocrx_word' id='word_1_55' title='bbox 757 2613 802 2676; x_wconf 88' lang='lat' dir='ltr'>ita</span> <span class='ocrx_word' id='word_1_56' title='bbox 824 2621 895 2676; x_wconf 90' lang='lat' dir='ltr'>sunt</span> <span class='ocrx_word' id='word_1_57' title='bbox 918 2612 1068 2688; x_wconf 85' lang='lat' dir='ltr'>derivata,</span> <span class='ocrx_word' id='word_1_58' title='bbox 1093 2623 1140 2684; x_wconf 85' lang='lat' dir='ltr'>nt,</span> <span class='ocrx_word' id='word_1_59' title='bbox 1169 2633 1268 2695; x_wconf 83' lang='lat' dir='ltr'>aquo</span> <span class='ocrx_word' id='word_1_60' title='bbox 1292 2612 1473 2677; x_wconf 86' lang='lat' dir='ltr'>edendorum</span> 
     </span>
    </p>
   </div>
   <div class='ocr_carea' id='block_1_4' title="bbox 16 2713 1472 2801">
    <p class='ocr_par' dir='ltr' id='par_1_4' title="bbox 16 2713 1472 2801">
     <span class='ocr_line' id='line_1_8' title="bbox 16 2713 1472 2801; baseline 0.001 -22"><span class='ocrx_word' id='word_1_61' title='bbox 16 2732 17 2799; x_wconf 74' lang='grc' dir='ltr'>ᾗ</span> <span class='ocrx_word' id='word_1_62' title='bbox 121 2713 239 2796; x_wconf 84' lang='lat' dir='ltr'>Kepleri</span> <span class='ocrx_word' id='word_1_63' title='bbox 262 2734 389 2796; x_wconf 86' lang='lat' dir='ltr'>operum</span> <span class='ocrx_word' id='word_1_64' title='bbox 412 2717 548 2780; x_wconf 84' lang='lat' dir='ltr'>ordinem</span> <span class='ocrx_word' id='word_1_65' title='bbox 575 2719 775 2799; x_wconf 83' lang='lat' dir='ltr'>auspicemur,</span> <span class='ocrx_word' id='word_1_66' title='bbox 806 2719 855 2781; x_wconf 88' lang='lat' dir='ltr'>hie</span> <span class='ocrx_word' id='word_1_67' title='bbox 885 2719 950 2799; x_wconf 87' lang='lat' dir='ltr'>ipse</span> <span class='ocrx_word' id='word_1_68' title='bbox 979 2719 1099 2782; x_wconf 89' lang='lat' dir='ltr'>libellus</span> <span class='ocrx_word' id='word_1_69' title='bbox 1125 2719 1264 2782; x_wconf 86' lang='lat' dir='ltr'>videatur</span> <span class='ocrx_word' id='word_1_70' title='bbox 1286 2718 1472 2801; x_wconf 83' lang='lat' dir='ltr'>aptissimus.</span> 
     </span>
    </p>
   </div>
   <div class='ocr_carea' id='block_1_5' title="bbox 118 2819 1476 3335">
    <p class='ocr_par' dir='ltr' id='par_1_5' title="bbox 118 2819 1476 3335">
     <span class='ocr_line' id='line_1_9' title="bbox 121 2819 1473 2906; baseline 0.001 -21"><span class='ocrx_word' id='word_1_71' title='bbox 121 2819 315 2904; x_wconf 77' lang='lat' dir='ltr'>Quantopere</span> <span class='ocrx_word' id='word_1_72' title='bbox 338 2824 418 2886; x_wconf 87' lang='lat' dir='ltr'>enim</span> <span class='ocrx_word' id='word_1_73' title='bbox 441 2842 525 2887; x_wconf 88' lang='lat' dir='ltr'>mens</span> <span class='ocrx_word' id='word_1_74' title='bbox 549 2825 679 2888; x_wconf 88' lang='lat' dir='ltr'>bumana</span> <span class='ocrx_word' id='word_1_75' title='bbox 701 2825 899 2899; x_wconf 80' lang='lat' dir='ltr'>contenderit,</span> <span class='ocrx_word' id='word_1_76' title='bbox 922 2834 964 2900; x_wconf 84' lang='lat' dir='ltr'>ut,</span> <span class='ocrx_word' id='word_1_77' title='bbox 990 2826 1096 2906; x_wconf 86' lang='lat' dir='ltr'>quibus</span> <span class='ocrx_word' id='word_1_78' title='bbox 1115 2826 1281 2888; x_wconf 79' lang='lat' dir='ltr'>constricta</span> <span class='ocrx_word' id='word_1_79' title='bbox 1303 2825 1473 2898; x_wconf 88' lang='lat' dir='ltr'>tenebatur,</span> 
     </span>
     <span class='ocr_line' id='line_1_10' title="bbox 118 2929 1475 3012; baseline 0.001 -21"><span class='ocrx_word' id='word_1_80' title='bbox 118 2929 234 3007; x_wconf 81' lang='lat' dir='ltr'>vinqnla</span> <span class='ocrx_word' id='word_1_81' title='bbox 262 2931 424 3011; x_wconf 81' lang='lat' dir='ltr'>frangeret,</span> <span class='ocrx_word' id='word_1_82' title='bbox 449 2951 554 2995; x_wconf 82' lang='lat' dir='ltr'>reeens</span> <span class='ocrx_word' id='word_1_83' title='bbox 577 2940 666 3012; x_wconf 83' lang='lat' dir='ltr'>parta</span> <span class='ocrx_word' id='word_1_84' title='bbox 688 2939 823 2995; x_wconf 88' lang='lat' dir='ltr'>tueretur</span> <span class='ocrx_word' id='word_1_85' title='bbox 844 2939 878 2994; x_wconf 92' lang='lat' dir='ltr'>et</span> <span class='ocrx_word' id='word_1_86' title='bbox 900 2940 1050 3006; x_wconf 84' lang='lat' dir='ltr'>servaret,</span> <span class='ocrx_word' id='word_1_87' title='bbox 1070 2931 1164 3012; x_wconf 86' lang='lat' dir='ltr'>jactis</span> <span class='ocrx_word' id='word_1_88' title='bbox 1187 2930 1390 2994; x_wconf 79' lang='lat' dir='ltr'>fundamentis</span> <span class='ocrx_word' id='word_1_89' title='bbox 1413 2931 1475 2993; x_wconf 91' lang='lat' dir='ltr'>alia</span> 
     </span>
     <span class='ocr_line' id='line_1_11' title="bbox 120 3037 1474 3120; baseline 0 -22"><span class='ocrx_word' id='word_1_90' title='bbox 120 3042 360 3116; x_wconf 70' lang='lat' dir='ltr'>supemtrueret‘</span> <span class='ocrx_word' id='word_1_91' title='bbox 377 3045 451 3118; x_wconf 90' lang='lat' dir='ltr'>quot</span> <span class='ocrx_word' id='word_1_92' title='bbox 464 3037 642 3120; x_wconf 76' lang='lat' dir='ltr'>quantisque</span> <span class='ocrx_word' id='word_1_93' title='bbox 657 3057 728 3101; x_wconf 77' lang='lat' dir='ltr'>vero</span> <span class='ocrx_word' id='word_1_94' title='bbox 742 3058 809 3101; x_wconf 85' lang='lat' dir='ltr'>eum</span> <span class='ocrx_word' id='word_1_95' title='bbox 827 3038 1054 3102; x_wconf 80' lang='lat' dir='ltr'>difficultatibus</span> <span class='ocrx_word' id='word_1_96' title='bbox 1077 3038 1170 3101; x_wconf 88' lang='lat' dir='ltr'>menti</span> <span class='ocrx_word' id='word_1_97' title='bbox 1194 3038 1234 3101; x_wconf 87' lang='lat' dir='ltr'>ad</span> <span class='ocrx_word' id='word_1_98' title='bbox 1256 3037 1381 3099; x_wconf 88' lang='lat' dir='ltr'>meliora</span> <span class='ocrx_word' id='word_1_99' title='bbox 1402 3045 1474 3098; x_wconf 80' lang='lat' dir='ltr'>ten·</span> 
     </span>
     <span class='ocr_line' id='line_1_12' title="bbox 121 3142 1475 3227; baseline 0.001 -24"><span class='ocrx_word' id='word_1_100' title='bbox 121 3142 201 3207; x_wconf 87' lang='lat' dir='ltr'>denti</span> <span class='ocrx_word' id='word_1_101' title='bbox 223 3142 320 3207; x_wconf 81' lang='lat' dir='ltr'>tuerit</span> <span class='ocrx_word' id='word_1_102' title='bbox 342 3144 588 3222; x_wconf 84' lang='lat' dir='ltr'>conflictandum,</span> <span class='ocrx_word' id='word_1_103' title='bbox 618 3164 706 3227; x_wconf 89' lang='lat' dir='ltr'>quum</span> <span class='ocrx_word' id='word_1_104' title='bbox 729 3145 822 3209; x_wconf 88' lang='lat' dir='ltr'>seculi</span> <span class='ocrx_word' id='word_1_105' title='bbox 845 3145 954 3209; x_wconf 81' lang='lat' dir='ltr'>decimi</span> <span class='ocrx_word' id='word_1_106' title='bbox 976 3145 1056 3209; x_wconf 84' lang='lat' dir='ltr'>sexti</span> <span class='ocrx_word' id='word_1_107' title='bbox 1078 3144 1251 3208; x_wconf 80' lang='lat' dir='ltr'>memoriam</span> <span class='ocrx_word' id='word_1_108' title='bbox 1272 3142 1475 3207; x_wconf 85' lang='lat' dir='ltr'>recolentibus</span> 
     </span>
     <span class='ocr_line' id='line_1_13' title="bbox 121 3251 1476 3335; baseline -0.002 -20"><span class='ocrx_word' id='word_1_109' title='bbox 121 3259 279 3332; x_wconf 83' lang='lat' dir='ltr'>appareat,</span> <span class='ocrx_word' id='word_1_110' title='bbox 302 3260 366 3314; x_wconf 89' lang='lat' dir='ltr'>tum</span> <span class='ocrx_word' id='word_1_111' title='bbox 388 3271 427 3315; x_wconf 84' lang='lat' dir='ltr'>ex</span> <span class='ocrx_word' id='word_1_112' title='bbox 448 3252 575 3333; x_wconf 90' lang='lat' dir='ltr'>singulis</span> <span class='ocrx_word' id='word_1_113' title='bbox 594 3252 684 3333; x_wconf 89' lang='lat' dir='ltr'>hujus</span> <span class='ocrx_word' id='word_1_114' title='bbox 702 3253 797 3316; x_wconf 91' lang='lat' dir='ltr'>libelli</span> <span class='ocrx_word' id='word_1_115' title='bbox 810 3252 941 3335; x_wconf 85' lang='lat' dir='ltr'>plagulis</span> <span class='ocrx_word' id='word_1_116' title='bbox 960 3252 1068 3316; x_wconf 86' lang='lat' dir='ltr'>elneet</span> <span class='ocrx_word' id='word_1_117' title='bbox 1104 3251 1325 3314; x_wconf 90' lang='lat' dir='ltr'>Dominabatur</span> <span class='ocrx_word' id='word_1_118' title='bbox 1339 3251 1401 3314; x_wconf 87' lang='lat' dir='ltr'>fere</span> <span class='ocrx_word' id='word_1_119' title='bbox 1415 3269 1476 3312; x_wconf 86' lang='lat' dir='ltr'>una</span> 
     </span>
    </p>
   </div>
   <div class='ocr_carea' id='block_1_6' title="bbox 18 3357 1475 3441">
    <p class='ocr_par' dir='ltr' id='par_1_6' title="bbox 18 3357 1475 3441">
     <span class='ocr_line' id='line_1_14' title="bbox 18 3357 1475 3441; baseline -0.001 -21"><span class='ocrx_word' id='word_1_120' title='bbox 18 3392 19 3413; x_wconf 72' lang='lat'>2</span> <span class='ocrx_word' id='word_1_121' title='bbox 122 3357 287 3423; x_wconf 89' lang='lat' dir='ltr'>insobolis</span> <span class='ocrx_word' id='word_1_122' title='bbox 314 3359 505 3441; x_wconf 83' lang='lat' dir='ltr'>philosophia</span> <span class='ocrx_word' id='word_1_123' title='bbox 526 3360 743 3437; x_wconf 76' lang='lat' dir='ltr'>Aristotelian,</span> <span class='ocrx_word' id='word_1_124' title='bbox 771 3367 969 3441; x_wconf 87' lang='lat' dir='ltr'>perangusto,</span> <span class='ocrx_word' id='word_1_125' title='bbox 998 3359 1030 3422; x_wconf 92' lang='lat' dir='ltr'>in</span> <span class='ocrx_word' id='word_1_126' title='bbox 1057 3376 1144 3441; x_wconf 89' lang='lat' dir='ltr'>quem</span> <span class='ocrx_word' id='word_1_127' title='bbox 1171 3365 1377 3433; x_wconf 78' lang='lat' dir='ltr'>excurrerent,</span> <span class='ocrx_word' id='word_1_128' title='bbox 1406 3357 1475 3420; x_wconf 88' lang='lat' dir='ltr'>aliis</span> 
     </span>
    </p>
   </div>
   <div class='ocr_carea' id='block_1_7' title="bbox 121 3464 1480 4935">
    <p class='ocr_par' dir='ltr' id='par_1_7' title="bbox 121 3464 1480 4511">
     <span class='ocr_line' id='line_1_15' title="bbox 122 3464 1476 3549; baseline -0.002 -20"><span class='ocrx_word' id='word_1_129' title='bbox 122 3484 225 3548; x_wconf 84' lang='lat' dir='ltr'>rampo</span> <span class='ocrx_word' id='word_1_130' title='bbox 250 3484 413 3541; x_wconf 85' lang='lat' dir='ltr'>aoneesso;</span> <span class='ocrx_word' id='word_1_131' title='bbox 444 3474 565 3549; x_wconf 85' lang='lat' dir='ltr'>praeter</span> <span class='ocrx_word' id='word_1_132' title='bbox 586 3486 700 3549; x_wconf 83' lang='lat' dir='ltr'>pausos</span> <span class='ocrx_word' id='word_1_133' title='bbox 723 3466 817 3542; x_wconf 87' lang='lat' dir='ltr'>viros,</span> <span class='ocrx_word' id='word_1_134' title='bbox 847 3465 898 3548; x_wconf 92' lang='lat' dir='ltr'>qui</span> <span class='ocrx_word' id='word_1_135' title='bbox 920 3485 975 3530; x_wconf 91' lang='lat' dir='ltr'>suo</span> <span class='ocrx_word' id='word_1_136' title='bbox 997 3466 1182 3530; x_wconf 82' lang='lat' dir='ltr'>confiderent</span> <span class='ocrx_word' id='word_1_137' title='bbox 1204 3464 1339 3545; x_wconf 85' lang='lat' dir='ltr'>ingenio,</span> <span class='ocrx_word' id='word_1_138' title='bbox 1369 3464 1476 3546; x_wconf 87' lang='lat' dir='ltr'>reliqui</span> 
     </span>
     <span class='ocr_line' id='line_1_16' title="bbox 122 3536 1475 3651; baseline -0.001 -16"><span class='ocrx_word' id='word_1_139' title='bbox 122 3592 222 3637; x_wconf 87' lang='lat' dir='ltr'>omnes</span> <span class='ocrx_word' id='word_1_140' title='bbox 246 3574 339 3638; x_wconf 90' lang='lat' dir='ltr'>alieni</span> <span class='ocrx_word' id='word_1_141' title='bbox 362 3582 449 3638; x_wconf 89' lang='lat' dir='ltr'>erant</span> <span class='ocrx_word' id='word_1_142' title='bbox 472 3574 601 3638; x_wconf 85' lang='lat' dir='ltr'>arbitrii.</span> <span class='ocrx_word' id='word_1_143' title='bbox 637 3576 672 3638; x_wconf 94' lang='lat' dir='ltr'>In</span> <span class='ocrx_word' id='word_1_144' title='bbox 696 3536 920 3651; x_wconf 76' lang='lat' dir='ltr'>rdathematiea,</span> <span class='ocrx_word' id='word_1_145' title='bbox 944 3572 1002 3638; x_wconf 91' lang='lat' dir='ltr'>nisi</span> <span class='ocrx_word' id='word_1_146' title='bbox 1024 3573 1064 3637; x_wconf 81' lang='lat' dir='ltr'>ab</span> <span class='ocrx_word' id='word_1_147' title='bbox 1086 3572 1212 3636; x_wconf 86' lang='lat' dir='ltr'>Euelide</span> <span class='ocrx_word' id='word_1_148' title='bbox 1236 3579 1268 3635; x_wconf 88' lang='lat' dir='ltr'>et</span> <span class='ocrx_word' id='word_1_149' title='bbox 1280 3571 1475 3647; x_wconf 87' lang='lat' dir='ltr'>Archimede,</span> 
     </span>
     <span class='ocr_line' id='line_1_17' title="bbox 121 3678 1477 3763; baseline -0.001 -21"><span class='ocrx_word' id='word_1_150' title='bbox 121 3680 194 3744; x_wconf 90' lang='lat' dir='ltr'>nibil</span> <span class='ocrx_word' id='word_1_151' title='bbox 207 3680 394 3762; x_wconf 82' lang='lat' dir='ltr'>suppetebat</span> <span class='ocrx_word' id='word_1_152' title='bbox 407 3679 527 3756; x_wconf 79' lang='lat' dir='ltr'>auxilii3</span> <span class='ocrx_word' id='word_1_153' title='bbox 545 3681 720 3761; x_wconf 86' lang='lat' dir='ltr'>algebraioa</span> <span class='ocrx_word' id='word_1_154' title='bbox 738 3681 816 3744; x_wconf 88' lang='lat' dir='ltr'>ratio</span> <span class='ocrx_word' id='word_1_155' title='bbox 830 3699 937 3763; x_wconf 87' lang='lat' dir='ltr'>parurn</span> <span class='ocrx_word' id='word_1_156' title='bbox 950 3681 1049 3743; x_wconf 88' lang='lat' dir='ltr'>adhue</span> <span class='ocrx_word' id='word_1_157' title='bbox 1069 3682 1151 3744; x_wconf 86' lang='lat' dir='ltr'>culta</span> <span class='ocrx_word' id='word_1_158' title='bbox 1166 3699 1235 3744; x_wconf 90' lang='lat' dir='ltr'>raro</span> <span class='ocrx_word' id='word_1_159' title='bbox 1250 3679 1279 3742; x_wconf 90' lang='lat' dir='ltr'>in</span> <span class='ocrx_word' id='word_1_160' title='bbox 1294 3678 1477 3760; x_wconf 82' lang='lat' dir='ltr'>geometriae</span> 
     </span>
     <span class='ocr_line' id='line_1_18' title="bbox 121 3783 1477 3868; baseline -0.005 -17"><span class='ocrx_word' id='word_1_161' title='bbox 121 3806 207 3851; x_wconf 88' lang='lat' dir='ltr'>usum</span> <span class='ocrx_word' id='word_1_162' title='bbox 221 3786 472 3864; x_wconf 75' lang='lat' dir='ltr'>uansferebatm</span> <span class='ocrx_word' id='word_1_163' title='bbox 496 3788 678 3868; x_wconf 84' lang='lat' dir='ltr'>logarithmi,</span> <span class='ocrx_word' id='word_1_164' title='bbox 703 3806 760 3868; x_wconf 89' lang='lat' dir='ltr'>quo</span> <span class='ocrx_word' id='word_1_165' title='bbox 776 3805 835 3849; x_wconf 89' lang='lat' dir='ltr'>non</span> <span class='ocrx_word' id='word_1_166' title='bbox 849 3786 955 3849; x_wconf 88' lang='lat' dir='ltr'>melius</span> <span class='ocrx_word' id='word_1_167' title='bbox 970 3786 1123 3849; x_wconf 89' lang='lat' dir='ltr'>inventum</span> <span class='ocrx_word' id='word_1_168' title='bbox 1142 3793 1190 3846; x_wconf 90' lang='lat' dir='ltr'>est</span> <span class='ocrx_word' id='word_1_169' title='bbox 1208 3784 1248 3846; x_wconf 93' lang='lat' dir='ltr'>ad</span> <span class='ocrx_word' id='word_1_170' title='bbox 1268 3783 1477 3846; x_wconf 80' lang='lat' dir='ltr'>subducendos</span> 
     </span>
     <span class='ocr_line' id='line_1_19' title="bbox 123 3891 1477 3974; baseline -0.003 -17"><span class='ocrx_word' id='word_1_171' title='bbox 123 3896 256 3960; x_wconf 84' lang='lat' dir='ltr'>oaloulos</span> <span class='ocrx_word' id='word_1_172' title='bbox 270 3894 421 3971; x_wconf 84' lang='lat' dir='ltr'>auxilium,</span> <span class='ocrx_word' id='word_1_173' title='bbox 444 3894 576 3956; x_wconf 91' lang='lat' dir='ltr'>nondum</span> <span class='ocrx_word' id='word_1_174' title='bbox 591 3893 620 3955; x_wconf 91' lang='lat' dir='ltr'>in</span> <span class='ocrx_word' id='word_1_175' title='bbox 634 3902 752 3974; x_wconf 85' lang='lat' dir='ltr'>promtu</span> <span class='ocrx_word' id='word_1_176' title='bbox 769 3901 872 3968; x_wconf 85' lang='lat' dir='ltr'>erant3</span> <span class='ocrx_word' id='word_1_177' title='bbox 896 3893 1080 3972; x_wconf 87' lang='lat' dir='ltr'>geometrica</span> <span class='ocrx_word' id='word_1_178' title='bbox 1097 3891 1215 3954; x_wconf 89' lang='lat' dir='ltr'>ratione</span> <span class='ocrx_word' id='word_1_179' title='bbox 1233 3909 1324 3970; x_wconf 84' lang='lat' dir='ltr'>aegre</span> <span class='ocrx_word' id='word_1_180' title='bbox 1349 3910 1477 3972; x_wconf 87' lang='lat' dir='ltr'>quaere·</span> 
     </span>
     <span class='ocr_line' id='line_1_20' title="bbox 123 3996 1476 4083; baseline -0.005 -18"><span class='ocrx_word' id='word_1_181' title='bbox 123 4001 247 4080; x_wconf 85' lang='lat' dir='ltr'>bantur,</span> <span class='ocrx_word' id='word_1_182' title='bbox 279 4020 356 4082; x_wconf 89' lang='lat' dir='ltr'>quae</span> <span class='ocrx_word' id='word_1_183' title='bbox 378 3999 484 4065; x_wconf 87' lang='lat' dir='ltr'>lustris</span> <span class='ocrx_word' id='word_1_184' title='bbox 506 4000 621 4082; x_wconf 84' lang='lat' dir='ltr'>aliquot</span> <span class='ocrx_word' id='word_1_185' title='bbox 642 4008 714 4083; x_wconf 86' lang='lat' dir='ltr'>post</span> <span class='ocrx_word' id='word_1_186' title='bbox 735 4000 786 4063; x_wconf 85' lang='lat' dir='ltr'>via</span> <span class='ocrx_word' id='word_1_187' title='bbox 809 3998 1031 4080; x_wconf 87' lang='lat' dir='ltr'>compendiaria</span> <span class='ocrx_word' id='word_1_188' title='bbox 1054 3998 1147 4060; x_wconf 85' lang='lat' dir='ltr'>oculis</span> <span class='ocrx_word' id='word_1_189' title='bbox 1171 4005 1203 4060; x_wconf 93' lang='lat' dir='ltr'>et</span> <span class='ocrx_word' id='word_1_190' title='bbox 1227 3996 1365 4058; x_wconf 88' lang='lat' dir='ltr'>manibus</span> <span class='ocrx_word' id='word_1_191' title='bbox 1388 4003 1476 4058; x_wconf 92' lang='lat' dir='ltr'>tene-</span> 
     </span>
     <span class='ocr_line' id='line_1_21' title="bbox 123 4101 1478 4183; baseline -0.006 -11"><span class='ocrx_word' id='word_1_192' title='bbox 123 4107 244 4172; x_wconf 79' lang='lat' dir='ltr'>bantur.</span> <span class='ocrx_word' id='word_1_193' title='bbox 293 4107 329 4170; x_wconf 94' lang='lat' dir='ltr'>In</span> <span class='ocrx_word' id='word_1_194' title='bbox 357 4106 542 4170; x_wconf 86' lang='lat' dir='ltr'>astronomia</span> <span class='ocrx_word' id='word_1_195' title='bbox 568 4126 644 4170; x_wconf 90' lang='lat' dir='ltr'>unus</span> <span class='ocrx_word' id='word_1_196' title='bbox 671 4105 850 4169; x_wconf 86' lang='lat' dir='ltr'>laudabatur</span> <span class='ocrx_word' id='word_1_197' title='bbox 877 4104 1086 4179; x_wconf 89' lang='lat' dir='ltr'>Ptolemaeus,</span> <span class='ocrx_word' id='word_1_198' title='bbox 1119 4123 1174 4166; x_wconf 87' lang='lat' dir='ltr'>nee</span> <span class='ocrx_word' id='word_1_199' title='bbox 1205 4101 1264 4165; x_wconf 91' lang='lat' dir='ltr'>nisi</span> <span class='ocrx_word' id='word_1_200' title='bbox 1297 4102 1384 4183; x_wconf 87' lang='lat' dir='ltr'>pauci</span> <span class='ocrx_word' id='word_1_201' title='bbox 1412 4122 1478 4165; x_wconf 87' lang='lat' dir='ltr'>eum</span> 
     </span>
     <span class='ocr_line' id='line_1_22' title="bbox 125 4198 1480 4297; baseline -0.006 -19"><span class='ocrx_word' id='word_1_202' title='bbox 125 4198 293 4297; x_wconf 78' lang='lat' dir='ltr'>Goperniuo</span> <span class='ocrx_word' id='word_1_203' title='bbox 308 4213 407 4278; x_wconf 82' lang='lat' dir='ltr'>faeere</span> <span class='ocrx_word' id='word_1_204' title='bbox 422 4214 584 4279; x_wconf 87' lang='lat' dir='ltr'>audebant.</span> <span class='ocrx_word' id='word_1_205' title='bbox 620 4212 817 4294; x_wconf 83' lang='lat' dir='ltr'>Astrologiae</span> <span class='ocrx_word' id='word_1_206' title='bbox 832 4218 933 4274; x_wconf 86' lang='lat' dir='ltr'>autem</span> <span class='ocrx_word' id='word_1_207' title='bbox 951 4211 981 4274; x_wconf 92' lang='lat' dir='ltr'>in</span> <span class='ocrx_word' id='word_1_208' title='bbox 1000 4211 1178 4275; x_wconf 87' lang='lat' dir='ltr'>servitutem</span> <span class='ocrx_word' id='word_1_209' title='bbox 1199 4208 1245 4272; x_wconf 88' lang='lat' dir='ltr'>ita</span> <span class='ocrx_word' id='word_1_210' title='bbox 1268 4217 1390 4271; x_wconf 85' lang='lat' dir='ltr'>asserta</span> <span class='ocrx_word' id='word_1_211' title='bbox 1412 4216 1480 4271; x_wconf 89' lang='lat' dir='ltr'>erat</span> 
     </span>
     <span class='ocr_line' id='line_1_23' title="bbox 125 4315 1478 4404; baseline -0.004 -19"><span class='ocrx_word' id='word_1_212' title='bbox 125 4321 323 4395; x_wconf 86' lang='lat' dir='ltr'>astronomia,</span> <span class='ocrx_word' id='word_1_213' title='bbox 350 4329 398 4399; x_wconf 88' lang='lat' dir='ltr'>nt,</span> <span class='ocrx_word' id='word_1_214' title='bbox 427 4320 534 4404; x_wconf 88' lang='lat' dir='ltr'>quibus</span> <span class='ocrx_word' id='word_1_215' title='bbox 556 4321 635 4385; x_wconf 87' lang='lat' dir='ltr'>hane</span> <span class='ocrx_word' id='word_1_216' title='bbox 657 4319 784 4384; x_wconf 84' lang='lat' dir='ltr'>docendi</span> <span class='ocrx_word' id='word_1_217' title='bbox 805 4338 910 4381; x_wconf 90' lang='lat' dir='ltr'>munus</span> <span class='ocrx_word' id='word_1_218' title='bbox 937 4317 1055 4399; x_wconf 83' lang='lat' dir='ltr'>publice</span> <span class='ocrx_word' id='word_1_219' title='bbox 1082 4315 1258 4380; x_wconf 90' lang='lat' dir='ltr'>mandatum</span> <span class='ocrx_word' id='word_1_220' title='bbox 1286 4323 1366 4392; x_wconf 85' lang='lat' dir='ltr'>erat,</span> <span class='ocrx_word' id='word_1_221' title='bbox 1380 4315 1478 4393; x_wconf 74' lang='lat' dir='ltr'>¹illam</span> 
     </span>
     <span class='ocr_line' id='line_1_24' title="bbox 125 4429 524 4511; baseline 0 -19"><span class='ocrx_word' id='word_1_222' title='bbox 125 4430 299 4511; x_wconf 77' lang='lat' dir='ltr'>impugnem</span> <span class='ocrx_word' id='word_1_223' title='bbox 321 4429 409 4493; x_wconf 79' lang='lat' dir='ltr'>netas</span> <span class='ocrx_word' id='word_1_224' title='bbox 432 4436 524 4493; x_wconf 85' lang='lat' dir='ltr'>esset</span> 
     </span>
    </p>

    <p class='ocr_par' dir='ltr' id='par_1_8' title="bbox 127 4514 1479 4935">
     <span class='ocr_line' id='line_1_25' title="bbox 217 4514 1477 4615; baseline -0.008 -15"><span class='ocrx_word' id='word_1_225' title='bbox 217 4535 332 4610; x_wconf 79' lang='lat' dir='ltr'>Quibus</span> <span class='ocrx_word' id='word_1_226' title='bbox 356 4535 516 4599; x_wconf 80' lang='lat' dir='ltr'>decausis</span> <span class='ocrx_word' id='word_1_227' title='bbox 539 4514 766 4615; x_wconf 62' lang='lat' dir='ltr'>indisciplina,</span> <span class='ocrx_word' id='word_1_228' title='bbox 791 4520 1026 4615; x_wconf 65' lang='lat' dir='ltr'>quadrimus:</span> <span class='ocrx_word' id='word_1_229' title='bbox 1048 4530 1163 4610; x_wconf 86' lang='lat' dir='ltr'>siquid</span> <span class='ocrx_word' id='word_1_230' title='bbox 1187 4530 1256 4592; x_wconf 89' lang='lat' dir='ltr'>novi</span> <span class='ocrx_word' id='word_1_231' title='bbox 1279 4536 1364 4591; x_wconf 89' lang='lat' dir='ltr'>esset</span> <span class='ocrx_word' id='word_1_232' title='bbox 1386 4547 1477 4590; x_wconf 87' lang='lat' dir='ltr'>exeo-</span> 
     </span>
     <span class='ocr_line' id='line_1_26' title="bbox 127 4634 1479 4724; baseline -0.008 -17"><span class='ocrx_word' id='word_1_233' title='bbox 127 4644 265 4724; x_wconf 88' lang='lat' dir='ltr'>gitatum,</span> <span class='ocrx_word' id='word_1_234' title='bbox 289 4643 321 4706; x_wconf 91' lang='lat' dir='ltr'>id</span> <span class='ocrx_word' id='word_1_235' title='bbox 342 4644 373 4708; x_wconf 90' lang='lat' dir='ltr'>in</span> <span class='ocrx_word' id='word_1_236' title='bbox 396 4662 482 4706; x_wconf 86' lang='lat' dir='ltr'>suam</span> <span class='ocrx_word' id='word_1_237' title='bbox 501 4650 696 4706; x_wconf 83' lang='lat' dir='ltr'>remvertere</span> <span class='ocrx_word' id='word_1_238' title='bbox 712 4651 744 4703; x_wconf 90' lang='lat' dir='ltr'>ot</span> <span class='ocrx_word' id='word_1_239' title='bbox 758 4658 877 4720; x_wconf 90' lang='lat' dir='ltr'>augere,</span> <span class='ocrx_word' id='word_1_240' title='bbox 901 4639 928 4701; x_wconf 90' lang='lat' dir='ltr'>si</span> <span class='ocrx_word' id='word_1_241' title='bbox 952 4638 1023 4719; x_wconf 90' lang='lat' dir='ltr'>quid</span> <span class='ocrx_word' id='word_1_242' title='bbox 1045 4644 1129 4699; x_wconf 89' lang='lat' dir='ltr'>esset</span> <span class='ocrx_word' id='word_1_243' title='bbox 1150 4636 1302 4707; x_wconf 82' lang='lat' dir='ltr'>vitiosum,</span> <span class='ocrx_word' id='word_1_244' title='bbox 1326 4634 1356 4697; x_wconf 93' lang='lat' dir='ltr'>id</span> <span class='ocrx_word' id='word_1_245' title='bbox 1376 4653 1479 4696; x_wconf 90' lang='lat' dir='ltr'>emen·</span> 
     </span>
     <span class='ocr_line' id='line_1_27' title="bbox 128 4742 1478 4827; baseline -0.007 -16"><span class='ocrx_word' id='word_1_246' title='bbox 128 4750 210 4827; x_wconf 86' lang='lat' dir='ltr'>dare,</span> <span class='ocrx_word' id='word_1_247' title='bbox 233 4749 438 4814; x_wconf 77' lang='lat' dir='ltr'>difficillimum</span> <span class='ocrx_word' id='word_1_248' title='bbox 461 4749 554 4811; x_wconf 86' lang='lat' dir='ltr'>fuisse</span> <span class='ocrx_word' id='word_1_249' title='bbox 572 4746 674 4810; x_wconf 84' lang='lat' dir='ltr'>secolo</span> <span class='ocrx_word' id='word_1_250' title='bbox 688 4747 767 4809; x_wconf 90' lang='lat' dir='ltr'>XVI</span> <span class='ocrx_word' id='word_1_251' title='bbox 786 4746 913 4827; x_wconf 88' lang='lat' dir='ltr'>ingeniis</span> <span class='ocrx_word' id='word_1_252' title='bbox 933 4747 972 4807; x_wconf 89' lang='lat' dir='ltr'>ad</span> <span class='ocrx_word' id='word_1_253' title='bbox 996 4745 1121 4807; x_wconf 88' lang='lat' dir='ltr'>meliora</span> <span class='ocrx_word' id='word_1_254' title='bbox 1143 4742 1316 4817; x_wconf 83' lang='lat' dir='ltr'>nitentibus,</span> <span class='ocrx_word' id='word_1_255' title='bbox 1342 4748 1478 4821; x_wconf 84' lang='lat' dir='ltr'>apparet.</span> 
     </span>
     <span class='ocr_line' id='line_1_28' title="bbox 129 4847 1479 4935; baseline -0.012 -14"><span class='ocrx_word' id='word_1_256' title='bbox 129 4856 194 4920; x_wconf 84' lang='lat' dir='ltr'>Sed</span> <span class='ocrx_word' id='word_1_257' title='bbox 213 4858 307 4921; x_wconf 86' lang='lat' dir='ltr'>babet</span> <span class='ocrx_word' id='word_1_258' title='bbox 328 4876 413 4920; x_wconf 88' lang='lat' dir='ltr'>mens</span> <span class='ocrx_word' id='word_1_259' title='bbox 434 4865 541 4920; x_wconf 89' lang='lat' dir='ltr'>nostra</span> <span class='ocrx_word' id='word_1_260' title='bbox 558 4864 667 4918; x_wconf 88' lang='lat' dir='ltr'>natura</span> <span class='ocrx_word' id='word_1_261' title='bbox 685 4853 810 4918; x_wconf 87' lang='lat' dir='ltr'>sublime</span> <span class='ocrx_word' id='word_1_262' title='bbox 825 4854 964 4935; x_wconf 89' lang='lat' dir='ltr'>quiddam</span> <span class='ocrx_word' id='word_1_263' title='bbox 979 4861 1011 4914; x_wconf 89' lang='lat' dir='ltr'>et</span> <span class='ocrx_word' id='word_1_264' title='bbox 1032 4859 1173 4923; x_wconf 88' lang='lat' dir='ltr'>erectum,</span> <span class='ocrx_word' id='word_1_265' title='bbox 1197 4858 1231 4909; x_wconf 91' lang='lat' dir='ltr'>ut</span> <span class='ocrx_word' id='word_1_266' title='bbox 1251 4847 1479 4910; x_wconf 82' lang='lat' dir='ltr'>difficultatibus</span> 
     </span>
    </p>
   </div>
   <div class='ocr_carea' id='block_1_8' title="bbox 130 4951 1481 5117">
    <p class='ocr_par' dir='ltr' id='par_1_9' title="bbox 130 4951 1481 5117">
     <span class='ocr_line' id='line_1_29' title="bbox 130 4951 1481 5045; baseline -0.01 -19"><span class='ocrx_word' id='word_1_267' title='bbox 130 4962 256 5044; x_wconf 77' lang='lat' dir='ltr'>ubjeatis</span> <span class='ocrx_word' id='word_1_268' title='bbox 278 4981 338 5027; x_wconf 87' lang='lat' dir='ltr'>uon</span> <span class='ocrx_word' id='word_1_269' title='bbox 360 4962 523 5045; x_wconf 85' lang='lat' dir='ltr'>affligatur,</span> <span class='ocrx_word' id='word_1_270' title='bbox 546 4961 602 5026; x_wconf 88' lang='lat' dir='ltr'>sed</span> <span class='ocrx_word' id='word_1_271' title='bbox 624 4969 729 5024; x_wconf 83' lang='lat' dir='ltr'>eontra</span> <span class='ocrx_word' id='word_1_272' title='bbox 751 4960 867 5023; x_wconf 85' lang='lat' dir='ltr'>nitendi</span> <span class='ocrx_word' id='word_1_273' title='bbox 889 4959 1047 5023; x_wconf 75' lang='lat' dir='ltr'>alacritate</span> <span class='ocrx_word' id='word_1_274' title='bbox 1065 4956 1252 5029; x_wconf 86' lang='lat' dir='ltr'>ineeudetur,</span> <span class='ocrx_word' id='word_1_275' title='bbox 1276 4961 1311 5016; x_wconf 91' lang='lat' dir='ltr'>nt</span> <span class='ocrx_word' id='word_1_276' title='bbox 1332 4951 1481 5015; x_wconf 87' lang='lat' dir='ltr'>destituta</span> 
     </span>
     <span class='ocr_line' id='line_1_30' title="bbox 201 5059 1266 5117; baseline -0.028 2"><span class='ocrx_word' id='word_1_277' title='bbox 201 5066 401 5117; x_wconf 63' lang='lat' dir='ltr'>semma</span> <span class='ocrx_word' id='word_1_278' title='bbox 1255 5059 1266 5107; x_wconf 54' lang='grc' dir='ltr'>ι</span> 
     </span>
    </p>
   </div>
   <div class='ocr_carea' id='block_1_9' title="bbox 0 0 1918 5808">
    <p class='ocr_par' dir='ltr' id='par_1_10' title="bbox 0 0 1918 5808">
     <span class='ocr_line' id='line_1_31' title="bbox 0 0 1918 5808; baseline 0 0"><span class='ocrx_word' id='word_1_279' title='bbox 0 0 1918 5808; x_wconf 95' lang='lat' dir='ltr'> </span> 
     </span>
    </p>
   </div>
  </div>
 </body>
</html>
