3786 5808
733 366 896 419 ememrm
1082 440 1087 449 ,
1451 364 1495 436 dl?

128 524 211 585 dicos
234 544 347 597 novos,
372 526 417 589 nti
440 545 491 592 eos
514 525 587 587 mihi
608 544 733 605 praeses
757 525 976 589 ordinariorum
1000 525 1065 606 (qui
1088 525 1118 587 in
1138 524 1327 588 dedicatione
1349 526 1495 591 nominati

133 616 215 686 sunt)
240 614 340 677 irater
363 616 444 677 illius
458 614 611 694 capitanei
629 613 734 676 itidem
751 632 807 696 pro
821 615 936 696 aliquot
949 615 1160 677 nativitatibus
1176 614 1253 676 dono
1267 613 1361 676 dedit.
1393 615 1496 680 Nolim

135 711 234 765 antem
255 711 388 779 metuas,
412 713 447 766 ut
467 702 565 765 minus
589 703 673 765 dives
698 721 754 783 ego
778 704 856 765 tium.
895 705 973 765 Narn
989 703 1157 784 hujusmodi
1172 702 1299 785 aucupia
1321 723 1392 765 rara
1413 713 1494 769 sunt

135 790 294 869 Quamvis,
318 792 442 855 siDens
458 792 581 855 cuilibet
595 793 716 854 animali
735 792 818 856 dedit
835 793 1037 855 instrumenta
1055 792 1137 854 vitae
1160 793 1393 870 conservandae,
1417 812 1494 875 quae

135 881 248 943 invidia
271 889 331 955 est,
355 882 381 944 ei
404 881 509 944 eodem
532 882 657 944 consilio
681 890 853 944 astronomo
876 882 1014 963 adjungit
1036 881 1253 962 astrologiam?
1289 881 1369 945 Illud
1392 882 1494 964 itaque

132 970 275 1051 pocumm
297 969 465 1050 Schillingo
489 978 593 1032 nostro
616 970 783 1052 propinavi,
807 970 852 1032 uti
875 971 941 1034 loco
965 979 1017 1035 tuo
1040 972 1251 1051 responderet,
1271 989 1438 1053 precorque
1461 980 1495 1034 ut

134 1079 229 1122 sanus
252 1067 285 1121 et
306 1069 433 1139 vegetus
456 1069 489 1121 et
511 1059 576 1140 ipse
599 1060 792 1140 respondean

225 1146 290 1211 Sed
313 1149 353 1211 ad
375 1148 509 1211 libellum
531 1167 628 1211 meum
652 1151 751 1211 redeo.
797 1147 894 1211 Estne
917 1148 1068 1210 sufficiens
1098 1148 1154 1210 hoc
1177 1168 1216 1210 ex
1237 1147 1413 1211 infelicitate
1436 1147 1493 1211 de·

133 1237 258 1300 ductum
273 1246 489 1318 argumentum,
513 1238 670 1300 materiam
685 1238 795 1300 falsam
810 1237 902 1300 esse?
933 1237 983 1300 An
1003 1256 1118 1317 poenas
1142 1238 1190 1300 luo
1209 1237 1353 1317 juvenilis
1368 1237 1493 1300 temeri-

133 1327 210 1389 tatis
233 1336 267 1390 et
288 1329 450 1417 affectatae
481 1327 631 1406 pompae?
676 1326 827 1407 Typhonis
856 1335 938 1388 certe
965 1326 1098 1389 rationes
1129 1345 1176 1389 me
1208 1326 1282 1389 nihil
1311 1334 1434 1388 movent
1459 1334 1495 1389 ut

132 1416 280 1480 dubitem.
316 1416 397 1478 liam
418 1415 476 1476 etsi
500 1415 619 1478 vitiosis
642 1415 836 1479 abscessuum
858 1415 1101 1497 proportionibus
1125 1413 1324 1497 eOopernico
1347 1414 1493 1487 desumtis

132 1508 183 1579 (ut
218 1524 256 1566 ex
290 1505 356 1587 ipso
387 1504 541 1583 intelligo)
573 1504 837 1584 superaedificavi:
880 1504 984 1565 vitium
1017 1511 1118 1566 tamen
1150 1504 1230 1566 inest
1260 1502 1493 1585 particularibus

131 1594 277 1670 motibus,
303 1594 351 1674 qni
366 1593 506 1673 exiguam
519 1593 650 1655 inierunt
662 1594 852 1655 varietatem.
884 1592 1021 1654 Veniant
1043 1594 1073 1654 in
1096 1593 1192 1656 lucem
1214 1593 1281 1672 ejus
1304 1593 1493 1657 narrationes

138 1685 306 1757 eoelestes3
333 1681 495 1744 videbitur.
539 1682 646 1744 Placet
668 1682 793 1764 optime,
818 1681 1039 1763 deprehendere
1063 1680 1161 1762 ipsum
1184 1682 1386 1758 observando,
1415 1681 1493 1769 quod

140 1792 192 1853 ego
215 1770 425 1834 ratiocinando
448 1770 642 1851 collegeram,
675 1779 824 1852 praeter
851 1770 1045 1833 circuitum
1075 1772 1174 1833 circa
1201 1770 1349 1833 eundem
1372 1768 1494 1837 Solem

138 1861 231 1925 nihil
256 1862 334 1923 lere
362 1859 529 1939 pluribus
555 1859 718 1940 planetis
746 1879 926 1924 commune
954 1879 1034 1922 esse
1059 1859 1199 1923 debere.
1247 1860 1352 1941 Itaque
1375 1878 1493 1923 rursum

135 1950 257 2031 gestio:
288 1949 369 2015 Veni
393 1948 494 2030 Tycho
523 1957 555 2011 et
576 1949 637 2012 noli
661 1951 793 2012 tardare.
838 1949 995 2029 Deponam
1019 1955 1119 2011 antem
1143 1948 1222 2028 apud
1244 1957 1275 2012 te
1299 1968 1396 2012 meam
1420 1966 1492 2028 spe-

135 2040 330 2116 culationem,
353 2046 388 2101 ut
406 2039 502 2118 judex
524 2039 578 2111 sis,
601 2059 640 2101 an
663 2039 823 2102 conveniat
846 2058 912 2100 cum
927 2037 1078 2120 Tychone,
1104 2038 1129 2099 si
1152 2038 1178 2099 is
1201 2038 1337 2114 prodeat
1373 2035 1494 2119 Jupiter

134 2131 230 2191 debet
251 2128 363 2191 habere
387 2128 625 2190 mediocritatem
649 2128 680 2190 in
703 2129 819 2190 duabus
841 2136 941 2190 motus
968 2126 1161 2208 particularis
1190 2126 1403 2209 qualitatibus,
1431 2124 1494 2191 sa-

134 2228 243 2281 turnus
267 2235 424 2279 excessum
445 2216 476 2279 in
499 2236 569 2292 nna,
593 2216 744 2279 delectum
765 2217 794 2280 in
819 2217 930 2292 altera,
954 2216 1040 2279 Mars
1063 2216 1202 2297 opposito
1225 2216 1314 2279 modo
1337 2234 1495 2279 exossam

135 2307 185 2369 vel
211 2306 385 2380 desectnm3
408 2313 472 2367 tres
496 2306 664 2386 superiores
687 2306 799 2368 debent
821 2305 880 2368 alio
902 2305 932 2367 in
957 2322 1066 2385 genere
1085 2304 1242 2386 qualitatis
1256 2304 1380 2381 versari,
1406 2323 1495 2386 qnam

135 2397 194 2459 duo
219 2394 387 2459 inferiores.
433 2394 538 2456 Venus
563 2394 653 2457 debet
679 2394 709 2456 in
738 2395 800 2458 suis
826 2404 926 2473 motus
957 2394 1155 2476 qualitatibus
1183 2414 1250 2457 esse
1281 2393 1421 2476 opposita
1442 2392 1494 2457 uni

136 2485 300 2559 llercurio,
322 2494 358 2546 ut
369 2481 491 2563 Jupiter
504 2483 637 2547 Saturno
655 2492 688 2546 et
699 2484 794 2547 Marti
816 2484 915 2547 simul.
945 2482 1017 2546 Jam
1034 2501 1111 2564 qnae
1134 2483 1172 2545 de
1195 2483 1390 2564 ampliatione
1412 2482 1495 2546 orbis

135 2575 227 2637 annui
249 2573 332 2648 dicit,
357 2582 474 2634 tantm
497 2571 595 2647 abest,
619 2581 655 2634 ut
676 2591 723 2635 me
747 2574 920 2636 absterreat
935 2592 954 2632 a
969 2571 1138 2653 Copernico
1159 2574 1226 2645 (vel
1240 2573 1333 2635 etiam
1347 2569 1401 2635 ab
1423 2589 1493 2635 cor·

136 2663 286 2744 poribus),
311 2670 347 2724 ut
364 2661 466 2742 potius
480 2680 534 2723 suo
548 2662 645 2742 ipsum
659 2661 829 2744 Tychonem
852 2660 954 2743 gladio
978 2661 1066 2724 ferire
1089 2662 1227 2724 mediter.
1260 2659 1360 2733 Quid?
1383 2680 1493 2742 ergone

137 2762 186 2815 tot
209 2750 389 2814 monstrosis
414 2751 543 2812 motibus
567 2758 634 2812 tota
655 2750 750 2813 moles
773 2750 793 2814 5
811 2751 1002 2832 planetarum
1019 2770 1079 2812 una
1095 2770 1162 2812 cum
1176 2749 1259 2827 Sole,
1282 2758 1385 2813 centro
1407 2750 1493 2831 ipso·

136 2861 220 2917 rum,
256 2838 408 2903 volvitur?
453 2836 575 2910 Quanto
604 2839 721 2901 facilius
748 2840 831 2902 credi
857 2846 961 2920 potest
984 2836 1169 2918 Copemico,
1203 2840 1296 2903 solius
1327 2838 1359 2901 id
1382 2838 1493 2901 Terrae

135 2940 218 2993 motu
251 2929 334 2991 fieri:
369 2947 435 2990 cum
465 2929 557 2990 iidem
588 2928 725 3009 utrinqne
752 2922 814 2990 'sint
842 2931 976 2990 effectus.
1023 2926 1084 2990 Sed
1109 2929 1179 3009 quid
1207 2926 1365 3007 egotibi?
1411 2924 1493 2998 Quid

136 3017 296 3103 Tychoni?
341 3016 471 3080 Dubium
495 3036 552 3079 non
586 3025 651 3092 est,
685 3017 755 3097 quin
782 3017 846 3097 ipse
878 3016 935 3078 hoc
964 3016 1126 3097 intelligat.
1172 3015 1292 3096 Ergone
1316 3016 1414 3078 solum
1436 3014 1493 3078 has

137 3109 271 3171 rationes
289 3106 392 3180 habet,
416 3125 491 3187 quas
506 3105 673 3186 Copernico
687 3106 844 3187 opponat?
874 3107 926 3167 An
949 3106 1047 3186 major
1069 3106 1116 3167 his
1137 3105 1304 3167 rationibus
1321 3104 1368 3167 vis
1390 3104 1492 3180 inerit,
1599 3182 1602 3189 Ι

136 3200 186 3261 ubi
210 3197 240 3260 in
265 3196 466 3259 fundamentis
489 3196 552 3258 suis
575 3203 607 3257 et
628 3196 811 3258 sufficienter
829 3194 1118 3258 considerabuntur?
1148 3195 1186 3257 Id
1199 3194 1300 3275 utique
1314 3192 1492 3257 videbimus.

138 3286 228 3351 Certe
253 3286 333 3368 quod
355 3285 443 3362 dicit,
468 3304 502 3347 se
524 3286 554 3347 in
577 3284 653 3347 meis
676 3284 773 3347 literis
796 3285 930 3347 rationes
954 3283 1090 3358 dedisse,
1114 3283 1226 3346 nullam
1248 3283 1364 3365 reperio
1387 3290 1493 3346 contra

137 3384 249 3440 motum
273 3375 398 3449 Terrae,
429 3393 518 3455 quam
546 3374 714 3436 absolutam
742 3375 934 3455 negationem
963 3381 994 3436 et
1021 3372 1128 3435 deinde
1155 3371 1312 3455 physicam
1334 3372 1490 3447 rationem,

138 3484 226 3546 quam
248 3474 282 3527 tu
304 3462 487 3526 sufficienter
509 3463 660 3526 refutasti.
696 3462 775 3525 lllud
797 3463 876 3526 forte
901 3463 960 3526 vim
979 3462 1110 3543 aliquam
1128 3462 1262 3525 obtinere
1281 3460 1388 3541 possit,
1413 3462 1493 3543 quod

138 3564 258 3617 auctam
280 3572 348 3615 esse
370 3553 481 3615 Martis
504 3552 758 3615 ecceutricitatem
783 3550 989 3633 deprehendit
1037 3550 1095 3614 Cui
1117 3551 1228 3614 rationi
1256 3550 1314 3612 duo
1337 3549 1413 3612 haec
1436 3550 1492 3612 ob·

135 3644 216 3724 jicio.
262 3642 397 3703 Primum
418 3649 537 3703 veteres
560 3641 818 3703 ecceutricitatem
840 3642 950 3704 Martis
973 3660 1009 3703 eo
1033 3642 1121 3703 modo
1144 3640 1383 3720 investigarunt,
1407 3657 1495 3720 quem

137 3732 200 3813 ipse
224 3729 454 3793 insufficientem
477 3730 561 3791 dicit.
608 3729 735 3792 Dubites
757 3730 863 3811 igitur,
895 3750 933 3792 an
956 3729 1061 3792 vitium
1089 3729 1118 3791 in
1148 3729 1245 3792 veteri
1267 3726 1492 3807 ecceutricitate

138 3820 234 3883 insit?
266 3819 383 3882 Deinde
399 3817 582 3899 Oopernicus
601 3816 731 3898 viaspero,
753 3837 812 3880 non
835 3817 945 3899 ἀφηλια
969 3818 1164 3900 computavit,
1188 3817 1239 3880 ille
1258 3819 1389 3879 fortasse
1409 3835 1493 3878 com·

139 3909 258 3991 putabit
269 3907 390 3986 ἀφηλια.
423 3907 554 3970 Videtur
572 3908 651 3969 enim
669 3908 772 3986 vigore
791 3902 1001 3990 hypothesinin
1023 3926 1145 3969 suarum
1168 3906 1224 3968 hoc
1247 3907 1349 3968 iacere
1372 3904 1492 3967 debere.

141 3999 239 4062 Valde
262 3998 342 4061 enim
364 3996 524 4059 absurdum
546 4005 638 4072 esset,
662 3996 688 4059 si
711 4003 854 4076 punctum
876 3996 998 4078 aliquod
1020 3997 1050 4057 in
1072 3996 1183 4059 vicinia
1205 3993 1287 4058 Solis
1309 4012 1365 4074 pro
1388 4002 1493 4057 centm

141 4086 161 4152 5
182 4086 372 4169 planetarum
396 4093 573 4148 assumeret.
618 4085 708 4149 Adde
731 4093 764 4146 et
786 4085 872 4155 illud,
896 4085 976 4167 quod
998 4092 1112 4148 certum
1136 4084 1254 4147 omnino
1278 4082 1332 4159 sit,
1358 4091 1494 4145 centrum

141 4173 301 4239 horhiuul
323 4174 381 4255 ipsi
409 4193 466 4236 non
496 4173 663 4257 aequaliter
690 4173 771 4236 circa
794 4174 918 4237 Terram
944 4174 1001 4250 ire,
1035 4192 1102 4235 cum
1130 4172 1290 4254 aliquando
1319 4172 1495 4252 ampliorem

140 4266 293 4348 periodum
315 4265 414 4326 lacere
437 4264 564 4338 debeat,
589 4262 749 4344 aliquando
772 4263 985 4343 augustiorem.
1030 4263 1068 4325 Id
1090 4263 1169 4325 enim
1192 4280 1315 4323 necesse
1339 4270 1389 4323 est
1410 4261 1494 4323 illum

141 4365 272 4417 statuere
301 4354 341 4415 ad
363 4353 446 4415 illam
470 4351 667 4415 differentiam
698 4347 736 4414 1ο
754 4348 810 4414 45’
833 4351 862 4413 in
886 4353 986 4415 Marte
1009 4351 1239 4431 producendam.
1285 4351 1392 4431 ltaque
1415 4368 1493 4411 non-

142 4444 209 4507 dum
231 4462 280 4507 me
307 4451 409 4505 movet
431 4443 506 4504 haec
529 4441 618 4504 ratio.
664 4442 699 4503 In
723 4440 929 4504 librationibus
957 4440 1040 4521 globi
1059 4440 1169 4503 Terrae
1194 4447 1226 4501 et
1247 4438 1363 4503 ratione
1387 4437 1495 4520 aequi-

141 4531 305 4597 noctiorum
318 4530 517 4612 suspicionem
531 4529 651 4612 quidem
669 4530 743 4592 facit
765 4529 890 4610 alicujus
913 4529 1100 4609 incommodi,
1125 4528 1179 4591 sed
1193 4528 1267 4590 nihil
1287 4536 1390 4609 aperte
1408 4527 1492 4590 dicit.

141 4621 205 4704 Ego
228 4641 300 4685 vero
323 4639 383 4683 nou
405 4620 511 4683 terreri
534 4619 589 4682 sed
612 4620 712 4682 doceri
735 4619 814 4682 volo.
859 4619 1097 4681 immensitatem
1118 4619 1215 4681 solam
1234 4616 1341 4694 hahet,
1365 4634 1425 4697 qua
1446 4635 1494 4678 me

142 4730 198 4775 non
220 4710 546 4775 mediocriter-novat.
593 4707 657 4771 Sed
678 4727 734 4770 nos
756 4707 866 4770 mundo
890 4707 1009 4789 quidem
1030 4707 1117 4789 parvi
1139 4724 1256 4782 sumus,
1279 4706 1406 4769 mundus
1428 4704 1494 4767 Deo

141 4821 198 4864 non
222 4810 271 4863 est
293 4816 431 4879 maguus.
467 4796 511 4861 Et
532 4807 602 4862 sunt
624 4797 757 4860 rationes
775 4797 989 4860 immensitatis
1012 4795 1103 4859 illius.
1138 4795 1243 4857 Etiam
1265 4794 1296 4857 in
1318 4794 1374 4858 hoc
1396 4794 1494 4857 minus

141 4910 254 4974 aequus
272 4888 402 4965 videtur,
427 4888 504 4973 quod
517 4886 669 4970 postulat:
694 4886 822 4950 eandem
839 4887 905 4951 dari
926 4885 1150 4967 proportionem
1171 4883 1353 4965 quiescentis
1376 4891 1409 4958 et
1427 4900 1495 4944 mo-

189 4991 396 5047 nudant
1264 4985 1282 5039 4
