3788 5828
722 345 806 397 Β*
824 347 939 397 ΕΜ*
1451 346 1505 414 191

149 500 263 555 uisos
286 500 319 553 ab
341 501 428 566 elapso
451 504 504 556 iere
526 504 618 555 1111111
634 503 781 555 Norenses
797 502 1015 570 attilaeque
1038 507 1065 554 iu
1082 506 1158 557 imm
1175 505 1292 557 11111111
1307 509 1368 557 aoul
1386 513 1510 573 sequentis

150 579 294 635 conspecta.
322 571 424 625 Urauib.
446 573 522 625 1580.
559 574 681 641 Magnum
699 578 836 641 redegerat
854 578 1053 627 otsmcucuan
1069 577 1224 633 thesanruuu
1249 592 1322 643 quern
1348 592 1413 629 auno
1443 577 1509 629 15111

149 645 259 697 fluenca
276 642 400 695 decedens
416 647 522 711 primum
532 647 662 701 Hadriam,
681 646 738 697 dein
757 650 782 697 in
799 647 940 697 Holsatiam
962 648 1089 697 transtulit
1107 649 1141 697 ad
1157 648 1294 699 Esurioum
1305 650 1510 715 Rasaorium,

150 717 189 780 qui
209 716 289 779 ipsum
306 724 464 777 peramanter
482 719 515 768 ad
533 733 560 768 se
579 732 709 782 arcemque
728 733 799 768 suam
809 717 1023 785 Waudesburgum
1039 720 1196 769 invitaverat.
1222 720 1365 771 Rauzovius
1383 722 1459 772 literis
1478 723 1510 772 sd

149 791 322 853 imperatorem
335 785 538 853 Rudolphum
558 789 623 838 duda
636 789 778 852 Tychonem
792 789 900 851 ejusdem
921 790 996 839 larori
1015 791 1204 848 commendarit,
1224 799 1250 840 et
1267 793 1340 856 paulo
1358 799 1415 856 pest
1426 791 1510 856 'lycho

149 858 259 922 ngam
278 860 429 921 arcessitus,¹
445 874 510 909 anuo
524 855 592 909 ists
605 875 698 925 magua
710 860 867 910 humanitate
886 875 903 909 a
919 863 1028 925 principe
1048 868 1164 924 exceptus
1184 870 1236 919 est3
1255 864 1372 912 salarium
1385 863 1436 927 ipsi
1455 879 1510 928 pro·

148 930 251 978 111111111
269 938 379 977 manum
399 926 472 979 ³00⁰
484 945 627 988 aureorum,
646 942 694 980 nec
712 946 762 979 non
780 932 880 981 lendum
899 932 995 999 insigne
1014 939 1040 983 et
1058 932 1144 981 domus
1163 934 1228 982 intra
1245 935 1338 983 urbem.
1374 930 1425 984 Hic
1443 950 1509 985 cour·

149 1007 260 1049 moratus
279 998 398 1049 alacriter
414 1004 441 1051 iu
459 1003 611 1051 observando
628 1002 770 1065 perstabat.
789 1003 847 1052 iude
866 1003 898 1051 ab
917 1001 1017 1051 Octobri
1036 1006 1095 1052 suni
1118 1000 1185 1051 1000
1204 1005 1304 1067 adiutus
1324 1020 1341 1054 a
1358 1004 1509 1069 Keplero,

147 1084 224 1135 qaam
240 1070 332 1120 arada
351 1072 384 1120 ad
402 1086 431 1122 aa
447 1079 594 1124 arcuerat
633 1072 824 1123 01111111111111
842 1086 901 1123 suas
922 1075 948 1122 iu
972 1075 1082 1122 ordinem
1110 1075 1223 1139 redigens
1248 1077 1361 1139 typisque
1386 1092 1416 1125 er
1438 1086 1511 1141 parte

148 1141 273 1193 mandans
290 1141 357 1193 diem
374 1158 515 1208 mpremura
533 1146 594 1195 obiit
613 1142 654 1193 21.
674 1143 730 1195 Oct.
752 1140 817 1193 1001
843 1146 974 1208 repeuuna
996 1151 1075 1195 morte
1094 1145 1218 1209 abreptus.
1256 1146 1377 1211 Magnam
1395 1148 1509 1199 observa·

148 1216 244 1263 11111111
262 1216 483 1265 1111ο1111111111111
501 1223 597 1279 wem
615 1223 776 1280 congesserat
794 1217 820 1265 iu
839 1231 912 1279 opere
931 1217 968 1265 de
986 1230 1070 1265 nors
1092 1217 1199 1266 stella
1217 1220 1277 1266 asni
1297 1216 1380 1273 1572,
1406 1221 1511 1281 primum

149 1300 216 1335 anuo
237 1282 304 1331 1582
325 1284 474 1352 Urauiburgi
491 1287 598 1351 imprimi
616 1296 720 1350 coeptam
742 1287 787 1337 sed
806 1287 899 1337 editum
918 1294 957 1336 est
974 1287 1072 1336 domurn
1090 1288 1238 1337 haeredibus
1255 1287 1403 1350 Tychoaicis
1421 1304 1509 1340 curau-

148 1357 231 1412 tibus,
252 1355 386 1417 edjuraute
404 1360 536 1421 praecipue
554 1358 678 1421 chlerc‚
702 1358 800 1422 Pragae
823 1356 905 1414 1002;
931 1373 993 1407 noro
1013 1359 1084 1408 titulo
1102 1360 1250 1409 instructum
1267 1366 1307 1408 ost
1324 1373 1341 1408 a
1359 1360 1511 1426 Tegnagelic

149 1441 214 1476 anuo
235 1422 318 1485 1010,
345 1428 436 1477 additis
456 1428 564 1492 epistolis
583 1436 609 1478 et
627 1444 700 1492 opere
720 1430 750 1478 de
770 1428 874 1479 Cometa
898 1430 957 1480 suni
978 1426 1061 1487 15773
1091 1429 1196 1495 denique
1220 1445 1333 1481 recusum
1356 1444 1422 1481 anuo
1442 1429 1511 1481 itit
1585 1480 1587 1485 ,

148 1497 303 1547 francofurti
328 1511 383 1548 cum
406 1501 533 1564 posteriori
561 1515 642 1562 opere.
691 1499 837 1564 inscriptum
863 1506 917 1549 est:
954 1502 1179 1549 Astrouomiuc
1207 1501 1412 1552 instauratae
1439 1502 1509 1552 Pro·

148 1575 393 1634 gymnasmata,
421 1586 522 1635 quorum
549 1572 612 1621 haec
634 1572 713 1635 prima
736 1586 792 1634 pars
811 1573 991 1622 restitutionem
1009 1578 1119 1620 motuum
1137 1571 1202 1621 Solis
1222 1579 1247 1620 et
1265 1571 1352 1621 Lunae
1371 1573 1510 1623 stellarum·

149 1641 268 1705 que‘iner
282 1641 379 1689 andum
397 1649 498 1692 tractat
529 1642 561 1690 Et
579 1650 709 1707 praeterea
727 1642 758 1691 de
777 1642 924 1693 admiranda
940 1657 1006 1692 nora
1018 1643 1092 1691 stella
1103 1657 1169 1692 anuo
1184 1640 1252 1690 1572
1272 1650 1357 1692 exorta
1373 1643 1512 1694 luculenter

146 1709 284 1832 :thid
303 1710 1101 1848 timisti,i32¹2tl,¹:¹0⁸„:ll⁶¹iiiltsitsi
1116 1713 1510 1836 “hittlzhttizli

274 1816 281 1840 1

146 1852 238 1908 clucet,
257 1853 394 1917 chlorum
410 1855 532 1905 theoriam
547 1855 644 1913 Lunae,
663 1870 727 1919 quae
746 1856 810 1905 inter
827 1800 933 1922 pliginas
954 1855 1003 1904 112
1022 1864 1049 1905 et
1072 1853 1120 1904 rit
1139 1856 1192 1917 (ed
1211 1858 1270 1905 anai
1293 1853 1373 1917 1602)
1391 1858 1511 1920 peculiari

146 1925 279 1988 signatura
290 1923 439 1988 (01-029)
457 1928 610 1990 intersparsa
625 1935 672 1983 est,
691 1927 845 1983 emendasse,
865 1943 913 1977 uec
931 1943 980 1977 nou
999 1927 1162 1991 appendicem
1180 1934 1206 1977 et
1219 1927 1327 1977 iudicem
1345 1926 1381 1992 (p.
1395 1926 1446 1977 817
1460 1926 1510 1993 sq.)

148 1994 282 2052 addidisse,
301 2002 328 2044 st
346 1997 545 2047 emendationem
563 1998 704 2047 tabularum
723 1998 920 2060 Tyohonicarum
938 2006 1058 2049 tentasse.
1091 1998 1121 2048 Iu
1139 1999 1212 2048 modo
1231 1999 1297 2048 dicto
1315 2000 1437 2050 volumine
1456 2014 1509 2050 ma·

147 2067 326 2129 nusoriptorum
345 2068 448 2131 Kepleri
472 2068 504 2117 ad
529 2068 627 2118 verbum
652 2070 739 2117 eadem
768 2068 989 2132 deprehendimus,
1018 2084 1082 2133 quse
1109 2070 1225 2134 leguntur
1250 2085 1309 2135 pag.
1332 2068 1455 2120 01-029
1484 2078 1531 2121 eta

151 2130 290 2185 112-130
308 2138 566 2205 Progymnasmstum.
604 2138 711 2202 Reliqua
729 2138 852 2202 Tychonis
870 2144 1040 2204 manuscripta
1058 2138 1195 2204 Keplero
1214 2143 1309 2205 tradita
1325 2151 1399 2200 sunt,
1423 2149 1510 2199 ntea,

146 2222 213 2272 quae
231 2210 278 2272 ipsi
296 2210 438 2260 riderentur
455 2211 621 2274 publicatione
640 2211 732 2275 digua,
752 2210 851 2266 ederet;
876 2226 936 2261 usus
960 2213 1046 2262 estiis
1065 2213 1227 2261 cumstudiir
1246 2215 1432 2264 astronomicis.
1457 2222 1511 2263 tum

146 2281 172 2328 lu
191 2279 352 2330 conficiendis
379 2281 527 2339 „Tabulis
550 2281 786 2344 Rudolphinis“.
824 2282 919 2332 Publici
936 2284 997 2346 juris
1015 2283 1059 2331 illa
1082 2284 1142 2332 lecit
1167 2297 1232 2332 anno
1252 2283 1351 2333 demum
1372 2281 1439 2332 1072
1458 2285 1509 2334 Al-

146 2349 255 2400 bertus
275 2349 417 2409 Curtius,
443 2352 541 2417 collegii
563 2368 613 2403 soc.
632 2352 692 2402 Jesu
711 2351 895 2419 Neoburgensis
914 2362 1008 2414 rector,
1032 2356 1057 2401 iu
1085 2354 1195 2417 ampliori
1213 2355 1351 2409 volumine.
1377 2356 1509 2419 inscripto:

145 2419 305 2472 Historia
328 2422 512 2473 Coelestis.
549 2423 685 2488 Keplerum
703 2425 838 2472 resultem
858 2423 888 2474 de
912 2427 1019 2474 editione
1042 2424 1157 2474 librorum
1176 2431 1202 2474 et
1218 2427 1440 2491 manuscriptorum
1459 2426 1508 2489 '17-

59 2532 62 2533 γ
144 2490 231 2541 ebonis
250 2496 388 2559 cogitasse,
415 2501 520 2557 apparet
537 2494 648 2559 inspecto
668 2495 714 2544 rol.
734 2492 765 2541 V.
784 2494 1024 2559 Petropolitaunrum
1042 2493 1273 2560 Manuscriptorum.
1310 2496 1348 2546 lbi
1374 2497 1509 2563 deprehen·

145 2564 226 2613 dimus
241 2565 363 2626 judicium
380 2564 482 2629 Kepieri
502 2565 533 2614 de
550 2565 675 2628 Tyohouis
693 2564 760 2615 libris
779 2567 851 2615 editis
870 2567 1018 2633 ineditisque
1035 2565 1127 2615 hocce:

202 2634 229 2701 l)
251 2637 486 2708 Epistularum
507 2646 592 2693 astr.
614 2638 703 2692 liber
722 2638 807 2707 lj'anr
823 2641 968 2694 absolutus
984 2648 1035 2704 cst,
1051 2640 1122 2693 liber
1136 2640 1162 2693 ll
1174 2639 1328 2695 inchoatus
1357 2640 1511 2697 Dubitatur

252 2719 341 2772 ausit
355 2719 563 2773 continuandus.
588 2719 654 2781 Quis
669 2720 740 2772 enim
754 2727 819 2788 post
832 2728 948 2775 mortem
961 2719 1099 2791 Tychonis
1115 2719 1234 2775 libenter
1248 2720 1366 2775 aliorum
1380 2722 1510 2793 vulgabit

252 2797 406 2868 epistolas?
433 2798 463 2852 Si
477 2808 571 2853 tamen
584 2799 680 2869 placet
693 2799 866 2863 haeredibus,
887 2807 1006 2869 possunt
1017 2800 1143 2869 persolvi
1156 2800 1303 2868 epistolae,
1324 2816 1450 2871 quaeque
1464 2819 1509 2856 oc·

252 2887 366 2935 sonunt
386 2880 572 2935 astronomica
588 2895 648 2933 mnu
667 2879 891 2946 responsionibus
907 2880 1045 2950 Tychonie
1066 2880 1187 2948 excerpi.
1215 2879 1260 2932 Sic
1273 2896 1327 2934 nou
1341 2881 1448 2935 frustm
1461 2880 1508 2937 inr-

251 2974 367 3028 pressae
380 2966 463 3012 erunt
477 2960 581 3028 priores
596 2958 719 3028 paginae
733 2966 763 3012 et
776 2959 841 3012 moli
855 2959 917 3013 libri
932 2961 1101 3012 consuletur.
1129 2959 1312 3030 Cogiturerat
1325 2960 1430 3030 Tyebo,
1444 2960 1510 3014 huic

251 3039 432 3109 epistolarum
452 3039 583 3093 volumini
605 3039 708 3109 aliquid
729 3038 887 3092 tabularum
906 3039 1069 3111 adjungere,
1092 3054 1145 3108 quo
1159 3039 1325 3092 vendibilior
1337 3040 1409 3093 liber
1422 3047 1506 3095 esset

253 3120 283 3172 id
296 3120 416 3190 diligens
429 3120 544 3173 relectio
558 3119 740 3188 epistolarum
753 3118 815 3187 ipsa
828 3119 958 3175 monebit.
992 3121 1036 3173 Ad
1050 3119 1123 3173 hano
1141 3134 1200 3171 rem
1223 3120 1337 3173 alendus
1359 3132 1507 3174 amanuen-

253 3199 298 3264 sis,
314 3201 359 3270 qui
370 3198 504 3268 judicium
518 3200 624 3253 habeat
639 3198 667 3252 in
681 3198 724 3252 his
738 3199 831 3252 rebus.

200 3271 234 3346 2)
253 3280 474 3335 Astronomia
493 3278 691 3333 Meshanica
712 3274 828 3349 imprimi
851 3279 951 3333 iterum
970 3285 1079 3348 potest,
1100 3294 1160 3333 curu
1179 3278 1272 3333 adsint
1294 3278 1408 3334 formae.
1442 3278 1508 3334 Dis·

252 3362 380 3415 trahetur
395 3360 545 3414 celerrime.
573 3360 694 3414 Lerinus
709 3360 823 3415 Hulsius
844 3377 879 3415 au
900 3366 1071 3429 potestatem
1091 3359 1198 3413 habeat
1215 3376 1234 3413 a
1247 3359 1377 3432 Tyohonc
1391 3376 1454 3415 eam
1466 3378 1509 3415 re·

252 3441 368 3495 cudendi
382 3446 411 3493 et
424 3456 462 3494 an
475 3456 531 3495 nou
545 3447 684 3503 teneatur,
698 3457 749 3510 pro
763 3457 799 3494 ea
811 3439 972 3510 persolvere
987 3440 1091 3511 aliquid
1104 3440 1257 3494 mercedis?

198 3512 232 3588 3)
252 3521 708 3591 Progymnasmatumastr.
727 3521 828 3583 tomi,
851 3523 885 3575 de
907 3521 994 3575 stelle
1007 3521 1073 3575 anui
1090 3518 1174 3575 1572.
1204 3520 1301 3583 Quoad
1316 3519 1509 3584 sammonico,

251 3619 308 3657 rou
320 3601 516 3655 ridituruadus
537 3599 683 3670 quicquam
705 3602 733 3653 iu
756 3601 809 3653 hoc
828 3617 933 3671 genere
951 3601 1112 3669 [1111111111.
1150 3600 1335 3655 Desideratum
1357 3600 1509 3661 deficatiu

252 3697 324 3752 quae
340 3680 443 3733 alicubi
457 3679 595 3734 latitatis
611 3679 725 3733 scriniis.
748 3679 988 3742 Considerandum,
1005 3680 1071 3751 quia
1084 3680 1156 3734 liber
1168 3690 1234 3749 post
1246 3688 1361 3735 arsrteur
1371 3680 1510 3750 Tychorrls

252 3761 357 3831 prodit,
382 3761 475 3813 ausit
503 3762 629 3813 addenda
652 3759 769 3828 antiqua
791 3760 940 3822 dedicatio,
966 3761 989 3812 si
1013 3760 1181 3823 inveniatur,
1206 3776 1242 3815 an
1260 3776 1333 3814 nora
1356 3761 1509 3823 scribenda,

252 3857 342 3912 eaque
356 3841 401 3893 rel
415 3841 482 3893 dcta
495 3840 546 3894 sub
561 3836 698 3909 'Pythonis
720 3838 840 3899 uomiue,
863 3847 893 3892 et
914 3846 1045 3908 quantum
1064 3839 1124 3893 lieri
1143 3841 1260 3908 poterit,
1283 3841 1358 3911 stylo
1379 3840 1432 3910 ipsi
1447 3856 1509 3893 cou-

251 3929 339 3984 sueto,
355 3935 392 3975 au
405 3936 470 3973 vero
485 3921 536 3973 sub
550 3920 701 3974 haeredum
714 3919 843 3972 nomine?
865 3918 1065 3983 Quaerendum,
1081 3936 1117 3973 an
1131 3926 1161 3971 et
1175 3920 1263 3988 qualis
1276 3920 1412 3973 dedicatio
1426 3937 1509 3990 prae·

251 4004 310 4057 dau
323 4002 360 4054 sit
373 4000 405 4054 iis
421 4000 641 4070 exemplaribus,
661 4015 732 4071 quae
747 3999 866 4071 Caesar,
882 3999 1057 4064 Coruducius,
1072 3998 1233 4064 Berwitius,
1251 4000 1416 4055 Hermartus
1432 4015 1510 4054 ecce·

254 4088 370 4152 perunt;
392 4080 440 4135 ubi
454 4080 546 4135 lateat
561 4080 719 4135 conclusio?

324 4162 357 4215 In
370 4166 441 4230 typo
454 4161 646 4215 desiderantur
660 4160 791 4231 paginae,
807 4175 879 4229 quae
888 4166 992 4215 motum
1000 4159 1098 4213 Lunae
1112 4159 1340 4229 complectuntur.
1362 4159 1512 4215 Schemate

248 4242 310 4311 jaar
323 4242 352 4295 iu
365 4241 443 4312 liguo
458 4241 597 4310 insculpta
610 4246 683 4293 suut
713 4240 918 4310 Typographus
933 4239 1177 4311 Wittehergensis,
1194 4247 1226 4293 ut
1240 4240 1330 4303 audio,
1348 4238 1410 4308 jam
1423 4239 1512 4294 hahet

251 4322 405 4391 pecuniam,
429 4329 462 4374 ut
481 4336 518 4373 ea
531 4320 677 4389 imprimat.
708 4320 820 4393 Pagina
832 4320 922 4389 prima
942 4318 1033 4388 operis
1055 4319 1084 4372 iu
1104 4319 1230 4389 pluribus
1245 4320 1451 4388 exemplaribus
1465 4327 1511 4373 est
1533 4368 1541 4382 Χ

253 4401 355 4456 attrita
367 4407 399 4454 et
411 4401 513 4463 lacera,
528 4401 685 4454 recudenda
699 4400 753 4452 erit
766 4401 865 4454 iisdem
876 4399 961 4469 typis,
976 4416 1010 4451 ue
1026 4400 1061 4452 cb
1076 4399 1148 4452 hunc
1162 4401 1300 4453 delectum
1313 4399 1377 4453 libri
1391 4399 1511 4469 pretinm

251 4481 434 4536 deminuatur.
462 4486 508 4534 An
521 4480 646 4534 Lunaria
657 4478 856 4551 Wittebergae
871 4480 927 4533 siut
940 4479 1119 4549 imprimenda
1137 4488 1167 4533 et
1185 4497 1239 4534 nou
1260 4479 1351 4549 potius
1372 4480 1423 4543 hic,
1446 4496 1509 4533 con·

253 4561 437 4624 siderandum,
461 4579 496 4615 ue
522 4560 613 4631 operis
634 4568 752 4629 patrono
773 4560 887 4614 Caesari
912 4575 982 4613 ansa
1003 4560 1175 4630 praebeatur
1198 4559 1375 4614 succensendi
1399 4560 1433 4613 ob
1456 4577 1510 4614 nou

252 4648 365 4712 gratum
378 4641 469 4696 locum
483 4639 678 4711 impressionis.

198 4715 234 4791 4)
254 4723 624 4790 Progymnasmatum
644 4722 720 4772 Astr.
741 4726 807 4774 tom.
827 4716 861 4773 Il.
886 4721 920 4773 dc
939 4720 1054 4774 Cometa
1072 4732 1098 4772 a
1121 4716 1205 4773 1577.
1244 4718 1329 4772 Liber
1352 4732 1407 4789 qua
1430 4725 1509 4788 perte

254 4800 406 4864 coniectus,
427 4802 512 4857 etiam
532 4802 680 4871 impressus
695 4805 749 4852 111.
779 4798 899 4869 Reliqua
912 4815 978 4870 pars
993 4797 1056 4852 libri
1070 4797 1210 4852 desiderat
1224 4798 1385 4870 diligentem
1399 4798 1508 4851 ordina·

253 4890 350 4938 toreu.
381 4878 477 4954 Tych'o
497 4880 526 4935 ln
543 4879 713 4936 Mechauiois
735 4880 883 4934 secundum
905 4884 936 4934 et
957 4879 1070 4934 tertium
1092 4884 1194 4933 tourruu
1217 4877 1364 4948 distinguit
1385 4878 1414 4931 in
1436 4877 1510 4932 huuc
