3872 5836
726 333 1006 386 mormanno
1141 344 1144 349 ·
1477 329 1541 398 391

279 487 309 552 9)
328 491 402 542 Anno
422 487 500 541 1009.
518 492 552 541 lm
569 487 640 554 11919
661 490 727 542 babo
744 490 786 542 ich
803 491 872 545 disse
889 490 1004 544 Hematb
1021 492 1116 559 gathan
1137 493 1184 543 mit
1201 494 1270 544 91999
1286 492 1391 551 Wrttib,
1409 492 1449 544 die
1466 491 1545 543 daber

188 562 222 612 acl
241 562 321 611 rivum
340 562 467 612 1999919191
484 563 562 613 virdt.

274 634 347 683 Anno
368 630 445 682 1911.
466 635 513 683 den
531 630 574 681 23.
593 631 680 683 Martii
697 634 731 684 ist
748 634 784 685 sio
803 634 934 700 gostorbon
952 636 1002 686 rnd
1019 635 1060 686 ich
1077 636 1122 685 mit
1140 635 1209 685 oinor
1226 635 1349 701 Jungnau
1375 648 1441 685 anno
1462 629 1539 684 162³.

185 703 235 754 den
254 701 279 752 9.
299 704 368 755 Junii
384 704 534 754 viedommb
552 705 723 770 geheyratbet

272 776 346 825 Anno
366 772 444 824 lano.
462 777 497 825 lm
514 775 581 827 Julio
599 776 642 827 bin
659 776 701 825 iob
718 776 745 825 91
761 775 810 826 don
828 776 895 825 'lodi
916 776 996 827 brunk
1015 782 1122 842 gcvest,
1148 776 1255 826 991119
1273 774 1416 827 Krankbeit
1433 775 1543 825 romain

184 845 235 904 iob.
256 846 301 897 du
318 846 361 898 iob
376 848 436 896 mira
452 848 499 897 mit
509 846 639 897 Drincken
657 849 751 897 causirt
767 846 831 906 bab;
848 846 905 898 hott
923 847 989 898 auch
1005 848 1084 898 tellau
1102 848 1142 899 die
1154 847 1309 912 Vnporisobs
1322 845 1466 918 Krapkhoit
1477 860 1540 897 var·

184 917 242 974 dou,
261 917 321 968 aber
339 918 379 967 dio
397 918 534 982 Experienn
552 917 603 967 vnd
621 918 699 967 l'leias
718 917 762 969 dor
779 919 869 969 modici
888 918 944 969 dem
962 918 1035 969 baldo
1053 920 1251 970 bovorkommen.

272 985 300 1049 d)
319 988 373 1039 Das
391 988 509 1056 Podagra
534 989 599 1041 habe
622 988 662 1039 ich
686 985 850 1040 99991920.
877 990 912 1040 im
934 990 1003 1055 April
1029 990 1192 1050 bokomsn,
1221 990 1281 1041 abor
1306 989 1383 1057 gehst
1407 988 1457 1040 bias
1482 987 1542 1039 dato

183 1057 339 1126 9999999

283 1321 364 1395 Jarn,
389 1322 566 1387 exhibentes
596 1323 732 1398 libellos,
764 1343 839 1404 qnos
861 1324 1012 1405 Kepleros
1043 1326 1225 1407 conscripsit
1252 1325 1303 1387 de·
1322 1323 1413 1389 rebus
1441 1330 1542 1385 astro·

189 1411 311 1493 logicis,
335 1431 382 1486 ea,
407 1431 483 1492 9999
506 1412 535 1475 in
560 1413 682 1477 exordio
696 1413 896 1493 praelationis
912 1416 956 1494 (p.
972 1410 1052 1489 991)
1074 1415 1215 1489 diximus,
1238 1414 1391 1488 iteramus,
1417 1421 1544 1493 quatuor

187 1510 305 1565 tantum
330 1498 572 1577 Calendaria,
597 1521 741 1565 annorum
767 1499 862 1566 1598.
889 1500 984 1567 1599.
1013 1500 1106 1568 1605.
1132 1512 1163 1566 91
1184 1498 1289 1580 1619,
1309 1501 1461 1565 hincinde
1476 1500 1540 1563 col-

179 1590 263 1653 lecta
293 1609 349 1651 nos
375 1609 541 1671 proponere
564 1609 665 1671 posse.
712 1588 894 1653 (1919999919
909 1591 978 1653 9991
997 1588 1091 1656 111115.
1117 1591 1252 1655 additum
1276 1601 1325 1653 991
1349 1588 1540 1667 ,1991191999ιι

182 1680 220 1741 de
245 1680 337 1760 stella
364 1698 442 1740 nova
474 1680 505 1740 in
538 1679 741 1759 serpentario,
775 1680 853 1759 quod
885 1679 1072 1759 inlinguam
1105 1682 1232 1745 19119999
1262 1699 1383 1743 versum
1415 1677 1542 1741 insemit

179 1768 332 1847 Kepleros
369 1766 445 1829 libro
479 1767 546 1843 „De
570 1767 670 1831 Stella
701 1767 810 1832 Nora⁴⁴
845 1770 927 1850 (cap.
951 1768 1071 1845 XXV.)
1105 1789 1193 1853 quem
1225 1770 1386 1831 secundnm
1419 1767 1543 1830 exhibet

177 1857 339 1919 Volnmcn.

273 1946 329 2007 His
346 1941 539 2007 calendariis
558 1950 681 2006 servato
695 1944 841 2023 temporis
866 1945 968 2006 ordine
988 1945 1163 2007 intermixta
1185 1953 1275 2009 sunt:
1299 1943 1539 2007 Dissertatio

183 2035 228 2096 de
253 2033 516 2096 Fundamentis
539 2032 789 2112 Astrologiac
813 2040 846 2095 et
866 2033 1058 2096 Jndioium
1081 2034 1124 2096 do
1146 2036 1292 2115 trigono
1316 2034 1441 2114 igneo.

274 2121 414 2184 Secundo
433 2122 500 2184 loco
523 2122 678 2202 seqnitur:
708 2121 924 2204 Responsio
946 2122 1099 2203 Koplori
1128 2125 1172 2185 ad
1194 2123 1366 2186 Roeslini
1388 2123 1538 2184 Discur-

178 2231 275 2287 snm,
310 2230 413 2292 qnam,
447 2211 506 2272 etsi
528 2211 637 2272 librum
660 2211 697 2273 (19
721 2210 822 2274 Stella
844 2213 933 2274 Nova
957 2231 994 2274 ex
1016 2220 1104 2291 parta
1128 2212 1247 2293 quidem
1269 2219 1405 2293 spectat,
1437 2219 1539 2273 astro·

186 2300 293 2381 logicis
317 2308 417 2361 tamen
443 2300 664 2380 adjungendam
689 2302 858 2363 censuimus
882 2301 1018 2381 scriptis,
1042 2301 1152 2384 quippo
1176 2320 1253 2383 9999
1277 2301 1391 2364 9919991
1414 2308 1538 2362 999199-

180 2389 257 2452 tiam
280 2388 405 2469 Kepleri
428 2389 465 2450 de
490 2408 562 2450 vera
585 2396 617 2449 91
640 2389 719 2450 19199
742 2389 917 2469 astrologia.

207 2541 213 2553 ,
271 2477 375 2540 Τ99119
391 2477 518 2557 deniqne
534 2477 615 2539 loco:
643 2478 814 2552 ,Tertius
829 2477 1115 2540 Interveniens“
1155 2477 1398 2559 „Responsioni“
1415 2476 1539 2560 propius

182 2574 332 2644 cognatus
357 2565 486 2641 libellus,
511 2585 568 2646 999
591 2565 719 2646 primum
741 2568 920 2630 terminatur
943 2567 1091 2630 volumen.
1179 2607 1191 2627 .

274 2653 458 2718 Calendaria
481 2655 605 2735 Kepleri
628 2654 721 2717 nihilo
744 2673 868 2735 prorsus
892 2656 1032 2723 differunt
1056 2677 1074 2716 a
1093 2653 1285 2718 calendariis
1310 2655 1379 2717 aliis
1401 2653 1484 2715 illius
1507 2662 1539 2715 et

182 2743 364 2824 posterioris
395 2744 552 2826 temporis.
596 2743 765 2824 Adscripta
787 2752 859 2806 sunt
881 2743 1016 2823 singulis
1030 2744 1098 2805 anni
1127 2743 1233 2805 diebus
1261 2743 1364 2822 signa,
1399 2760 1475 2821 qnae
1498 2742 1539 2804 ad

179 2842 276 2895 artem
308 2834 456 2896 medicam
488 2842 521 2894 et
548 2832 779 2914 agriculturam,
813 2852 868 2895 nec
896 2851 955 2894 non
979 2851 1055 2912 qnae
1084 2833 1122 2893 ad
1146 2838 1346 2911 tempestates
1373 2829 1536 2910 pertinent,

180 2921 306 2985 adscitis
333 2924 522 3002 planetarum
554 2921 737 3003 aspectibus.
784 2919 886 2992 Quare
911 2920 1093 2986 calendaria
1126 2920 1178 2981 illa
1207 2938 1266 2981 non
1289 2919 1407 3000 integra
1429 2918 1536 2998 impri-

182 3012 305 3087 menda,
341 3010 551 3088 „Praetioam“
577 3018 695 3074 tantum
726 3009 787 3073 illis
811 3011 1013 3092 subjunctam,
1049 3028 1137 3091 quam
1161 3009 1291 3072 lectores
1314 3009 1433 3072 illorum
1455 3015 1536 3069 tom-

179 3119 284 3183 porum
308 3101 394 3163 avide
419 3099 646 3183 exspectabant,
669 3100 893 3181 proponendam
916 3098 1095 3164 censuimus.
