3788 5828
718 367 922 433 ussum
1245 324 1253 345 ⁰
1434 368 1501 437 239

140 525 276 591 ommhus
301 524 467 606 generatim
489 524 617 604 egaea
639 533 673 589 et
695 526 759 589 sine
784 546 844 609 qno
865 526 942 591 nihil
954 534 1047 602 esset,
1071 527 1157 606 cujus
1171 525 1375 607 cognitionem
1389 490 1498 608 capere

140 633 224 677 meus
245 624 353 678 nostra
373 621 489 694 posset
535 615 643 695 ltaque
665 616 744 677 hanc
767 615 993 679 demonstrandi
1017 615 1165 679 radonem
1193 634 1232 677 ex
1255 617 1422 696 geometria
1444 636 1500 679 ceu

20 686 22 725 Γ
139 703 276 784 exemplo
307 705 476 766 desumtam
508 704 704 767 excoluerunt
735 714 767 766 et
796 705 826 767 in
859 706 986 767 formam
1018 706 1094 767 artis
1123 704 1257 783 adeoque
1290 712 1323 767 et
1353 706 1499 771 scientiae

138 792 332 872 redegerunt,
357 812 434 873 quae
459 792 584 872 logica
608 793 727 855 dicitur.
776 792 938 855 Vocabnla
960 802 994 859 et
1016 801 1050 855 ut
1070 792 1218 873 loquimur
1239 793 1400 868 terminos,
1424 813 1499 875 qnos

139 883 168 943 iu
192 880 360 960 geometria
392 889 581 960 repererunt,
615 883 806 944 retinuerunt
829 882 905 944 adeo
929 882 1051 956 crebro,
1084 890 1119 947 ut
1141 900 1253 961 negare
1281 901 1369 944 nemo
1391 883 1498 962 possit

138 970 188 1032 lta
210 969 470 1050 hypotheseos
492 988 553 1033 vox
576 988 691 1051 quoqne
716 970 916 1033 usitatissima
939 979 991 1033 est
1015 970 1198 1043 indoctrina
1211 971 1500 1035 demonstrationum

138 1059 217 1139 apud
239 1057 450 1121 Aristotelem·
498 1055 576 1122 Cum
600 1058 702 1140 itaque
726 1060 842 1139 logicae
865 1059 1037 1139 jurisdictio
1064 1077 1119 1138 per
1141 1078 1245 1123 omnes
1267 1067 1375 1137 pateat
1397 1060 1499 1127 soen-

138 1148 214 1220 tias,
246 1167 285 1209 ex
313 1147 414 1228 logica
436 1166 552 1229 quoqne
581 1147 610 1209 in
634 1149 902 1211 astronomiam
926 1167 986 1210 roa
1014 1148 1216 1229 hypotheseos
1243 1148 1417 1213 introducta
1439 1158 1517 1224 est·

138 1254 214 1315 quse
237 1237 287 1297 vel
310 1236 375 1301 siue
398 1236 499 1315 logica
521 1244 645 1316 propter
668 1237 751 1298 solas
775 1237 1047 1299 demonstrationes
1070 1237 1102 1299 iu
1120 1237 1308 1299 ashonomia
1330 1238 1498 1316 geometri·

138 1343 190 1385 cas
224 1332 256 1386 et
279 1324 323 1386 sic
346 1325 475 1403 genuino
499 1325 616 1387 nomine
641 1325 854 1406 usurpabatur.
901 1325 1095 1407 Hypothesin
1113 1334 1216 1387 autem
1238 1324 1398 1406 ingerere
1422 1326 1499 1389 dici-

137 1432 217 1486 mus‚
253 1413 395 1494 quidquid
418 1413 457 1475 ad
487 1432 693 1495 quamcunque
726 1415 1013 1477 demonstrationem
1045 1422 1206 1494 procerte
1234 1424 1267 1476 et
1293 1415 1499 1479 demonstrato

138 1502 274 1564 affertur.
321 1501 372 1563 Ita
400 1501 429 1563 iu
454 1501 534 1563 omni
558 1502 732 1583 syllogismo
755 1503 939 1584 hypotheses
966 1504 1037 1565 illae
1060 1510 1144 1576 suut,
1174 1520 1249 1582 quas
1277 1503 1501 1582 propositiones

138 1590 202 1653 sire
225 1590 411 1668 praemissae
434 1589 526 1653 aliter
548 1591 686 1652 dicimus.
733 1592 769 1652 In
792 1592 926 1672 longiore
941 1610 1012 1653 vero
1032 1591 1300 1665 demonstratione,
1324 1610 1401 1671 quae
1419 1593 1498 1654 mul-

138 1687 188 1740 tus
219 1677 314 1741 hahet
343 1678 535 1759 syllogismos
568 1679 796 1755 subordinatus,
833 1681 996 1760 primorum
1032 1679 1274 1761 syllogismorum
1310 1680 1498 1759 praemissae

139 1766 278 1831 dicuutur
308 1767 502 1848 hypotheses.
550 1769 600 1830 lta
631 1768 662 1829 in
690 1768 917 1843 astronomicis,
944 1768 1070 1850 quoties
1100 1787 1139 1830 ex
1165 1768 1217 1842 iis,
1247 1786 1324 1848 quae
1352 1769 1383 1830 in
1411 1769 1497 1831 coelo

138 1856 299 1936 diligenter
322 1864 355 1917 et
376 1864 448 1936 apte
471 1857 583 1919 attenti
606 1856 750 1930 vidimus,
779 1856 892 1937 aliquid
925 1875 1113 1920 numerorum
1135 1865 1169 1919 et
1195 1857 1355 1935 figurarum
1379 1876 1435 1937 ope
1459 1857 1497 1920 de
1547 1874 1551 1881 ·

138 1945 238 2018 stella,
264 1962 353 2024 quam
376 1944 656 2018 observaveramus,
681 1946 939 2009 demonstramus:
963 1954 1035 2009 tunc
1054 1966 1099 2019 sa,
1125 1964 1214 2027 quam
1233 1945 1295 2007 dixi
1314 1946 1497 2020 observatio,

138 2035 167 2095 in
189 2033 332 2095 instituta
349 2032 611 2110 ‚omnisciens
630 2034 666 2095 ht
686 2034 874 2116 hypothesis,
898 2052 1096 2115 superquam
1118 2033 1281 2114 praecipue
1304 2034 1497 2097 demonstra·

138 2122 182 2184 tio
204 2120 381 2187 exstruitur.
1310 2162 1316 2167 -
1484 2120 1492 2133 '

226 2208 366 2275 Geuaina
388 2209 464 2271 haec
486 2218 536 2270 est
559 2210 643 2272 vocis
666 2209 844 2291 hypothesis
867 2209 962 2273 notio.
1008 2210 1044 2271 In
1067 2209 1168 2288 specie
1196 2218 1316 2286 tamen,
1345 2228 1413 2271 cum
1435 2230 1494 2274 nu·

137 2318 220 2363 mero
244 2297 445 2363 multitudinis
469 2299 751 2361 astronomicas
776 2299 901 2361 dicimus
935 2298 1179 2381 hypotheses,
1213 2298 1340 2363 facimus
1362 2298 1393 2359 id
1416 2318 1498 2361 more

137 2388 309 2451 scholarum
332 2386 421 2465 hujus
444 2387 549 2460 seculi,
573 2387 770 2467 designantes
795 2406 940 2449 summam
958 2388 1107 2468 quandam
1126 2388 1355 2467 conceptionum
1369 2387 1500 2451 celebria

140 2477 269 2556 alicujus
293 2474 435 2546 artificis,
464 2494 502 2536 ex
521 2475 628 2555 quibus
647 2485 743 2539 totam
766 2476 818 2538 ille
840 2477 989 2539 rationem
1010 2483 1145 2539 motuum
1172 2476 1350 2539 coelestium
1372 2476 1498 2541 demon·

140 2576 234 2631 strat:
270 2585 329 2646 qus
357 2562 387 2625 in
420 2584 536 2626 summa
558 2563 663 2626 insunt
692 2583 759 2626 cum
780 2565 925 2645 physicae
952 2572 1016 2627 tum
1042 2566 1246 2645 geometricae
1275 2563 1498 2645 propositiones

140 2674 254 2727 omnes,
281 2660 429 2734 quotquot
450 2654 490 2717 ad
513 2659 610 2714 totum
633 2671 707 2731 opus
731 2661 905 2717 astronomo
928 2654 972 2715 illi
994 2653 1180 2733 propositum
1203 2652 1405 2716 asciscuntur:
1434 2655 1499 2716 sire

139 2745 210 2807 illas
235 2741 357 2803 aliunde
381 2741 421 2802 ad
444 2760 529 2803 suurn
553 2741 740 2803 commodum
763 2742 956 2803 transtulerit
977 2742 1105 2811 mtilex,
1128 2742 1192 2803 sive
1216 2749 1309 2804 antea
1330 2761 1369 2805 ex
1392 2742 1499 2806 ohser-

143 2831 316 2895 nationibus
349 2829 622 2904 demonstraverit,
666 2837 698 2889 et
725 2830 791 2908 jam
828 2830 879 2891 via
908 2830 1063 2908 reciproca
1099 2846 1202 2892 secum
1239 2830 1450 2892 demonstrata
1480 2850 1501 2891 a

137 2922 274 2983 discente
298 2917 355 2980 sibi
378 2937 433 2979 ceu
457 2917 643 3000 hypotheses
667 2917 790 2978 wnoedi
813 2918 962 2997 postulet,
986 2917 1154 2998 exquibus
1177 2918 1222 2979 illi
1245 2926 1278 2979 et
1300 2935 1352 2979 eos
1376 2919 1499 2998 (quibus

137 3010 222 3073 initio
246 3027 348 3069 secum
371 3006 582 3088 hypothesium
607 3009 673 3068 loco
696 3026 768 3067 usus
792 3009 874 3080 erat)
898 3006 1077 3069 observatos
1090 3006 1249 3067 stellarum
1273 3006 1358 3067 situs.
1374 3015 1406 3067 et
1424 3025 1500 3088 qnos

135 3116 225 3179 porro
240 3097 380 3159 similiter
394 3095 585 3175 apparituros
600 3102 715 3175 sperat,
732 3095 918 3157 necessitate
932 3093 1123 3177 syllogistica
1139 3094 1415 3159 demonstraturum
1427 3096 1498 3175 pol·

136 3189 274 3250 liceatur.
318 3184 391 3247 Dixi
414 3185 484 3264 quid
507 3184 549 3247 sit
572 3184 759 3266 hypothesis.
808 3184 918 3247 Dicam
946 3192 980 3247 et
1001 3184 1121 3265 qualern
1144 3203 1213 3245 esse
1237 3183 1378 3262 justam
1399 3185 1498 3266 hypo-

136 3275 238 3340 thesin
262 3274 303 3337 sit
325 3292 459 3336 necesse.

227 3362 304 3427 Cum
328 3362 358 3424 in
381 3361 463 3425 omui
491 3360 653 3441 disciplina
681 3370 746 3424 tum
769 3360 799 3423 in
822 3361 1008 3426 astronomia
1030 3379 1162 3442 qaoque,
1194 3380 1271 3442 quae
1294 3362 1498 3425 concludendo

137 3456 282 3521 lectorem
306 3452 461 3553 docerpus,
496 3470 535 3511 ea
557 3452 637 3511 serio
662 3450 806 3524 facimus,
836 3451 954 3513 omnino
983 3450 1070 3513 ludos
1097 3470 1157 3513 nou
1181 3450 1345 3530 annuns
1389 3451 1499 3531 ltaque

137 3542 278 3623 quicquid
311 3550 360 3602 est
390 3560 420 3602 rn
451 3539 564 3601 nostris
596 3538 848 3610 conclusionibus,
887 3559 992 3602 verum
1024 3559 1092 3603 esse
1126 3558 1304 3619 persuasum
1341 3538 1497 3606 hahemus.

137 3632 232 3694 Porro
256 3637 291 3692 ut
311 3648 415 3691 verum
438 3628 635 3690 concludatur
657 3628 804 3707 legitime,
837 3624 1061 3709 propositiones
1093 3629 1122 3689 in
1146 3629 1338 3710 syllogismo,
1372 3629 1429 3691 hoc
1450 3637 1500 3691 est

138 3720 323 3802 hypotheses
345 3737 434 3778 veras
458 3736 527 3778 esse
551 3734 675 3777 neeesse
699 3723 757 3777 est.
803 3715 880 3778 Tum
904 3718 1022 3779 demum
1045 3717 1203 3779 enimline
1228 3726 1331 3780 uosho
1355 3718 1497 3796 potimur,

137 3820 172 3871 ut
193 3827 297 3870 rerum
320 3806 428 3868 lectori
450 3805 660 3878 ostendamus,
684 3823 751 3865 cum
775 3803 952 3885 hypothesis
974 3814 1100 3884 utraque
1124 3805 1312 3885 undiquaque
1335 3824 1409 3868 vera
1431 3806 1499 3886 lego

137 3895 328 3979 syllogistica
359 3895 391 3955 iu
419 3894 642 3956 conclusionem
668 3893 785 3955 directa
812 3892 913 3955 fuerit
958 3893 1005 3955 At
1036 3893 1062 3954 si
1093 3912 1176 3955 error
1206 3894 1256 3956 vel
1283 3892 1313 3955 iu
1341 3902 1497 3975 utramque

137 3987 188 4047 vel
211 3985 241 4046 in
267 3985 445 4059 alterutram
467 3982 703 4062 praemissarum
727 3981 939 4063 hypothesium
960 3981 1124 4062 irrepserit,
1150 3981 1209 4043 etsi
1231 4000 1335 4045 reram
1348 3982 1499 4046 interdum

137 4077 168 4138 in
192 4072 383 4137 conclusione
407 4073 553 4152 sequitur,
579 4071 609 4133 id
632 4079 747 4148 tarnem
770 4079 804 4133 ut
822 4070 888 4149 jam
910 4070 1026 4148 pridem
1045 4067 1121 4150 Cap.
1150 4069 1177 4132 l.
1202 4071 1261 4133 mei
1284 4070 1380 4152 Myst.
1397 4070 1498 4134 Cosm.

137 4161 289 4243 allegavi,
314 4160 438 4223 fortuito
462 4160 505 4234 lit,
530 4179 585 4221 nec
608 4179 742 4240 semper,
769 4159 825 4221 sed
850 4167 914 4220 tum
942 4158 1061 4221 demum
1088 4179 1156 4221 cnm
1179 4178 1261 4222 error
1283 4160 1498 4239 propositionis

137 4253 226 4315 unius
260 4249 390 4312 occurrit
421 4258 529 4328 aptae,
563 4249 612 4310 vel
641 4267 731 4309 verae
760 4249 808 4310 vel
841 4247 952 4322 falsae,
986 4248 1076 4311 alteri
1105 4249 1144 4310 ad
1172 4267 1276 4311 remur
1308 4248 1496 4313 eliciendum.

136 4339 281 4419 Exempli
303 4339 369 4401 loco
395 4338 582 4400 latitudinem
605 4336 710 4398 Lunae
736 4335 920 4416 Cupernicus
934 4336 1091 4417 supposuit
1109 4357 1169 4401 nou
1182 4346 1233 4401 sat
1250 4355 1408 4417 maguam
1431 4338 1499 4401 visa

137 4437 188 4495 est
210 4429 265 4491 illa
287 4428 360 4489 olim
382 4445 434 4489 cor
458 4426 568 4504 scorpii
582 4432 696 4504 tegere.
744 4423 929 4505 Copernicus
953 4425 1034 4486 falsa
1062 4425 1118 4487 hac
1138 4425 1316 4490 latitudiuis
1337 4426 1498 4508 hypothesi

139 4517 275 4598 coniecit
291 4523 405 4589 umen,
429 4535 465 4575 eo
480 4523 614 4593 tempore
638 4512 807 4592 oportuisse
832 4514 895 4592 tegi
918 4513 1041 4575 stellam
1063 4514 1195 4577 aLuna.
1240 4513 1305 4577 Sed
1322 4515 1401 4577 alter
1414 4534 1499 4579 error

137 4606 291 4671 messuit:
328 4603 473 4667 assumsit
503 4603 583 4664 enim
610 4600 802 4664 latitudinem
829 4602 938 4664 stellae
967 4610 1054 4664 tauto
1081 4603 1228 4665 minorem
1255 4602 1352 4682 justo,
1385 4611 1496 4685 quanto
1539 4658 1541 4661 .

136 4699 235 4761 minor
254 4694 341 4774 justo
364 4691 491 4755 latitudo
515 4690 619 4753 Lunae
641 4688 809 4753 constituta
832 4692 941 4753 fuerat.
987 4690 1105 4771 Atque,
1135 4698 1171 4753 ut
1191 4691 1222 4752 iu
1244 4691 1405 4770 morbis
1427 4711 1496 4755 me

136 4794 250 4851 nentur
272 4781 434 4844 mendaces
457 4787 492 4843 ut
514 4779 577 4843 sint
599 4796 765 4849 memores,
797 4779 844 4841 ita
864 4778 912 4841 hic
935 4778 1032 4841 lslsae
1056 4780 1258 4861 hypotheses,
1281 4797 1384 4841 verum
1407 4778 1498 4845 simol

138 4873 267 4941 fortuito
292 4869 507 4943 oonduoemcs,
527 4867 559 4930 in
581 4885 745 4949 progressu
767 4865 1047 4943 demonstrationis,
1071 4868 1121 4930 uhi
1139 4867 1211 4931 aliis
1232 4873 1323 4946 atque
1337 4866 1408 4929 aliis
1428 4867 1496 4931 loo·
