3786 5808
675 367 884 421 ‘Pavum
1160 360 1164 377 ¹
1434 359 1478 429 bb

130 532 164 593 de
183 529 242 591 bac
264 547 319 592 re:
341 535 376 591 at
397 529 467 610 quia
487 528 666 609 perturbata
687 528 750 592 siut
772 528 907 602 consilis,
931 531 1056 607 propbr
1077 526 1219 607 expirans
1241 523 1386 587 salarium
1400 521 1477 607 Sty·

131 618 236 681 riecum
261 617 447 692 (renunciavi
475 617 573 691 enim,
606 618 702 680 iturus
730 618 760 679 in
787 617 917 698 patriam
946 622 978 677 et
1001 615 1091 677 alium
1115 615 1266 678 domiuum
1290 612 1478 693 quaesiturus

131 709 231 781 libere)
254 707 365 769 suadet
386 707 587 777 vehementer,
613 715 646 770 nt
668 706 781 770 omissa
795 704 1030 784 Wirtembergie
1051 705 1081 766 in
1098 703 1277 766 Bobemiam
1299 721 1389 783 quam
1411 703 1477 784 pri·

129 816 202 859 mum
226 798 367 860 venirem.
411 797 549 859 Incertus
571 797 690 858 haereo.
736 794 789 858 Sic
812 804 912 857 tamen
936 793 1081 868 meditor,
1109 793 1247 855 Lincium
1269 791 1312 853 ire
1336 811 1403 854 cum
1427 792 1477 855 la-

130 886 214 956 milia,
237 886 333 966 eique
356 886 398 949 ibi
420 886 529 950 relicta
549 885 680 966 Pragam
704 894 808 965 petere
830 885 923 955 solus,
946 891 1053 963 etque
1077 883 1142 945 loco
1167 883 1223 944 sim
1247 881 1373 956 iuturus,
1398 882 1479 962 quod

130 975 278 1037 habiturus
301 975 455 1049 salarium,
479 994 567 1057 quem
588 994 673 1055 spem
691 975 755 1055 ejus
774 971 979 1054 extorquendi,
1003 972 1187 1051 provisurus,
1211 977 1354 1051 quantum
1377 969 1478 1034 divina

129 1064 221 1143 gratia
243 1064 316 1126 mihi
339 1064 508 1127 indulserit.
553 1064 600 1125 At
622 1064 648 1125 si
670 1083 782 1144 magna
805 1062 866 1125 sint
887 1062 1075 1124 incommoda
1097 1062 1212 1136 futura,
1239 1077 1378 1120 reversus
1400 1060 1477 1122 Liu-

130 1157 197 1218 cium
219 1174 289 1217 eum
313 1153 430 1217 familis
451 1172 505 1233 per
527 1152 698 1219 Danubium
720 1152 759 1215 ad
781 1170 836 1213 vos
859 1150 1055 1225 contendam,
1079 1150 1144 1212 Dec
1167 1150 1262 1211 vitam
1283 1156 1476 1229 prorogante.
1590 1198 1597 1213 ι

130 1244 292 1307 lledicinae
306 1263 426 1307 cursum
440 1242 628 1322 ampicabor,
652 1241 764 1305 dabitis
782 1240 854 1303 mihi
869 1240 999 1305 fortasse
1013 1239 1302 1320 professiuuculam:
1326 1236 1397 1317 quia
1410 1257 1478 1300 me·
1513 1300 1519 1310 ,

131 1334 239 1396 hercule
264 1353 306 1395 ex
327 1332 421 1396 divite
444 1331 474 1393 in
496 1349 551 1410 spe
574 1331 674 1393 lactus
697 1349 762 1393 sum
785 1330 990 1410 pauperrimus
1008 1347 1041 1390 re
1060 1327 1135 1409 ipsa.
1168 1329 1300 1391 Uxorem
1314 1327 1393 1389 enim
1408 1327 1479 1391 duxi

132 1422 324 1502 erloenplete
339 1423 446 1497 domo;
470 1421 554 1500 cujus
573 1426 641 1481 tota
659 1421 799 1500 cognatio
822 1420 852 1481 in
876 1418 982 1480 eadem
1005 1426 1055 1480 est
1076 1417 1154 1481 navi.
1188 1419 1234 1480 At
1255 1424 1324 1478 tota
1346 1415 1479 1496 ipsorum

131 1510 295 1575 substantia
319 1520 366 1572 est
386 1511 418 1573 in
441 1508 649 1584 immobilibus,
674 1529 751 1591 quae
772 1518 843 1571 suut
864 1507 1030 1582 vilissima,
1054 1507 1143 1569 immo
1166 1525 1203 1567 ne
1227 1504 1346 1587 quidem
1369 1505 1478 1568 vendi-

132 1601 200 1663 bilia
248 1598 366 1662 Omnes
388 1600 450 1662 illis
471 1599 589 1660 inhient
611 1599 676 1661 siue
700 1598 807 1678 pretio.
850 1596 981 1659 Centum
1005 1596 1083 1659 euim
1106 1605 1155 1657 est
1178 1595 1299 1657 decreto
1323 1594 1476 1674 principis,

138 1709 166 1751 ne
182 1690 244 1769 quis
270 1709 312 1750 ea
333 1689 420 1764 bona,
446 1707 522 1769 quae
544 1705 602 1749 nou
625 1686 795 1750 vendiderit
817 1688 898 1749 intra
921 1682 963 1748 45
987 1685 1062 1757 dies,
1086 1684 1177 1747 elicui
1198 1683 1350 1764 pontificio
1374 1684 1475 1745 lucare

138 1779 222 1857 possit
257 1776 342 1841 Sunt
355 1778 430 1840 haec
446 1776 565 1858 quidem
588 1775 702 1855 gravia.
741 1776 786 1839 At
802 1795 861 1837 non
880 1774 1085 1849 credidissem,
1110 1775 1186 1835 adeo
1210 1772 1296 1835 dulce
1320 1791 1398 1847 esse,
1422 1790 1476 1852 pro

136 1868 273 1945 religione,
299 1886 354 1948 pro
374 1865 489 1931 Christi
511 1866 639 1941 bonore,
663 1884 731 1928 cum
752 1865 938 1946 aliquantulo
961 1872 1050 1925 coetu
1073 1864 1199 1927 fratrum
1222 1862 1342 1936 darum,
1366 1869 1476 1923 eontu-

132 1958 221 2020 uelies
244 1957 327 2037 pati,
350 1957 464 2030 domos,
488 1973 589 2033 agros,
613 1954 740 2031 amicos,
766 1953 898 2035 patriam
920 1953 1070 2015 deserere.
1117 1951 1152 2015 Si
1175 1970 1278 2013 verum
1300 1950 1477 2032 martyrium

131 2056 156 2107 et
173 2047 251 2108 vitae
273 2046 399 2125 jactura
421 2042 614 2125 proportione
638 2045 766 2123 quedam
789 2042 968 2123 respondet,
998 2051 1033 2104 ιιι
1055 2060 1112 2124 quo
1135 2042 1232 2122 majus
1255 2040 1396 2102 damnum
1419 2040 1477 2102 boe

130 2136 211 2215 maior
233 2134 357 2197 laetitia
380 2134 440 2196 sit:
472 2132 560 2196 facile
589 2139 637 2194 est
659 2142 692 2195 et
713 2132 788 2196 meri
810 2150 864 2212 pre
886 2131 1043 2211 religione.
1090 2131 1154 2195 Sed
1180 2130 1255 2203 baec
1284 2128 1393 2204 insius,
1425 2126 1477 2190 ubi

129 2224 356 2286 mnvenerimus.
402 2224 472 2289 Non
499 2240 586 2285 cesso
614 2230 714 2284 tamen
743 2221 850 2285 luctari
879 2228 910 2283 et
937 2240 1005 2282 cum
1032 2219 1227 2283 incommodis
1251 2217 1476 2297 temporalibus,

129 2322 156 2375 nt
174 2313 273 2375 banuo
300 2313 410 2386 solvar,
433 2331 471 2374 ne
494 2311 679 2373 decimentur
700 2311 781 2373 bcna
802 2309 904 2372 uxoris
928 2328 1032 2371 meae:
1057 2318 1234 2391 argumento
1254 2328 1273 2368 a
1293 2326 1360 2369 mea
1383 2306 1476 2369 resti-

128 2402 231 2464 tutione
256 2413 359 2481 captu,
383 2420 421 2462 ne
444 2401 486 2463 sit
508 2420 545 2461 ea
567 2400 638 2461 mihi
662 2400 760 2463 fraudi
783 2399 892 2480 potius,
918 2418 1007 2480 quam
1029 2399 1118 2461 bono.
1155 2399 1235 2461 Nam
1255 2396 1282 2457 si
1298 2402 1368 2457 aute
1386 2394 1476 2456 bien·

127 2489 196 2552 nium
217 2511 281 2552 non
305 2491 474 2564 rediissem,
498 2489 726 2552 decimationem
740 2488 914 2569 effugissem
927 2495 958 2549 et
973 2489 1069 2550 multa
1088 2488 1156 2551 alia
1194 2486 1245 2548 Sic
1265 2490 1337 2546 sunt
1358 2483 1477 2566 ἐχθρωι

125 2579 219 2660 ἄδωρα
247 2586 343 2658 omps,
367 2578 471 2659 etqui
495 2586 578 2640 amat
599 2579 728 2660 patriam
752 2585 783 2639 et
806 2578 899 2652 bone,
924 2578 1044 2640 amittet
1066 2578 1139 2640 illa:
1164 2575 1244 2658 quod
1267 2574 1339 2636 mihl
1363 2574 1410 2635 las
1434 2571 1477 2634 sit

125 2668 251 2731 inbunc
274 2687 396 2730 sensum
420 2669 606 2749 detorquere.
645 2668 690 2730 Tu
713 2667 739 2730 si
762 2685 809 2729 me
833 2668 870 2728 de
894 2666 983 2728 rebus
1007 2666 1156 2747 aliquibus
1174 2665 1331 2728 certiorem
1350 2662 1476 2725 reddere

24 2820 26 2839 Ι
125 2757 173 2833 vis,
195 2757 337 2820 Lincium
360 2758 446 2819 mitte
467 2756 572 2819 literas
592 2757 631 2818 ad
650 2756 806 2820 emeritum
820 2762 968 2818 rectorem
982 2742 1200 2817 blemhardum.
1233 2752 1307 2816 Inde
1326 2751 1357 2813 in
1371 2750 1475 2814 Bobe-

124 2847 207 2909 miam
230 2846 317 2908 mitti
339 2853 487 2927 poterunt,
513 2852 567 2907 aut
588 2846 673 2907 uxori
697 2863 783 2908 meae
808 2843 899 2906 tradi.
945 2844 1024 2905 Vale
1049 2852 1081 2906 et
1102 2862 1158 2924 pro
1181 2841 1267 2903 uobis
1291 2859 1353 2902 ora.

204 2931 240 3000 9.
268 2930 319 2999 19.
343 2934 429 3016 Sept.
457 2931 553 2998 1600.
766 2933 806 2995 H.
830 2933 866 2995 T.
913 2930 999 2994 Grat
1025 2931 1188 3012 discipulus

1175 3018 1221 3083 Μ.
1245 3018 1278 3082 J.
1300 3012 1429 3098 Kepler.

721 3268 755 3333 S.
778 3271 816 3334 P.
837 3269 878 3332 D.

205 3380 332 3443 Literas
350 3385 429 3452 tuas,
454 3373 628 3440 clarissime
647 3377 702 3461 vir,
725 3376 910 3456 Praeceptor
927 3374 1109 3449 honorande,
1134 3392 1169 3436 ec
1189 3373 1248 3449 die,
1271 3390 1328 3454 quc
1344 3370 1476 3451 Pragam

125 3470 196 3544 veni,
222 3488 269 3531 sc.
293 3466 324 3532 9.
351 3464 401 3531 19.
427 3463 497 3528 Oet.
521 3467 651 3545 scriptas
675 3468 744 3539 (eae
767 3465 923 3552 Maestlini
945 3465 1053 3527 literae
1076 3465 1209 3538 desunt),
1235 3460 1338 3542 accepi
1356 3459 1475 3540 Pragae

125 3554 152 3619 9.
175 3557 362 3621 Decembris.
406 3555 488 3619 Nam
513 3556 558 3618 ita
585 3563 767 3618 convenerat
792 3575 860 3633 cum
887 3553 1071 3633 Schillingo‚
1105 3563 1139 3616 ut
1164 3551 1264 3615 Linoii
1293 3551 1476 3631 relinqueret

125 3647 244 3720 literas,
268 3647 294 3708 si
318 3665 364 3709 me
389 3642 498 3707 Gratio
522 3644 699 3709 discessisse
723 3644 821 3707 Lincii
845 3644 1051 3723 comperisset.
1098 3640 1232 3723 Cumque
1255 3660 1303 3703 me
1326 3647 1476 3719 quartana

125 3735 269 3799 invaserit
290 3735 319 3797 in
342 3735 459 3809 itinere,
484 3733 542 3796 dici
565 3753 625 3797 nou
648 3741 765 3814 potest,
791 3752 879 3814 quam
900 3731 1144 3795 melancholicum
1167 3730 1239 3793 mibi
1261 3746 1476 3812 paroxysmum

126 3826 277 3889 effecerint
298 3833 368 3887 tuae
391 3824 512 3898 literae,
541 3822 619 3907 quod
647 3840 763 3885 omnem
792 3822 868 3884 adeo
896 3821 1033 3902 spemin
1062 3820 1218 3882 academia
1245 3826 1349 3881 vestra
1371 3814 1473 3899 proci-

125 3914 240 3978 derunt.
271 3912 353 3977 Nam
366 3912 415 3976 bic
428 3912 547 3992 Pragae
570 3913 670 3974 inveni
692 3911 792 3973 omnia
813 3911 1012 3972 incertissima
1035 3919 1068 3972 et
1090 3910 1127 3971 de
1145 3927 1210 3970 meo
1233 3908 1322 3971 vivo:
1346 3924 1473 3969 maneu-

126 4003 190 4066 dum
207 4022 283 4065 vero
302 4003 370 4064 dum
389 4001 600 4064 convalescam
614 4009 667 4063 aut
680 4001 798 4063 moriar.
833 3997 944 4061 Omnia
967 3999 1132 4083 quadruplo
1156 4006 1227 4060 sunt
1248 3995 1355 4076 pretio.
1380 3994 1474 4055 ran-

124 4100 184 4155 tum
206 4090 311 4155 uxoris
333 4111 381 4154 me
404 4090 536 4163 miseret,
562 4108 650 4171 quam
673 4108 788 4151 mecum
811 4088 918 4151 habeo.
951 4088 1082 4168 Pragam
1097 4105 1167 4150 vero
1182 4087 1231 4162 ivi,
1255 4092 1309 4147 aut
1326 4092 1360 4146 ut
1381 4101 1474 4163 prae-

125 4190 237 4245 starem
250 4181 384 4264 Tycboni
399 4180 478 4261 quod
499 4179 632 4260 promisi,
656 4179 683 4240 si
706 4178 804 4241 victus
827 4178 924 4252 detur,
949 4183 1002 4239 aut
1023 4186 1057 4238 ut
1078 4176 1305 4257 praecipuarum
1328 4175 1474 4236 observa-

67 4266 71 4273 ’
126 4273 238 4335 bonnm
261 4288 384 4350 compos
405 4270 516 4332 ierem.
564 4267 600 4330 Id
629 4268 669 4329 sd
694 4268 846 4329 minimum
875 4284 973 4346 spero.
1021 4264 1057 4328 Si
1080 4285 1210 4348 unquam
1232 4263 1270 4326 ad
1299 4272 1331 4325 te
1354 4262 1391 4325 de
1414 4261 1475 4324 tuis

126 4360 262 4441 epistolis
283 4357 472 4439 publicandis
495 4356 613 4438 scripsi,
637 4376 685 4419 me
707 4356 804 4437 ipsum
826 4356 1018 4417 vehementer
1040 4356 1140 4431 miror,
1164 4356 1251 4416 unius
1273 4352 1365 4414 borae
1387 4351 1475 4430 Kep-

125 4448 217 4512 lemm
241 4449 317 4510 adeo
344 4447 495 4510 diversum
522 4466 590 4509 esse
619 4445 657 4507 ab
685 4445 813 4508 omnium
841 4444 980 4507 horarum
1002 4444 1146 4525 Keplero.
1190 4444 1366 4524 Nunquam,
1397 4439 1477 4519 quod

126 4540 228 4609 sciam,
254 4537 384 4600 animum
405 4536 524 4611 induxi,
551 4544 586 4599 ut
608 4534 638 4597 id
662 4536 807 4610 facerem,
831 4553 982 4615 nunqnam
1005 4534 1077 4595 mihi
1100 4553 1164 4596 mos
1186 4534 1245 4595 iste
1268 4529 1394 4611 placuit,
1420 4546 1477 4591 nec

127 4630 281 4690 verborum
304 4625 432 4688 memini.
477 4627 525 4689 Ac
548 4642 659 4707 quaeso
682 4624 790 4701 verba,
817 4632 949 4703 tempus,
978 4624 1092 4698 locum,
1121 4623 1170 4685 vel
1192 4621 1292 4703 potius
1315 4619 1477 4701 epistolem

126 4723 221 4779 totam
243 4717 352 4778 adme
374 4714 470 4778 mitte.

213 4806 260 4867 De
282 4805 342 4867 filio
366 4804 421 4867 tibi
445 4802 589 4868 condoleo
612 4820 651 4863 ex
674 4800 781 4875 auimo,
807 4801 861 4863 sed
885 4820 942 4863 non
966 4801 1082 4862 infirma
1104 4818 1158 4880 spe
1181 4817 1256 4873 sum,
1281 4797 1332 4860 ubi
1355 4795 1475 4871 viderit,

128 4906 239 4974 quauta
254 4893 498 4961 incommoditate
512 4893 631 4957 vivatur
645 4889 724 4976 apud
738 4898 869 4971 exteros,
893 4889 1067 4965 rediturum,
1091 4896 1144 4952 ant
1161 4888 1188 4950 si
1206 4887 1333 4953 manium
1353 4884 1477 4947 servitia
