3844 5842
435 375 499 442 me
826 440 830 445 .
1034 376 1194 425 Prooemium·

526 537 676 614 Keplerns
701 554 789 615 quum
823 536 851 595 in
876 535 974 597 indice
999 548 1143 596 summam
1174 534 1266 595 libelli
1291 535 1337 595 sni
1361 534 1424 613 ipse
1453 535 1630 615 prodiderit,
1659 536 1698 596 nil
1721 554 1779 595 eur·

436 627 514 706 plius
538 624 706 686 addendum
731 624 789 684 ruti
814 642 914 683 snmus
940 625 976 684 de
1000 623 1052 697 iis,
1086 643 1161 703 qnae
1186 624 1288 684 insunt
1311 623 1378 683 hnic
1402 624 1486 684 suavi
1512 623 1669 702 opusculo,
1698 640 1783 701 pree-

439 716 525 793 cipue
541 732 607 773 cnrn
633 714 747 786 eadem,
774 730 850 790 qnae
866 714 894 773 in
911 711 986 772 libro
1002 713 1038 773 de
1053 710 1153 772 Stella
1169 713 1257 773 nova
1272 712 1444 791 conscripto
1468 731 1527 773 non
1542 712 1639 774 omitti
1653 720 1783 791 possunt,

437 804 485 863 hic
509 802 615 861 iisdem
645 802 707 862 fere
736 800 835 860 serbis
863 800 1086 878 praemittenda
1118 800 1255 861 fuissent.
1303 801 1368 861 Hoc
1396 809 1527 875 tantum,
1561 800 1651 882 qnod·
1671 799 1783 877 saepius
1838 840 1841 847 «

438 890 581 963 diximus,
613 908 781 959 monemus,
814 908 851 947 ea
879 889 960 960 loce,
989 888 1017 948 in
1047 888 1153 967 quibus
1182 888 1399 950 defendendam
1432 890 1568 969 suscepit
1594 887 1782 967 astrologiam

438 980 596 1057 Keplerus,
622 995 678 1037 non
705 976 733 1036 in
757 977 844 1055 pejus
868 975 893 1036 ei
919 978 1065 1037 vertenda
1089 996 1165 1045 esse,
1191 976 1260 1055 qnia
1284 987 1315 1038 et
1338 997 1443 1039 munus
1467 976 1602 1040 habebut
1623 974 1783 1039 sansnre

438 1067 665 1138 demandatum,
697 1073 728 1125 et
750 1064 814 1143 ipse
843 1084 893 1135 ea,
927 1065 1033 1143 quibus
1067 1066 1250 1143 astrologiae
1284 1066 1383 1139 „tiliae
1417 1074 1543 1127 matrem
1575 1065 1782 1128 astronomiam

440 1154 570 1217 alentis“
595 1154 662 1232 plus
682 1154 766 1232 justo
791 1153 921 1214 tribuere
946 1153 1077 1224 videtur,
1101 1153 1270 1232 restringit,
1300 1173 1418 1233 semper
1442 1173 1619 1233 comparans
1642 1154 1783 1216 rationem

439 1243 624 1319 astrologiae
648 1262 714 1303 enm
740 1241 791 1302 illa
814 1242 990 1314 medicinae,
1015 1260 1103 1319 quarn
1128 1242 1264 1303 Feselins
1288 1244 1478 1321 profiteatur,
1502 1242 1549 1304 cni
1574 1261 1664 1323 quem
1686 1258 1783 1322 perum

438 1342 523 1394 certa
547 1332 620 1391 fides
646 1338 774 1403 constet,
799 1347 852 1408 per
872 1330 949 1414 joca·
966 1337 998 1390 et
1011 1330 1101 1403 ‘serie
1123 1330 1243 1409 probat.

526 1419 601 1497 Agit
625 1420 661 1480 de
686 1420 741 1479 hoc
766 1418 927 1479 libello·E.
953 1417 1142 1480 Scheibelins
1167 1420 1195 1480 in
1222 1416 1483 1491 „Oelronnmisehe
1507 1418 1713 1480 Nachrichten
1735 1417 1783 1477 der

434 1508 644 1570 Schlesisclren
670 1506 892 1568 Patriotisohen
918 1504 1144 1568 Gesellschait“
1170 1509 1233 1578 (an.
1264 1502 1376 1579 1776),
1402 1509 1539 1569 refutans
1564 1506 1708 1568 vaticinia
1723 1504 1783 1567 Cs-

435 1597 562 1657 lendarii
586 1645 593 1671 ,
620 1596 698 1675 qnod
723 1601 830 1658 vocant
853 1595 997 1657 seculare.
1046 1593 1233 1665 Scheibelins
1253 1596 1384 1655 ‘laudans
1409 1596 1527 1673 quidem
1551 1595 1678 1674 Kepleri
1701 1594 1783 1672 inge·

434 1686 524 1758 nium,
549 1704 614 1745 cum
638 1686 725 1763 longe
750 1684 810 1744 alin
832 1683 891 1763 ipsi
914 1685 956 1745 sit
979 1683 1129 1746 sententis
1152 1683 1240 1744 nimis
1264 1683 1373 1764 premit
1396 1702 1441 1755 en,
1467 1702 1543 1762 qnae
1569 1684 1606 1744 de
1622 1681 1784 1761 astrologis

434 1774 585 1852 Keplerns
618 1773 647 1833 in
681 1773 736 1833 hoc
769 1773 870 1833 libello
903 1772 1057 1851 proponit,
1091 1771 1211 1834 minime
1245 1772 1392 1833 rationem
1420 1771 1535 1833 habens
1560 1787 1679 1845 eorum,
1713 1789 1783 1850 qnse

434 1862 521 1922 modo
546 1861 674 1921 diximus
698 1861 735 1921 de
758 1861 811 1921 ills
834 1861 958 1939 Kepleri
981 1860 1160 1921 conditione.
1416 1866 1422 1873 “

523 1949 698 2009 Schsreri
724 1950 948 2026 responsionem
972 1949 1011 2008 nd
1035 1946 1146 2009 Feselii
1171 1947 1311 2021 libellnrn,
1337 1947 1426 2008 nimis
1449 1947 1589 2009 diffusam
1613 1945 1696 2021 (220
1717 1965 1781 2027 psg.

433 2039 462 2098 in
486 2033 551 2108 4.),
576 2038 604 2096 iu
629 2057 688 2115 qna
711 2036 1020 2114 astrologism‘snxie
1046 2035 1195 2110 defendit,
1227 2053 1306 2095 suno
1334 2031 1428 2097 1611.
1453 2036 1616 2113 prodiisse,
1638 2034 1782 2098 monuisse

433 2124 573 2185 sufficiat.
620 2126 686 2187 Hoc
710 2132 828 2185 tanturn
852 2124 998 2194 addimus,
1024 2122 1204 2201 Schtrerum
1227 2124 1257 2183 in
1280 2123 1364 2185 celce
1389 2123 1457 2185 libri
1473 2125 1517 2185 sni
1543 2133 1693 2187 mortuum
1711 2142 1781 2184 nun·

433 2212 514 2274 ciere
538 2212 687 2276 Feselium
711 2231 813 2274 mense
838 2210 1011 2291 Septembri
1037 2208 1131 2274 1610.
