3838 5824
706 353 1030 409 mem.
1482 348 1547 425 ιω

187 514 314 594 ronse
336 486 514 595 aquense
533 515 564 579 n
586 510 757 595 oopmioo
770 510 944 578 merent.
989 514 1155 578 eruemus
1179 514 1326 595 campan
1349 514 1409 579 nto
1433 519 1547 595 reem,

187 604 273 683 qnasi
304 604 385 676 lusu,
418 603 555 685 perdidi3
587 621 654 665 cnm
686 604 769 664 nulla
803 620 897 684 neque
929 604 1062 684 ipsarum
1099 604 1337 683 proportionum,
1369 622 1466 686 neque
1495 607 1545 669 in-

187 699 406 754 crementorum
437 700 601 772 appareret
634 691 822 771 aequalitas:
854 691 987 772 nihilque
1020 691 1162 753 utilitatis
1190 691 1258 753 inde
1286 694 1424 773 percepi,
1458 712 1548 775 quam

187 781 265 861 quod
289 779 452 843 distantias
475 780 575 860 ipsas,
609 788 643 841 ut
675 776 885 860 aGopernlco
915 780 1055 859 proditae
1088 787 1174 854 sunt,
1208 780 1357 842 altissime
1385 783 1548 846 memoriae
1655 782 1662 797 '

188 868 350 948 insculpsi:
383 868 521 949 qnodque
545 868 621 929 haee
643 867 793 930 variorum
817 875 978 929 conatuum
1001 868 1246 930 commemoratio
1275 874 1358 931 tuum
1381 884 1546 947 assensum,

188 958 301 1029 lector,
324 957 410 1037 quasi
432 955 556 1019 marinis
579 957 734 1030 fluctibns,
765 957 853 1019 anxie
879 956 948 1017 hine
971 957 1039 1018 inde
1058 957 1177 1036 jactare
1200 963 1317 1035 potest,
1342 958 1449 1037 quibos
1472 960 1547 1022 fati·

190 1054 280 1127 gatos
308 1045 435 1125 deniqne
464 1052 553 1106 tauto
581 1043 722 1107 libentius
745 1045 784 1106 ad
807 1062 917 1105 causae
941 1044 996 1106 hoc
1020 1043 1122 1106 libello
1146 1044 1318 1123 expositas,
1342 1052 1485 1125 tanquam
1509 1049 1547 1110 ad

191 1142 288 1197 tutum
315 1142 435 1213 portum
462 1142 493 1193 te
516 1133 655 1212 recipies.
702 1131 948 1196 Consolabantur
970 1151 1017 1193 me
1051 1140 1152 1193 tamen
1183 1132 1307 1194 subinde
1340 1141 1372 1194 et
1400 1135 1429 1196 in
1462 1152 1546 1216 spem

188 1222 342 1285 meliorem
372 1222 532 1301 erigebant
569 1236 636 1282 enm
663 1221 743 1282 aliae
776 1221 926 1293 rationes,
959 1239 1035 1300 qnae
1064 1219 1143 1281 intra
1172 1227 1348 1300 sequentur,
1379 1230 1445 1284 turn
1469 1224 1547 1304 qnod

190 1330 310 1390 semper
340 1319 440 1371 motne
468 1309 644 1371 ἀιιιιιιιιιιιι
672 1326 752 1388 pone
780 1308 867 1390 sequi
889 1308 1062 1383 ridebatur,
1096 1314 1186 1386 atque
1218 1307 1269 1369 nbi
1296 1326 1423 1390 magnus
1446 1312 1547 1374 biatne

191 1409 259 1462 erat
287 1399 366 1461 inter
393 1399 498 1473 orbes,
533 1407 600 1459 erat
627 1405 658 1457 et
679 1397 760 1458 inter
787 1404 896 1458 motus.
944 1394 1031 1466 Quod
1056 1395 1082 1458 si
1107 1396 1311 1475 (cogitabam)
1332 1398 1416 1460 Deus
1448 1409 1547 1462 motus

191 1489 230 1549 ad
254 1487 467 1549 distantiarum
489 1485 708 1566 praescriptum
732 1485 852 1564 aptarit
873 1484 1014 1546 orbibus:
1038 1484 1141 1565 utique
1165 1491 1198 1546 et
1218 1484 1302 1563 ipsas
1320 1485 1484 1550 distantiae
1508 1488 1547 1550 ad

190 1576 318 1656 alienjns
334 1576 385 1637 rei
407 1575 627 1655 praescriptum
651 1566 898 1635 accommodavit.

278 1663 356 1726 Onm
377 1663 471 1743 igitur
492 1663 551 1724 hac
573 1679 634 1723 non
656 1662 846 1737 succederet,
870 1660 933 1722 alia
954 1659 1018 1732 via,
1042 1657 1148 1721 mirum
1171 1674 1262 1739 qnam
1285 1660 1406 1733 audaci,
1429 1663 1546 1725 oneri

189 1753 316 1815 aditum.
362 1753 448 1814 luter
472 1752 580 1812 lovem
609 1756 643 1810 et
674 1750 805 1812 Martem
839 1748 1005 1829 interposui
1037 1765 1145 1809 novom
1176 1747 1384 1827 planetam,·)
1417 1748 1547 1832 itemquo

191 1842 283 1904 abnui
306 1841 386 1904 inter
409 1840 560 1902 Venerem
581 1846 618 1900 et
637 1837 833 1914 Mercurium,
867 1854 944 1918 qnos
963 1836 1040 1898 dnos
1063 1835 1141 1897 torte
1165 1834 1203 1896 ob
1227 1836 1392 1899 exilitatem
1416 1854 1475 1899 non
1497 1839 1546 1900 ri-

191 1930 331 2003 deamne,
355 1927 452 2008 iisque
474 1946 532 1989 ana
554 1936 691 2006 tempora
711 1932 863 2005 ιιιριοιικα
887 1925 1024 2004 ascripsi.
1070 1922 1122 1986 Sic
1145 1920 1225 1984 enim
1248 1924 1475 1999 existimabam,
1500 1942 1547 1988 rns

191 2018 323 2098 aliquam
345 2016 563 2097 aequalitatem
585 2015 810 2096 proportionum
834 2015 1026 2085 effecturum,
1051 2028 1126 2092 qnae
1145 2012 1355 2091 proportiones
1371 2013 1449 2075 inter
1462 2013 1548 2076 binos

190 2124 297 2169 versus
321 2104 425 2168 Solem
456 2105 561 2166 ordine
584 2103 800 2179 minumentnr,
832 2121 940 2165 verens
962 2101 1040 2165 eras
1063 2109 1276 2179 augescerent:
1302 2108 1335 2163 ut
1357 2100 1478 2182 propior
1500 2110 1550 2164 est

191 2195 286 2257 Terra
308 2194 422 2255 Veneti
453 2193 483 2254 iu
511 2192 683 2272 quantitate
707 2192 788 2254 orbis
806 2189 990 2262 ilemstris,
1023 2206 1111 2268 quem
1137 2188 1221 2249 Mars
1247 2188 1359 2251 Terrae
1387 2189 1416 2251 in
1449 2207 1548 2270 quan

189 2282 282 2345 titate
314 2281 396 2344 ornis
427 2280 543 2342 Martii.
589 2281 704 2341 Verum
735 2298 830 2360 neqne
863 2279 949 2340 nnius
979 2277 1122 2355 planetae
1156 2275 1348 2356 interpositio
1380 2276 1551 2340 sufficiebat

190 2370 306 2451 ingenti
329 2369 424 2433 1ιίιωὶ
447 2368 479 2443 ll
501 2376 533 2430 et
555 2376 592 2438 ὁ.
638 2369 785 2445 Manebat
815 2367 894 2429 enirn
915 2365 1014 2445 major
1041 2362 1129 2425 Jovis
1162 2363 1202 2424 ad
1225 2363 1307 2426 illum
1340 2380 1447 2428 :rovum
1474 2382 1549 2445 pro-

191 2460 307 2540 portio,
343 2476 432 2538 quam
467 2464 517 2518 est
543 2455 667 2518 Saturni
702 2457 742 2518 ed
773 2457 895 2518 Jovem:
934 2463 967 2518 et
999 2451 1056 2513 hoo
1085 2458 1177 2531 pacto
1210 2453 1347 2532 quamvis
1380 2454 1548 2516 obtinerem

191 2547 424 2628 qualemcunque
452 2544 691 2626 proportionem,
720 2545 819 2607 nullus
839 2553 942 2606 tamen
966 2559 1035 2604 enm
1062 2540 1178 2602 ratione
1209 2539 1291 2616 dub,
1326 2541 1424 2603 nullus
1447 2548 1549 2604 certus

191 2654 331 2697 uumerus
353 2634 506 2715 mobilium
530 2633 646 2694 futurus
670 2641 753 2702 erat,
787 2652 882 2713 neque
905 2648 1012 2693 rerem
1034 2628 1128 2699 fixas,
1157 2646 1251 2708 usqne
1274 2629 1345 2691 dnm
1368 2629 1439 2691 illae
1462 2629 1548 2709 ipsae

192 2724 401 2786 occurrerent:
433 2741 528 2813 neque
551 2740 658 2782 versus
682 2720 786 2784 Solem
810 2738 953 2801 nuquam,
985 2715 1055 2796 quia
1076 2714 1185 2777 divisio
1213 2716 1305 2796 spatii
1333 2724 1404 2796 post
1425 2717 1549 2780 Mercu·

192 2813 268 2874 rium
292 2810 403 2873 residui
436 2829 490 2890 per
517 2810 594 2871 hanc
624 2809 847 2890 proportionem
874 2809 905 2869 in
931 2806 1079 2871 infinitum
1105 2803 1294 2883 procederet.
1341 2806 1447 2885 Neque
1471 2805 1550 2867 enim

192 2899 231 2961 ab
253 2900 342 2961 ullius
361 2898 475 2960 numeri
494 2897 653 2959 nobilitate
672 2897 836 2977 conjectari
857 2902 996 2976 poteram
1008 2891 1043 2967 ¹),

192 3007 245 3050 cur
266 3005 321 3067 pro
343 2986 466 3048 infinitis
494 2995 558 3047 tam
579 3005 678 3065 pauca
698 2984 820 3046 mobilia
848 2983 1041 3046 extitissent:
1090 3047 1094 3054 ,

191 3076 298 3156 Neque
321 3073 496 3136 verisimilia
518 3073 591 3135 dicit
613 3073 760 3135 Rheticus
787 3072 817 3133 in
846 3092 901 3135 sna
922 3071 1042 3134 Narra·
1089 3057 1116 3162 ξ’

193 3163 284 3237 tione,
309 3181 376 3225 cnm
399 3181 419 3222 a
440 3162 605 3227 sanctitate
627 3161 737 3224 senarii
755 3168 982 3240 argumentatur
1005 3157 1043 3220 ad
1089 3164 1104 3262 j

193 3270 346 3313 nnmerum
368 3269 424 3313 sex
450 3251 600 3312 coelorum
623 3248 785 3312 mobilium.
830 3251 910 3312 Nam
933 3249 983 3329 qni
1007 3248 1044 3310 de

193 3338 288 3419 ipsius
302 3339 403 3401 mnndi
418 3339 539 3401 conditu
553 3339 699 3419 disputat,
722 3357 780 3400 nou
799 3339 890 3400 debet
911 3336 1045 3399 :annues
1087 3342 1104 3383 ἱ

193 3428 232 3489 ab
245 3427 284 3490 iis
297 3426 427 3489 numeris
439 3427 559 3501 ducere,
583 3427 633 3507 qni
651 3446 689 3487 ex
702 3426 792 3488 rebus
810 3426 919 3488 mundo
937 3432 1045 3506 poste·
1087 3450 1105 3515 q

193 3515 321 3578 rioribus
343 3514 522 3595 dignitatem
546 3515 676 3595 aliquam
700 3514 802 3594 adepti
825 3517 950 3587 sonet)

282 3603 415 3665 Rursum
438 3602 498 3664 alio
520 3604 608 3664 modo
624 3603 788 3682 exploravi,
812 3608 912 3664 utrum
934 3620 992 3663 nou
1015 3600 1045 3663 in

194 3691 301 3753 eodem
328 3691 495 3771 quadrante
524 3691 670 3753 distantia
710 3688 870 3769 cujuslibet
905 3690 1046 3768 planetae

195 3780 236 3842 sit
257 3779 409 3841 residuum
433 3797 472 3839 ex
501 3778 583 3853 sinu,
617 3787 649 3841 et
676 3784 774 3840 motus
802 3777 867 3855 ejus
899 3777 940 3837 sit
965 3777 1045 3840 resi·

195 3868 285 3929 duum
307 3878 345 3928 ex
366 3867 434 3943 eJus
452 3866 662 3945 complementi
682 3867 759 3928 sinu.
797 3864 945 3943 elegatur
969 3883 1046 3944 qna·
1087 3882 1110 3932 c
1160 3892 1168 3903 =

195 3955 316 4015 dratnm
336 3954 407 4029 AB,
432 3974 452 4014 a
474 3954 697 4016 semidiametro
719 3953 812 4015 totins
835 3951 966 4013 universi
989 3949 1046 4013 ΑΟ
1095 3986 1103 3995 -
1236 4026 1243 4034 ¹

196 4043 388 4121 descriptum.
434 4041 483 4101 Ex
506 4042 616 4119 angulo
639 4042 730 4122 igitur
752 4042 779 4102 B
802 4039 867 4103 Soli
890 4038 955 4100 sive
982 4047 1086 4101 eeutm
1119 4040 1220 4103 mnndi
1242 4041 1274 4103 A
1303 4038 1443 4121 opposito
1472 4036 1551 4101 scri·

195 4131 285 4192 batur
307 4148 373 4192 cnm
396 4128 481 4193 radio
504 4127 734 4209 ecquaenam
758 4127 852 4190 GED.
893 4126 1011 4189 Deinde
1034 4127 1065 4188 in
1088 4147 1160 4190 vero
1182 4129 1284 4191 mnndi
1306 4128 1391 4190 radio
1414 4123 1471 4190 Ac
1495 4144 1552 4187 no·

195 4225 298 4279 tentur
320 4216 388 4294 Sol,
412 4218 489 4281 fixae
513 4227 545 4278 et
566 4218 689 4281 mobilia
711 4236 765 4297 pro
787 4217 905 4279 ratione
928 4214 1157 4279 distantiarum:
1182 4236 1201 4277 a
1224 4215 1330 4296 quibus
1354 4214 1473 4293 punctis
1496 4231 1554 4274 ex·

195 4305 326 4368 citantur
347 4314 459 4379 rectae,
483 4324 576 4386 usqne
600 4307 640 4367 ad
663 4306 822 4367 obversum
836 4302 900 4366 Soli
924 4304 1122 4383 quadrantem
1144 4311 1314 4383 porrectae.
1351 4301 1438 4373 Quae
1461 4299 1554 4379 igitur

195 4402 244 4455 est
274 4394 428 4474 proportio
461 4394 690 4473 parallelorum,
724 4393 850 4453 eandem
877 4390 999 4454 virtmis
1027 4391 1176 4453 moventis
1205 4391 1276 4453 linxi
1298 4409 1392 4471 penes
1416 4386 1553 4466 singulos

196 4483 345 4562 planetas.
384 4481 418 4542 In
434 4479 516 4543 Solis
536 4481 616 4543 linea
637 4480 770 4543 infinitas
792 4488 958 4561 permanet,
982 4479 1054 4559 qnia
1076 4478 1135 4540 AD
1158 4477 1295 4557 tangitur
1317 4496 1374 4539 non
1399 4482 1520 4538 secatur
1533 4495 1553 4536 a

196 4569 373 4649 quadrante.
409 4568 530 4630 Infinita
552 4568 645 4647 igitur
666 4569 713 4630 vis
735 4577 835 4631 motus
851 4568 881 4629 in
897 4567 979 4642 Sole,
1003 4584 1109 4645 nempe
1133 4565 1174 4626 nil
1196 4565 1256 4627 nisi
1277 4573 1379 4626 motus
1402 4563 1554 4642 ipsissimo

196 4664 276 4718 actu.
319 4657 352 4717 In
377 4655 527 4718 Mercurio
550 4656 667 4718 infinita
689 4656 771 4719 linea
792 4656 821 4716 in
846 4655 875 4716 K
899 4655 1036 4717 abscissa
1059 4659 1117 4717 est.
1156 4651 1258 4723 Quare
1281 4653 1346 4731 ejus
1370 4657 1469 4712 motus
1488 4650 1556 4729 jam

196 4751 245 4805 est
268 4744 306 4805 ad
326 4752 445 4805 eeteros
459 4742 679 4822 comparabilis.
714 4744 748 4805 ln
773 4743 839 4804 tris
863 4743 976 4804 amisse
998 4747 1048 4803 est
1069 4740 1190 4802 omnino
1211 4739 1301 4813 linea,
1325 4746 1358 4800 et
1380 4754 1555 4815 compressa

195 4831 225 4895 iu
249 4849 363 4894 merum
386 4836 529 4914 punctum
553 4830 589 4897 0.
635 4831 728 4895 Nulla
762 4829 852 4917 igitur
881 4830 923 4893 rbi
954 4830 1050 4897 virtus
1078 4828 1116 4890 ad
1144 4833 1267 4893 motum.
1311 4826 1377 4889 Hoc
1400 4823 1556 4886 theorema
